4020 6022
803 220 856 278 DE
874 216 1074 281 cenwald.
1745 234 1785 292 79

86 384 129 431 ter
152 373 338 441 emansisse,
364 377 417 431 sed
445 383 521 432 mma
550 377 634 432 citato
657 378 817 448 ccnpnbm
838 377 923 432 rerba
950 378 1064 432 tuente
1078 377 1160 448 filiae
1175 380 1351 448 comedim,
1380 381 1408 436 si
1424 380 1574 451 indipnum
1597 383 1722 438 marmus
1742 382 1787 438 eei

83 463 239 532 protulisse
256 478 418 528 cmmemores,
444 462 511 519 licet
534 465 629 519 ansino
653 465 844 536 dissestiront,
869 481 924 518 non
950 471 1058 536 turpem
1080 467 1263 535 mansuesci
1280 473 1367 535 pater
1386 467 1480 536 stipat.
1518 467 1590 523 Item
1607 467 1626 523 l.
1647 468 1677 524 Si
1694 474 1782 540 patre,

86 550 182 603 mmm
211 550 380 620 deneganda
410 557 450 603 est
480 550 636 609 audientia.
682 551 743 606 Sed
773 555 808 606 de
840 551 923 606 mata
951 555 992 608 22.
1010 551 1041 611 ff.
1059 552 1094 607 ds
1113 553 1157 608 rie
1172 559 1267 625 nupt:
1286 554 1322 608 Si
1333 561 1419 624 putre
1436 561 1549 623 coteste
1568 556 1647 610 ducit
1663 571 1786 624 cruorem,

86 642 160 689 metu
187 642 229 689 cst
256 653 319 689 cum
344 634 496 704 dilipentia
526 636 734 706 inquirendum,
761 644 787 691 et
813 638 841 692 si
857 638 925 692 talis
951 654 1035 707 queam
1052 656 1108 694 non
1125 640 1253 710 amera,
1276 641 1303 694 si
1320 642 1367 695 sesi
1386 642 1502 696 arbitrii
1525 648 1610 711 essct,
1642 644 1783 698 ecnmamt

87 729 173 776 metm
190 723 351 776 inueniatur
368 721 482 791 illatus,
504 723 554 792 qui
573 725 669 792 potuit
693 726 796 778 cedma
813 724 843 778 in
861 741 924 778 con·
951 732 1044 779 tamm
1060 725 1285 790 matrimomiun,
1314 729 1391 797 quod
1419 729 1494 782 inter
1517 729 1620 783 mcitos
1644 747 1700 785 non
1720 747 1784 784 con-

86 815 204 861 uanum
230 809 335 878 cirum,
361 815 442 862 emat
469 809 685 863 necimmerito
712 811 881 867 audiendae.
905 810 923 865 l.
950 811 1083 876 trahitur,
1098 811 1233 866 maluisse
1251 813 1302 866 toa
1319 813 1439 870 uidetur.
1476 811 1567 886 Leges
1589 813 1683 871 civiles
1702 816 1784 871 etiam

88 892 165 949 Nihil
183 892 338 949 consensui.
359 899 414 950 rto.
433 893 463 948 in
482 911 524 965 pr.
543 893 578 951 de
597 895 631 948 R.
649 894 694 962 ‚ht
712 895 796 951 Nihsi
813 912 923 951 consen
952 896 998 952 hic
1017 897 1195 970 distingamt
1215 897 1288 953 inter
1303 897 1392 954 filium
1409 904 1439 955 ot
1453 898 1665 958 filiumfamilias.
1696 901 1785 957 Filius

86 981 133 1034 sui
149 987 207 1034 tam
233 981 407 1035 contrarium
426 988 466 1035 est
494 997 579 1050 quam
607 982 651 1036 ais
667 998 702 1036 aa
718 991 820 1053 metus,
845 1000 925 1054 mrem
950 999 1006 1039 non
1027 991 1120 1055 potest
1148 985 1211 1056 cogi
1229 983 1439 1040 adducendam
1457 1001 1531 1056 eam,
1563 1002 1646 1058 quam
1667 995 1785 1057 moueat,

86 1068 269 1138 comprobare
290 1075 390 1122 contra
408 1069 495 1122 honos
513 1085 604 1123 mores
625 1076 671 1122 cst.
708 1067 855 1142 Oonjunge
873 1077 924 1126 tot.
951 1070 1011 1126 lilia
1027 1077 1121 1127 autem
1138 1071 1293 1127 consentin
1304 1072 1427 1144 cogitur,
1452 1074 1476 1129 si
1494 1079 1575 1144 pater
1591 1089 1652 1129 eam
1669 1072 1785 1130 honesto

86 1154 128 1209 tit.
149 1153 181 1209 ff.
202 1158 232 1208 et
248 1151 280 1208 C.
315 1152 398 1218 Quod
417 1159 482 1207 met.
501 1169 577 1212 caus.
598 1159 670 1226 gest.
687 1153 924 1227 Distinguendum
951 1157 1011 1212 viro
1036 1157 1216 1228 despondeat
1243 1157 1262 1214 l.
1289 1174 1341 1213 nec
1367 1157 1463 1215 hlium.
1485 1159 1504 1214 l.
1530 1175 1586 1215 non
1609 1160 1724 1231 cogitur.
1750 1159 1785 1214 dc
1887 1184 1890 1188 ·

86 1247 179 1295 tamen
208 1239 298 1311 primo
330 1240 405 1293 inter
434 1248 535 1294 mettim
561 1241 671 1311 justum
699 1241 758 1313 (qni
782 1242 870 1298 oritur
890 1259 924 1297 ex
949 1243 994 1299 rit
1011 1249 1090 1315 nupt
1131 1241 1316 1316 Distinguunt
1338 1244 1453 1316 insuper
1476 1245 1549 1300 inter
1567 1260 1670 1300 emmas
1687 1253 1786 1314 metra,

87 1326 302 1394 comminatione
321 1343 434 1392 eorum,
460 1343 532 1400 quae
548 1330 612 1398 jure
631 1344 664 1382 ac
681 1328 779 1384 merito
799 1329 861 1400 quis
880 1345 925 1384 ex·
951 1334 983 1385 ut
1014 1331 1075 1400 eJ'us
1105 1330 1225 1401 qushtas
1254 1339 1283 1386 et
1316 1331 1480 1403 magnitudo
1516 1331 1618 1387 rectius
1646 1328 1785 1386 autimari

88 1411 233 1482 bonescit,
253 1412 348 1484 qualia
365 1418 432 1468 eunt
448 1431 536 1484 mors,
555 1412 694 1470 uectatus
712 1415 847 1486 corporis,
865 1431 923 1470 car·
950 1417 1046 1487 possit.
1083 1416 1222 1471 heddius
1240 1416 1313 1472 enim
1332 1417 1417 1473 isrel
1429 1417 1564 1472 diotbitus
1581 1434 1648 1472 casu
1662 1417 1784 1489 quodam

88 1494 155 1567 cer,
176 1506 328 1566 tormenta,
357 1501 469 1556 amissio
497 1500 632 1557 bonorum
651 1501 696 1556 rel
721 1502 853 1571 omnium,
879 1502 924 1557 vel
950 1502 1071 1569 fortuito,
1090 1501 1135 1559 vel
1152 1503 1326 1568 humanitus,
1344 1502 1429 1575 idque
1446 1502 1491 1559 sel
1509 1518 1527 1558 a
1544 1503 1720 1573 magistratu,
1738 1504 1782 1559 rsl

89 1584 226 1641 maximae
243 1587 345 1658 partis,
371 1587 527 1658 periculum
548 1586 708 1658 pudicitiae.
761 1587 923 1645 scholastici
950 1589 1160 1662 aparentibus,
1190 1590 1236 1645 vsl
1255 1589 1292 1646 ab
1307 1606 1339 1644 se
1357 1590 1408 1659 pai
1424 1589 1668 1658 desponsationem
1685 1591 1780 1644 ambit.

89 1672 310 1745 complectuntur
329 1689 363 1727 ea
380 1672 433 1729 hoc
450 1673 600 1729 versiculo:
950 1674 980 1732 Si
999 1690 1066 1730 essu
1084 1675 1200 1731 samnito
1219 1676 1351 1731 divinitus
1369 1675 1521 1730 incutiatur
1538 1682 1636 1743 metue,
1654 1675 1785 1730 videlicet

173 1794 275 1865 iu*
290 1795 348 1850 “³²⁶
364 1802 454 1850 ‘'w‘'
470 1795 592 1850 ‘’tlt“
609 1803 692 1867 “t“
709 1795 813 1866 ’Μ
950 1760 1785 1920 &admittuntltpttitlffll

1096 1889 1104 1918 t
1229 1890 1237 1915 r
1364 1890 1371 1915 r
1778 1890 1784 1903 ·

89 1938 117 1988 et
133 1932 209 1987 inter
226 1936 327 1986 metum
344 1949 448 1986 uanum
463 1949 497 1986 aa
515 1933 672 1997 leviculum,
690 1933 739 2005 qui
751 1933 859 1990 exsistit
869 1950 925 1989 non
951 1941 1019 1990 tunc
1040 1935 1181 2006 sponsalia
1195 1951 1252 1990 nou
1271 1935 1426 1991 redduntur
1446 1935 1537 1999 irrita,
1562 1935 1628 2007 quis
1652 1934 1676 1988 is
1694 1938 1784 1991 metus

89 2035 197 2087 eorum,
224 2017 272 2088 qui
299 2023 474 2082 metuuntur,
504 2018 555 2073 esd
579 2017 702 2089 illorum,
727 2020 775 2091 qui
798 2027 925 2076 metuunt
951 2021 988 2076 ad
1017 2021 1095 2076 illum
1124 2027 1217 2076 actum
1248 2022 1402 2092 sponsionis
1428 2021 1606 2077 efficiendum
1630 2035 1686 2074 non
1706 2027 1784 2076 esta

90 2104 179 2176 culpa
220 2103 282 2160 Non
307 2104 380 2159 euim
398 2104 550 2175 posterior,
574 2104 624 2160 sed
641 2105 717 2177 prior
736 2106 814 2162 irrita
833 2107 925 2163 reddit
951 2108 1012 2163 Deo
1034 2107 1136 2163 illatus.
1181 2107 1210 2164 Si
1239 2109 1419 2180 magistratus
1449 2108 1589 2179 potentior
1610 2112 1715 2164 metum
1742 2107 1783 2161 in-

90 2190 239 2263 sponsalia
278 2188 407 2245 Secundo
423 2190 496 2246 inter
511 2197 612 2244 metum
626 2207 730 2258 comm,
748 2193 797 2264 qui
812 2193 841 2248 in
859 2209 924 2249 con·
951 2196 1051 2264 cutiat,
1084 2194 1114 2249 in
1137 2193 1287 2265 majoribus
1303 2193 1453 2249 habebitur
1471 2196 1565 2265 justus
1593 2199 1698 2261 metus,
1727 2210 1784 2248 non

91 2284 209 2333 stantem
226 2277 316 2331 viram
334 2277 424 2347 eadit,
452 2293 485 2332 ac
503 2285 604 2332 metum
620 2279 843 2342 acerentinum,
870 2293 924 2332 uon
952 2286 1045 2336 autem
1068 2280 1097 2335 in
1121 2279 1281 2337 minoribus.
1330 2280 1360 2335 Si
1378 2287 1507 2350 parentes
1525 2287 1627 2335 motum
1654 2277 1784 2348 utemur,

90 2365 161 2420 enim
192 2363 253 2431 hic,
283 2363 332 2418 sed
359 2363 408 2419 ille
433 2368 542 2419 tantum
572 2365 689 2436 impedit
713 2362 925 2432 matrimonium,
950 2365 1046 2421 itidem
1064 2364 1290 2436 distinguendum
1307 2365 1379 2420 inter
1397 2366 1489 2419 minas
1504 2374 1629 2433 atroces,
1648 2369 1745 2436 utpote
1760 2365 1784 2420 si

90 2467 138 2507 nec
155 2450 249 2504 minas
266 2449 354 2503 litere
371 2449 543 2504 consensisse
561 2451 762 2521 intellipcndus
781 2457 821 2503 est
838 2449 925 2517 titisse,
952 2459 1082 2521 mortem,
1103 2452 1232 2521 verbera,
1258 2451 1521 2508 exhereditationem
1540 2459 1591 2506 ste.
1611 2457 1640 2507 et
1656 2453 1783 2515 leuiores,

89 2539 167 2607 qaod
192 2553 225 2590 aar
251 2536 409 2590 reuerentia
436 2553 506 2605 erpo
519 2546 635 2607 patrem
653 2537 835 2604 consenserit,
865 2535 882 2591 l.
902 2536 926 2589 si
952 2540 975 2594 si
993 2545 1136 2611 paternam
1154 2538 1373 2610 indignationem
1385 2539 1530 2595 minentur.
1560 2537 1784 2608 Idsmjudicium

89 2628 176 2695 patre.
204 2628 245 2678 22.
268 2620 300 2677 ff.
322 2622 358 2676 de
383 2621 427 2678 rit.
443 2628 521 2693 nupt.
542 2623 726 2678 Bellsrminus
744 2623 780 2678 de
804 2619 924 2676 matrim.
952 2627 988 2682 de
1004 2626 1146 2690 violentia,
1164 2642 1248 2697 quam
1266 2642 1366 2697 procus
1384 2626 1429 2682 vel
1447 2643 1497 2696 per
1514 2625 1605 2696 ipsum
1618 2624 1785 2690 immediate,

88 2728 111 2766 e.
133 2716 173 2766 19.
193 2709 268 2764 circa
285 2707 331 2764 tin.
352 2708 458 2779 protere
474 2707 527 2764 hac
545 2709 581 2764 de
599 2727 630 2764 re
650 2708 856 2764 distinctionem
869 2724 925 2762 non
951 2713 996 2768 rel
1013 2729 1064 2784 per
1079 2713 1163 2767 alium
1181 2712 1303 2768 mediate
1315 2711 1399 2768 infert
1435 2710 1596 2768 Notandum
1612 2710 1695 2767 etiam
1707 2710 1785 2779 illud,

89 2797 327 2854 contemnendam.
368 2796 470 2849 Tribus
487 2798 579 2850 modis
595 2795 706 2868 (iuquit)
724 2795 848 2865 intellipi
859 2802 924 2863 pot·
951 2799 1027 2871 quod
1044 2814 1153 2869 semper
1169 2797 1315 2853 habendus
1337 2798 1374 2852 sit
1395 2804 1537 2869 respectus
1562 2814 1618 2852 non
1641 2796 1731 2852 solum
1748 2797 1785 2851 ad

89 2893 137 2953 est,
152 2892 185 2939 ut
199 2892 287 2953 pater
306 2883 420 2937 dicatur
432 2882 527 2953 filium
543 2899 642 2954 cogere
658 2886 700 2936 ad
709 2882 925 2937 matrimonium.
951 2902 1008 2952 eos,
1028 2885 1076 2957 qui
1093 2885 1150 2939 rim
1166 2884 1296 2954 inferent,
1314 2890 1343 2940 st
1360 2885 1397 2940 ad
1416 2885 1526 2954 objecta
1542 2883 1601 2938 sire
1619 2883 1718 2952 media,
1736 2899 1786 2954 per

89 2975 120 3026 l.
134 2972 170 3026 Ut
195 2970 286 3036 tilium
305 2970 394 3040 plane
420 2971 629 3024 dissentientem
651 2978 678 3023 et
701 2969 818 3023 inritum
844 2976 926 3039 ceput
952 2988 1024 3045 quae
1041 2973 1084 3026 ris
1102 2970 1220 3026 infertur
1239 2979 1269 3027 at
1284 2987 1401 3042 quarum
1421 2987 1511 3025 rerum
1532 2969 1707 3025 comminatio
1723 2987 1786 3040 pro·

88 3060 179 3113 mirere
204 3074 266 3111 eum
289 3057 404 3127 mque,
432 3074 517 3126 quam
542 3058 609 3111 uelit
632 3057 693 3126 eius
719 3072 832 3110 nuaram
857 3072 925 3120 esse,
951 3058 1072 3130 panitur,
1092 3058 1142 3113 sed
1161 3057 1245 3113 etiam
1262 3064 1291 3111 et
1305 3056 1416 3128 quidem
1434 3056 1593 3126 cumprimis
1606 3057 1643 3111 ed
1659 3073 1716 3121 eos,
1736 3056 1784 3128 qui

90 3152 116 3198 et
134 3145 188 3199 hoc
205 3162 262 3199 non
277 3150 372 3212 potest
388 3144 469 3212 tisri,
488 3151 516 3196 ct
533 3144 561 3197 si
577 3144 642 3213 rtet,
661 3143 867 3197 matrimonium
884 3150 925 3196 est
951 3144 1007 3199 rim
1034 3133 1186 3212 suidnsnt,
1215 3144 1290 3214 quod
1318 3142 1392 3197 enim
1418 3143 1448 3196 in
1474 3142 1534 3197 viro
1548 3143 1655 3212 justum
1680 3149 1784 3198 metum

90 3231 208 3287 adium.
246 3233 275 3284 2.
300 3230 334 3284 Ut
350 3229 439 3295 fitium
468 3230 602 3284 assmuiri
623 3237 704 3298 copat
731 3230 835 3299 injecta
853 3238 925 3284 metu
953 3229 1063 3287 silicem
1087 3247 1142 3285 non
1165 3235 1274 3300 posset,
1296 3229 1325 3282 in
1342 3227 1451 3283 feminis
1477 3233 1578 3283 natura
1600 3228 1785 3284 timidioribus

91 3320 192 3374 martie
215 3326 265 3372 aut
289 3318 349 3372 atio
375 3319 494 3372 eudemo
518 3317 550 3369 in
569 3325 738 3371 constantem
763 3317 868 3384 sinent,
898 3323 924 3369 et
952 3332 1016 3374 eum
1033 3316 1144 3373 efficere
1163 3315 1274 3386 polerit
1305 3314 1431 3370 Porisma
1448 3313 1705 3386 hujnsassertionis
1720 3321 1786 3382 esto,

88 3407 139 3460 hoc
157 3406 242 3460 etiam
256 3405 339 3474 patri
358 3404 471 3471 minime
486 3405 557 3458 licet.
599 3405 698 3474 Nepae
717 3403 926 3457 matrimonium
952 3404 1027 3478 quod
1052 3410 1182 3475 perantes
1204 3418 1261 3457 non
1285 3399 1406 3457 debeant
1428 3401 1473 3456 rel
1492 3402 1719 3472 aucupandaram
1744 3402 1786 3455 di·

83 3493 166 3563 ttae
189 3499 261 3545 essm
283 3497 393 3558 ratum,
421 3491 553 3559 quonium
575 3491 618 3544 ad
640 3490 849 3544 matrimonium
867 3506 924 3542 non
951 3492 1089 3559 vitianum,
1107 3489 1154 3544 rel
1164 3494 1338 3544 externorum
1356 3488 1563 3543 commodorum
1581 3504 1667 3542 causa
1682 3487 1784 3544 liberos

88 3579 178 3634 solens
204 3594 366 3646 eonmnsrss,
395 3578 447 3631 sset
475 3576 561 3630 etiam
591 3593 740 3631 centennis
767 3577 925 3630 liberrimus
950 3579 1034 3651 plane
1062 3576 1164 3631 inritos
1195 3591 1229 3629 sc
1255 3581 1444 3647 repugnantes
1473 3591 1585 3646 cogere,
1618 3590 1675 3646 qua
1700 3574 1736 3628 de
1755 3588 1785 3628 re

88 3664 313 3720 merciensium
331 3663 464 3732 stipitum,
493 3681 557 3717 cum
573 3662 781 3717 matrimonium
803 3664 840 3717 sit
865 3664 923 3716 rin·
950 3665 1033 3738 plura
1047 3663 1167 3719 diximus
1186 3663 1328 3734 superius,
1357 3662 1407 3718 ubi
1426 3662 1544 3718 liberum
1563 3661 1785 3717 contrahentium

88 3750 182 3804 Mam
202 3758 372 3822 perpetuum
391 3757 419 3804 et
442 3757 548 3803 nutura
573 3766 627 3803 sese
655 3749 871 3804 temulentiam
898 3757 925 3803 et
951 3767 1114 3808 comeum
1130 3750 1160 3804 in
1176 3749 1281 3821 nuptiis
1298 3750 1363 3819 jure
1379 3748 1473 3803 dirino
1494 3753 1523 3804 et
1540 3746 1662 3802 humano
1680 3747 1785 3817 requiri

89 3837 247 3892 amicitiam
265 3853 379 3906 mmque
396 3853 532 3890 summam
548 3835 684 3906 requirat.
727 3838 753 3890 3.
776 3837 809 3890 Ut
834 3836 923 3898 filium
950 3837 1130 3894 ostendimus

89 3927 131 3978 ad
160 3924 369 3978 assentiendum
396 3923 514 3976 inducat
538 3923 708 3976 auctoritate
725 3929 850 3991 paterna
874 3923 924 3976 s'rn·
989 3929 1044 3979 120.
1079 3921 1122 3976 Ex
1142 3937 1188 3985 so,
1218 3920 1294 3992 quod
1312 3919 1431 3974 liberum
1449 3925 1509 3975 tum
1534 3921 1656 3992 partium
1676 3928 1784 3976 contra·
1798 3935 1831 3974 ns
1846 3940 1915 3983 rapu.

85 4013 234 4082 peranda,
263 4012 378 4080 meando
395 4025 427 4063 re
445 4027 513 4063 ocra
530 4007 590 4074 titio
608 4010 643 4062 id
658 4009 803 4077 conducit,
828 4009 871 4063 ita
893 4015 924 4061 ut
951 4010 1084 4074 hortium,
1096 4014 1156 4064 tum
1174 4023 1277 4076 serum,
1295 4008 1324 4062 in
1342 4023 1460 4079 quorum
1476 4014 1616 4080 potestate
1626 4013 1700 4074 aunt,
1718 4024 1783 4062 con·

88 4100 242 4154 meandum
259 4104 365 4151 rectam
380 4097 520 4151 rationem
538 4096 689 4150 disserttira
707 4113 764 4149 nan
776 4096 882 4166 possit,
899 4103 925 4149 et
952 4112 1061 4152 mesum
1086 4095 1123 4150 sd
1148 4095 1240 4165 justas
1267 4098 1296 4149 et
1321 4093 1461 4165 legitimas
1485 4095 1597 4165 nuptias
1622 4092 1726 4165 requiri
1750 4110 1784 4147 ac

89 4183 377 4254 impunitione
404 4183 481 4248 tilius
498 4182 612 4236 obedire
629 4189 746 4237 temtor.
797 4185 837 4237 Et
860 4182 925 4236 iicet
950 4182 1073 4239 libertati
1108 4197 1258 4237 consensus
1297 4179 1506 4236 matrimonialis
1544 4180 1693 4235 violentem
1730 4195 1783 4234 co·

88 4273 141 4326 boe
163 4271 250 4326 etiam
271 4270 308 4323 sit
328 4286 380 4322 eue
402 4269 486 4323 modo
513 4285 611 4337 cepere
638 4276 665 4322 et
682 4276 783 4323 metum
801 4269 926 4323 incutere
952 4270 1087 4324 achonem
1111 4265 1252 4322 sdvmsdm
1271 4266 1404 4335 diximus,
1433 4266 1517 4323 facile
1540 4267 1691 4338 colligitur,
1720 4284 1783 4320 cunr

88 4360 185 4413 norm
205 4365 346 4424 acturae,
365 4373 421 4409 non
441 4363 532 4410 tamen
544 4362 698 4427 propterea
717 4355 924 4410 matrimonium
951 4370 1087 4410 consensu
1114 4352 1238 4424 legitimo
1272 4368 1307 4407 sc
1335 4351 1423 4407 libero
1454 4352 1484 4407 in
1512 4351 1616 4422 nuptiis
1652 4351 1785 4424 requisito

90 4445 168 4499 tusa
195 4444 336 4498 &cerem
360 4450 485 4497 coamenti
500 4459 590 4512 neque
613 4442 725 4496 irritum
743 4450 827 4510 esset,
857 4442 925 4510 quia
952 4448 1072 4497 extreme
1091 4455 1217 4511 pugnare
1234 4446 1357 4508 raptum,
1376 4454 1462 4509 quem
1482 4437 1636 4511 definiunt,
1656 4440 1730 4509 quod
1749 4439 1786 4493 sit

89 4539 179 4584 metus
203 4529 254 4583 itte
276 4528 417 4598 gehennae
443 4547 498 4582 nan
519 4528 639 4600 proprie
659 4528 792 4581 incutitur
805 4529 847 4581 od
864 4528 923 4587 boc,
952 4527 1062 4582 aetneis
1078 4527 1196 4581 humani
1213 4525 1343 4595 corporis
1358 4525 1389 4578 ui
1405 4532 1431 4578 et
1447 4524 1577 4579 libidinis
1590 4542 1678 4579 causa
1688 4527 1785 4592 facto.

89 4625 123 4671 at
141 4617 194 4670 iste
212 4631 326 4669 urrerem
344 4617 446 4683 simet,
463 4617 515 4669 secl
527 4632 583 4685 per
600 4631 630 4669 se
648 4615 826 4683 oomequitur
838 4629 924 4683 prae·
951 4612 1090 4668 hlolradus
1119 4613 1155 4668 de
1171 4611 1288 4667 metrim
1308 4630 1336 4682 p.
1356 4617 1418 4667 127:
1438 4613 1550 4681 Raptrse
1569 4617 1617 4680 est,
1636 4628 1698 4664 esen
1720 4612 1785 4680 quis

88 4703 165 4772 cepti
192 4701 451 4769 transgressionem.
498 4700 542 4756 De
568 4701 656 4772 prima
681 4707 710 4757 et
734 4700 856 4756 mcunda
878 4716 924 4755 co·
951 4700 1084 4754 honestae
1094 4700 1199 4767 saraae
1215 4700 1355 4765 seminam
1367 4698 1526 4767 mucuirpo,
1544 4698 1709 4767 sioecidua,
1728 4699 1784 4753 siue

38 4857 42 4866 ι
87 4789 208 4845 actionis
231 4787 324 4859 speeie
347 4787 408 4861 agit
424 4788 442 4843 l.
483 4787 546 4845 Non
567 4789 682 4860 cogitur.
707 4794 748 4844 21.
770 4789 800 4843 ff.
827 4786 924 4842 derit.
951 4785 1084 4840 monialis
1101 4786 1155 4854 sit,
1180 4786 1277 4840 inviis
1295 4786 1368 4853 iltis,
1394 4802 1510 4855 aaronem
1530 4785 1560 4837 in
1575 4792 1713 4854 potestate
1736 4795 1785 4853 est,

23 4989 72 5034 tta
87 4962 195 5028 Quodn
223 4979 289 5034 ergo
316 4967 445 5033 parentes
472 4978 536 5017 eum
558 4961 586 5014 vi
611 4978 711 5034 cogere
729 4965 758 5016 et
780 4958 925 5031 tyrannice
951 4958 1012 5014 tria
1044 4963 1069 5017 l.
1089 4958 1241 5027 objectum,
1259 4957 1289 5012 in
1307 4957 1527 5030 quibusscilicet
1544 4957 1669 5029 personis
1689 4966 1785 5030 raptus

85 5065 173 5122 agere
187 5044 283 5116 velint,
302 5064 347 5104 res
362 5048 567 5104 deferendacst
584 5047 621 5102 ad
635 5047 833 5120 magistratum,
845 5047 925 5117 eujus
952 5045 1149 5100 committatur.
1198 5043 1355 5115 Rapiuntnr
1378 5061 1434 5098 non
1457 5049 1567 5099 mntem
1592 5045 1702 5116 puellae
1731 5046 1785 5100 vir·
1892 5064 1896 5073 ·

87 5139 135 5191 est
160 5150 276 5189 causam
308 5134 446 5190 discutere
480 5139 508 5190 et
535 5133 640 5203 tilium,
671 5134 693 5188 si
719 5133 802 5189 nimis
825 5132 925 5188 acerbe
952 5131 1031 5203 gines
1056 5130 1187 5189 honestae
1210 5132 1253 5186 rel
1279 5132 1423 5202 ingenuae,
1449 5129 1515 5186 sive
1525 5134 1585 5202 jam
1604 5130 1785 5202 desponsatae

85 5227 239 5296 prematur,
255 5220 293 5275 ab
312 5221 418 5292 injusta
436 5221 567 5277 violentia
586 5220 743 5277 defendere.
781 5221 826 5275 De
844 5220 926 5275 tertia
952 5218 1064 5288 fucum,
1083 5218 1140 5274 sire
1160 5234 1224 5287 non,
1244 5217 1288 5272 rel
1306 5215 1447 5287 quaelibet
1462 5216 1564 5273 viduae
1574 5217 1701 5287 feminae,
1720 5218 1786 5272 licet

85 5306 242 5364 coacdcnis
266 5307 358 5378 speeie
382 5307 449 5378 agit
475 5308 492 5362 l.
530 5306 586 5363 Sed
611 5322 684 5379 quse
703 5306 733 5361 ff.
759 5307 924 5377 desponsa·
951 5304 1099 5360 libertinae
1118 5304 1163 5359 rel
1181 5320 1278 5359 samse
1296 5301 1404 5358 eliense
1423 5304 1494 5374 sint,
1510 5304 1560 5360 sed
1580 5305 1663 5360 etiam
1681 5311 1784 5375 nuptae

84 5392 176 5449 libne:
191 5393 524 5464 staepotrisoolsmtati
539 5399 757 5463 nonrepnpnet,
770 5394 925 5448 comanis
951 5390 1088 5462 mulieres,
1107 5405 1224 5464 quuum
1242 5395 1370 5462 raptores
1386 5390 1490 5464 duplici
1512 5398 1642 5448 mnentur
1661 5391 1783 5459 crimine,
1825 5394 1844 5453 '‚

82 5481 262 5552 inteltipitur.
295 5481 373 5535 Teate
390 5487 482 5535 antem
497 5480 589 5536 solam
606 5498 625 5535 a
639 5486 726 5552 petre
738 5478 926 5535 messuisset
949 5487 1007 5535 mm
1026 5478 1156 5535 adultedi
1173 5477 1291 5548 seilicet,
1308 5495 1394 5550 quam
1412 5486 1550 5551 rapturae
1591 5477 1735 5554 Quinimo
1753 5476 1783 5532 in
