4020 6022
783 276 1052 334 nnconuuaro.
1695 276 1759 345 'ter

64 434 190 503 Propter
202 434 421 500 fornicationes,
441 433 548 489 scilicet
565 434 702 500 vitandas,
723 434 824 487 babeat
842 433 917 505 spui-1
930 450 992 485 mres
1003 434 1131 502 juvenes,
1149 436 1202 487 sed
1217 434 1334 489 scientes
1345 436 1474 499 fornacis
1487 435 1652 503 incenditur,
1668 433 1763 506 prius-

65 519 134 573 lilet
152 536 268 573 amorem
290 538 372 574 mam
395 528 421 573 ct
445 521 587 589 armelibet
611 521 704 573 uirum
721 538 810 573 suum.
849 516 1014 631 lsi-*artam
1038 521 1201 574 lubidinibus
1220 521 1415 589 involvantur,
1440 524 1601 576 susumus
1618 538 1666 575 eor
1678 522 1765 590 juna

66 604 163 674 quitur
182 606 324 675 apostolus
342 605 370 659 in
397 605 498 675 plurali
518 606 555 659 ad
574 606 763 661 denotandum
782 605 902 675 quodvis
914 644 917 689 Ι
931 604 1019 674 lepem
1034 608 1094 660 Dei
1106 608 1213 676 nuptiis
1224 608 1367 675 coprelare,
1384 615 1414 659 nt
1431 614 1457 659 et
1470 608 1667 661 continentiam
1683 624 1764 660 suem

65 689 181 745 illicitae
197 690 317 745 Veneris
337 708 425 763 genus
449 698 479 746 et
503 691 631 761 quamvis
649 691 825 745 libidinosam
844 693 1090 761 cor-tautods'cnt
1136 694 1298 763 ediumque
1346 695 1478 746 damam
1521 694 1655 748 lasciuae
1695 708 1764 746 usae

65 774 142 845 poris
161 776 360 846 pollutionem,
383 794 418 831 ne
438 776 491 831 sibi
510 776 703 839 blandiantur,
723 775 771 847 qui
790 792 807 828 a
825 766 1064 847 femi-¹bcbeant,
1090 780 1215 833 remedie
1243 780 1325 834 illinc
1349 788 1453 846 sumto,
1480 787 1511 832 ut
1531 780 1642 848 possim
1657 766 1764 832 ¹carnis

64 876 164 914 uarum
181 862 327 932 complexu
349 862 402 916 sibi
421 868 578 932 temperant
601 868 688 933 atque
714 862 822 917 interim
842 861 903 915 libi·
930 864 1657 936 indemitesmotusreprimercetpoeuameffnpere.
1685 865 1763 921 ldem

66 946 142 1001 dinis
157 947 275 1003 flammis
287 948 352 1003 victi
370 949 510 1003 mollitiem
523 948 628 1003 aliosve
646 947 757 1003 illicitos
775 963 903 1018 congres-
930 947 959 1001 in
977 949 1056 1021 epist.
1068 951 1105 1005 ad
1118 951 1253 1022 Philippa
1270 950 1303 1005 οὐ
1322 950 1440 1006 δύνασαι
1461 952 1660 1022 annueretur,
1677 952 1766 1012 ἓξεοιί

65 1050 113 1087 sus
128 1040 278 1091 sectenmr.
310 1034 351 1091 Ut
361 1052 429 1106 ergo
442 1035 491 1100 illi,
509 1035 558 1105 qui
570 1034 704 1105 peculiari
715 1034 903 1089 continentiae
914 990 918 1081 i
930 1050 973 1088 cor
991 1044 1102 1106 γαμεῖν.
1121 1038 1150 1092 in
1168 1037 1229 1092 libr.
1247 1038 1282 1094 de
1293 1038 1380 1109 virg.:
1400 1034 1485 1104 liber
1501 1037 1555 1110 μὲν
1573 1036 1588 1091 ἀ
1607 1036 1697 1111 γάμος
1716 1042 1761 1091 καὶ

65 1118 140 1173 dono
160 1119 289 1175 instructi
310 1139 364 1175 uon
385 1128 463 1187 suut,
488 1123 627 1175 retineant
644 1121 744 1175 bonam
761 1120 901 1175 οοοεσίοιι-
915 1116 917 1173 s
930 1123 1108 1186 rationator
1127 1124 1233 1189 ἕνεκεν,
1252 1127 1345 1196 πολλῷ
1362 1126 1394 1180 δὲ
1410 1128 1497 1180 nitor
1513 1122 1584 1196 ὑπὲρ
1602 1124 1651 1177 τοῦ
1667 1126 1761 1191 σβίσαι

65 1204 135 1259 tiam
160 1223 212 1261 nee
239 1207 267 1261 in
293 1207 436 1277 perpetuis
453 1207 610 1261 ustionibus
628 1207 736 1273 vivant,
759 1207 789 1261 in
811 1186 979 1275 matri-'ria
996 1209 1307 1283 τῆςφάσεωςπύρασιν.
1336 1210 1374 1265 Et
1391 1217 1503 1282 postea:
1523 1207 1647 1263 Kalend
1663 1207 1763 1279 γάμος,

65 1291 160 1346 monio
185 1307 232 1347 cos
256 1293 349 1347 vivero
370 1292 462 1362 jubet.
490 1311 517 1349 v.
539 1298 570 1347 3:
601 1294 690 1347 erri
713 1293 757 1346 uir
783 1293 904 1347 ἀοάίίοια
930 1293 970 1348 bu
984 1295 1016 1349 lu
1032 1294 1201 1371 σωφροσύνῃ
1214 1297 1264 1351 τὸν
1274 1296 1366 1367 ἀνδρα
1382 1299 1506 1373 διατηρεῖ
1513 1299 1560 1349 ναὶ
1579 1296 1631 1351 abr
1647 1295 1765 1367 ἀφίησιν

65 1377 285 1431 ἀσοοοοίοοίίοοε
302 1380 421 1440 reddat,
441 1379 572 1432 similiter
586 1386 679 1433 autem
697 1388 723 1432 et
742 1397 813 1432 uxor
832 1380 903 1434 uiro.
930 1384 968 1442 clf
992 1388 1128 1455 πορνείαν
1150 1387 1373 1439 amaricantium
1403 1381 1575 1448 ἀποθανεῖν,
1601 1381 1640 1450 μὴ
1668 1387 1764 1437 τοίνυν

65 1463 99 1517 In
119 1462 229 1518 Graeco
254 1474 297 1519 est
323 1461 498 1531 ἀοοδιάἰαω,
526 1471 558 1518 ut
579 1462 751 1534 exprimatur
778 1470 904 1519 mutuum
931 1466 1017 1524 αὐτὸν
1035 1468 1176 1544 διαράίῃς.
1195 1470 1248 1541 ἔχει
1267 1468 1322 1543 γάρ
1339 1470 1412 1523 noli
1431 1470 1461 1524 rb
1481 1472 1577 1542 αίράος
1595 1470 1646 1524 οὐκ
1660 1468 1761 1523 terre

65 1550 137 1605 illud
156 1550 291 1612 debitum,
309 1565 365 1619 quo
380 1550 462 1619 juxta
476 1549 600 1621 coniugii
619 1550 697 1621 leges
714 1550 768 1605 sibi
786 1550 903 1605 invicem
928 1557 999 1626 μίλη
1017 1557 1069 1610 τοῦ
1092 1558 1217 1629 Χριστοῦ
1238 1560 1310 1627 μίίη
1329 1558 1463 1626 γενέσθαι
1486 1561 1623 1628 πορνείας.
1666 1555 1763 1625 Augu·

64 1642 133 1690 sunt
151 1636 285 1691 obstricti.
305 1654 330 1690 v.
350 1643 379 1690 4:
401 1636 510 1689 blrslicr
529 1637 575 1688 arti
592 1638 722 1705 corporis
734 1644 904 1705 potestatem
930 1640 1019 1695 atinus
1046 1642 1092 1697 lib.
1113 1648 1136 1697 2.
1165 1643 1200 1698 de
1227 1648 1331 1713 peccat
1358 1642 1447 1698 merit.
1466 1648 1496 1697 ct
1512 1642 1616 1698 remiss.
1635 1658 1696 1711 csp.
1715 1648 1762 1697 bl:

64 1742 125 1777 aon
144 1723 236 1790 babet,
255 1723 306 1775 scd
324 1723 385 1785 σίας
409 1722 540 1775 similiter
564 1729 665 1775 antem·
678 1730 704 1775 et
723 1724 768 1777 uir
783 1723 830 1775 sui
846 1741 905 1777 eor-
933 1728 1045 1782 Bonum
1062 1730 1191 1797 conjupii
1201 1746 1256 1783 non
1273 1738 1313 1782 est
1329 1730 1428 1793 feruor
1445 1728 1695 1797 concupiscentiae,
1713 1730 1765 1781 sed

60 1810 149 1879 paris
165 1817 330 1878 potestatem
350 1826 406 1861 non
422 1810 517 1876 babet,
535 1810 587 1862 sed
604 1810 714 1866 mulier.
740 1828 767 1863 v.
787 1816 819 1865 5:
847 1812 902 1863 No·
931 1813 1047 1881 asidam
1066 1814 1160 1867 licitrss
1186 1822 1212 1868 et
1234 1815 1364 1867 bocurtus
1389 1814 1442 1867 illo
1459 1814 1571 1874 fauore
1590 1814 1690 1867 nundi
1707 1831 1764 1866 mo-

65 1896 120 1951 lite
130 1898 281 1963 fraudare
300 1895 433 1959 inanem,
452 1893 491 1968 μὴ
509 1893 688 1963 ἀποστερεῖτε
705 1893 851 1963 ἀλλήλους,
877 1896 905 1949 in
931 1899 999 1965 dns,
1022 1902 1231 1969 propapandac
1256 1900 1352 1971 proli,
1371 1916 1438 1966 ,non
1464 1898 1619 1968 explendae
1647 1900 1764 1953 libidini

66 1983 167 2037 debita
187 1981 294 2037 scilicet
311 1982 359 2035 illa
377 1981 519 2053 conjugali
536 1980 739 2051 benevolentia,
754 1984 811 2036 nisi
829 1984 906 2048 forte
932 1988 1165 2042 mmnmodeuu.
1178 1985 1238 2041 libr.
1254 1993 1274 2042 1.
1287 1992 1384 2040 contra
1395 1984 1465 2038 duas
1476 1985 1549 2054 epist
1561 1985 1655 2057 Pelag.
1675 2004 1698 2040 c.
1716 1992 1761 2041 16:

66 2086 102 2125 ee
118 2086 257 2122 consensu
266 2071 308 2121 ad
319 2076 435 2138 tenrpru,
450 2070 596 2123 reomau
609 2069 734 2123 orationi
745 2076 772 2123 et
782 2070 907 2139 Jejnnio,
933 2069 1018 2123 Malo
1037 2070 1166 2123 libidinis
1179 2079 1299 2141 propter
1319 2071 1417 2125 ὂσονοι
1433 2071 1623 2140 perorationis
1640 2072 1764 2135 tiliorum

65 2164 94 2209 et
118 2155 221 2207 iterum
242 2155 418 2208 revertimini
441 2156 471 2208 in
488 2173 574 2209 unum
603 2158 645 2209 ad
670 2174 767 2219 renem,
801 2156 908 2211 scilicet
933 2156 999 2209 berre
1017 2164 1134 2210 utuntur
1148 2157 1258 2225 pudica
1276 2157 1423 2225 conjupia,
1447 2158 1536 2211 solitu
1552 2166 1645 2211 autem
1663 2176 1764 2211 carisa

64 2240 256 2311 conjugalem,
273 2257 309 2293 ne
321 2248 405 2294 tentet
421 2260 469 2295 ros
491 2242 616 2295 Satanas
626 2241 673 2295 dni
690 2242 742 2309 τὴν
759 2240 906 2315 ἀκρασίαν,
932 2242 1133 2311 mancupium
1149 2260 1237 2296 eausa
1257 2243 1372 2297 libidini
1389 2243 1545 2297 consentire
1552 2252 1698 2314 peccatum
1717 2252 1764 2308 uc,

65 2328 121 2385 hoc
140 2332 183 2382 cet
200 2326 362 2399 ιῖνράιειαν,
391 2336 508 2395 propter
524 2327 752 2381 incontinentiam
776 2336 907 2392 vatnam,
932 2330 1058 2398 quamuis
1087 2331 1246 2397 conjunctis
1269 2332 1418 2384 seeundum
1454 2330 1562 2383 reniam
1584 2332 1762 2385 concedatur.

64 2417 136 2486 quia
153 2430 208 2467 nou
227 2412 294 2467 entia
312 2413 498 2469 continentiae
517 2413 590 2468 douo
612 2413 738 2484 praediti,
755 2430 824 2486 ergo
840 2429 904 2469 con·
933 2414 979 2468 lib.
1000 2419 1025 2470 3.
1052 2421 1148 2469 contra
1170 2415 1274 2472 Julian.
1294 2433 1317 2472 c.
1340 2422 1385 2471 16:
1414 2416 1535 2478 Quando
1556 2417 1689 2485 conjupes
1707 2434 1763 2469 non

60 2500 177 2572 jugium
202 2506 246 2555 est
268 2499 403 2575 ἀκρασίας
428 2502 587 2556 remedium.
627 2519 652 2555 v.
671 2506 702 2556 9:
736 2502 846 2555 Melius
865 2509 906 2554 cst
930 2501 1022 2570 prolis
1034 2501 1297 2570 cuempicndae,scd
1306 2502 1433 2557 cantalu
1441 2503 1594 2573 solicitatis
1611 2503 1764 2571 explendae

62 2587 172 2640 nubere
197 2604 282 2655 arscm
304 2588 365 2651 uri,
390 2602 457 2657 ergo
478 2585 639 2657 conjugium
664 2604 720 2641 non
747 2586 836 2641 solum
863 2593 906 2641 est
930 2586 999 2639 uicti
1017 2586 1172 2655 crepiditate
1190 2588 1450 2656 concumbentium
1469 2606 1525 2641 non
1543 2588 1765 2655 lauclatur,ssd

64 2672 269 2744 procreationis
283 2671 413 2735 modium,
432 2671 578 2727 sedetiam
590 2672 730 2727 nationum
744 2671 904 2727 remedium.
930 2672 1086 2741 iqnescitnr
1110 2674 1370 2742 incorporatione
1389 2674 1500 2742 pejoris
1520 2674 1765 2727 interuenientibus

66 2776 96 2813 v.
115 2762 165 2813 ὅθι
196 2757 232 2813 Si
255 2758 319 2826 quis
342 2758 506 2811 indeeomm
527 2759 666 2811 existimat
689 2775 776 2827 anper
799 2759 906 2826 cirpine
931 2766 957 2811 et
974 2759 1188 2827 deprecantibus
1201 2759 1314 2827 nuptiis.
1333 2756 1379 2813 lib.
1396 2758 1515 2815 debono
1531 2763 1712 2830 conjugcap.
1728 2766 1762 2815 3:

10 2844 48 2888 ⁴¹¹2
66 2861 132 2913 ersa,
150 2844 179 2897 si
188 2846 245 2913 siat
257 2842 425 2916 ὑπέρακμος,
442 2852 469 2897 et
488 2844 530 2896 ita
549 2851 657 2912 oportet
674 2846 744 2913 fieri,
762 2845 816 2899 hcc
829 2850 871 2899 est
882 2844 904 2898 si
931 2842 1045 2896 Habent
1056 2845 1141 2897 etiam
1157 2844 1191 2897 id
1207 2846 1307 2897 bonum
1327 2844 1469 2912 conjupia,
1488 2846 1566 2914 quud
1582 2846 1708 2900 carnalia
1720 2846 1764 2900 uel

67 2930 281 2999 animadvertit,
312 2930 402 3000 ipsam
431 2946 488 2984 non
523 2946 584 2985 esse
615 2930 687 2985 dono
720 2930 906 2985 continentiae
926 2930 1065 2997 juvenilis
1084 2932 1299 2999 incontinentia,
1323 2932 1435 2984 etiamsi
1451 2931 1554 2985 uitiosa
1569 2940 1624 2995 cst,
1643 2934 1684 2985 ad
1697 2951 1764 3002 pro·

68 3019 257 3085 instructam,
282 3019 360 3086 quod
377 3017 450 3083 ursit,
462 3016 573 3082 saciat,
597 3015 648 3071 boc
672 3024 713 3069 est
730 3017 819 3071 elucet
835 3032 905 3079 eam,
928 3018 1083 3085 pacandae
1111 3018 1207 3086 prolis
1232 3018 1336 3086 redipit
1364 3018 1547 3080 hanutum,
1572 3026 1603 3071 ut
1629 3035 1663 3071 ca
1689 3020 1764 3073 malo

68 3122 130 3159 non
154 3111 288 3172 peccam,
322 3104 349 3155 si
382 3102 486 3155 rrubunt
518 3101 606 3168 tales,
635 3101 742 3157 scilicet
777 3102 906 3172 virgines.
930 3101 1061 3155 libidinis
1085 3103 1200 3170 aliquid
1226 3103 1293 3156 boni
1316 3104 1410 3168 faciat
1432 3104 1575 3173 coprdatm
1596 3104 1763 3172 condennabis.

67 3191 124 3248 sir.
153 3196 181 3258 ¹1,
211 3206 237 3244 v.
264 3195 312 3245 27:
346 3191 442 3243 Trade
468 3188 564 3257 filiam
592 3196 619 3241 ct
649 3190 806 3256 perfeceris
836 3206 906 3257 opius
931 3204 993 3257 cap.
1022 3194 1052 3244 8:
1091 3189 1258 3243 Concubitus
1287 3189 1460 3242 rmcmaariua
1490 3205 1577 3242 carna
1607 3190 1765 3257 peruranrli

68 3295 217 3345 mapnurn,
244 3275 312 3345 quia
328 3275 435 3330 scilicet
452 3291 485 3329 cx
502 3273 625 3329 libidinis
642 3274 769 3329 incendio
787 3280 816 3329 ct
833 3290 906 3328 scor·
933 3274 1116 3343 incrdpabilis
1133 3281 1174 3328 est
1192 3280 1218 3327 et
1235 3274 1312 3327 soluts
1330 3274 1390 3345 ipae
1409 3274 1553 3344 nuptialia.
1589 3274 1646 3329 Ille
1665 3284 1764 3343 arrum,

70 3361 188 3419 tadonis
203 3361 309 3431 laqueis
328 3378 388 3415 eam
408 3361 540 3417 liberasti.
572 3361 623 3417 Sir.
636 3366 677 3427 2³,
695 3378 719 3414 v.
733 3366 780 3415 22:
802 3362 905 3415 rlninra
932 3361 981 3428 qui
998 3361 1076 3413 ultra
1095 3360 1179 3414 istam
1203 3362 1393 3414 sucessitatem
1406 3362 1608 3429 propreclitnr,
1626 3362 1692 3430 jam
1708 3381 1764 3415 nors

69 3449 181 3512 calida,
202 3448 287 3517 auersi
304 3448 379 3515 ipsu
396 3450 510 3513 ardun,
530 3465 587 3500 non
604 3447 799 3515 amnisquam,
817 3448 907 3501 donec
932 3447 1046 3516 rationi,
1066 3448 1118 3499 sed
1135 3446 1251 3499 libidini
1266 3447 1435 3517 obsequitur.
1467 3448 1506 3499 Et
1522 3448 1594 3501 ίιαοο
1603 3456 1696 3501 tamen
1708 3465 1764 3500 reon

70 3535 248 3601 deplutiatur
262 3535 344 3589 bomo
354 3534 532 3597 fornicarius
544 3536 574 3587 in
587 3550 705 3602 corpore
721 3535 817 3587 aarum
829 3552 908 3602 suae,
932 3534 1057 3600 ccipere,
1077 3534 1129 3586 scd
1145 3534 1264 3586 reddere
1283 3533 1415 3601 cmiinpi,
1440 3550 1474 3586 nc
1490 3534 1665 3597 fornicando
1682 3536 1764 3587 dnm.-

69 3639 128 3674 non
147 3621 264 3687 (leniunt,
284 3622 372 3674 donee
391 3623 528 3673 accendet
548 3621 653 3687 inacus,
670 3619 779 3675 honest
798 3620 844 3689 qui
866 3620 906 3673 in·
931 3619 1066 3672 rabiliter
1081 3626 1188 3688 peccet,
1211 3620 1254 3671 ad
1269 3635 1418 3687 personam
1435 3621 1557 3689 pcrtirset
1578 3620 1763 3688 conjupalern.

69 3799 198 3856 aestuat,
218 3809 270 3848 nec
290 3793 403 3861 desinit,
432 3792 485 3846 nisi
502 3811 533 3848 se
551 3792 641 3861 ipsum
662 3791 827 3859 inflammet,
854 3792 906 3845 hoc
931 3808 990 3844 rem
1008 3792 1128 3858 sacrant
1151 3808 1209 3843 urm
1227 3792 1312 3860 plens
1337 3791 1508 3859 nuptiarum.
1547 3790 1711 3861 Fulgentius
1729 3791 1764 3845 de

70 3886 114 3936 est
148 3886 262 3933 externa
292 3879 459 3933 scortatione
490 3878 653 3933 desiderium
678 3895 758 3931 suum
783 3877 905 3947 impleat,
931 3878 1043 3947 conjug.
1064 3875 1148 3933 debit.
1166 3876 1247 3946 epist.
1269 3883 1297 3931 1:
1315 3877 1435 3931 llctenm
1451 3877 1509 3930 tori
1531 3878 1603 3939 sistes
1620 3878 1761 3931 nmcnlnm

69 3970 168 4020 utatur
191 3965 277 4035 igitur
291 3964 437 4035 conjugio,
460 3964 582 4018 remedio
605 3963 652 4017 illo
676 3962 807 4017 divinitus
825 3980 904 4033 prse-
932 3962 1033 4029 diluit,
1055 3980 1139 4031 quum
1157 3961 1297 4016 contrabit
1313 3962 1464 4031 infirmitas
1481 3963 1589 4031 camis,
1606 3962 1634 4015 si
1651 3963 1765 4017 riedisri
1779 3978 1823 4015 nv.
1835 3974 1879 4018 nt

68 4052 177 4121 scripte
198 4058 229 4105 et
250 4050 386 4106 orsliuatu.
427 4050 479 4106 sir.
504 4056 552 4119 36,
576 4068 601 4105 v.
620 4055 669 4105 28:
695 4050 763 4111 usu
786 4052 905 4114 cantida
932 4069 987 4104 non
1005 4049 1136 4103 miscetur
1154 4049 1256 4117 alteri,
1275 4049 1402 4117 nmquis
1419 4066 1476 4101 non
1491 4065 1548 4117 pro
1566 4048 1629 4101 sola
1646 4066 1763 4117 periera-

71 4138 205 4207 erpedito
218 4137 448 4190 latronicrrunti
464 4138 499 4190 de
516 4136 627 4189 ciuitate
646 4137 677 4187 in
688 4137 848 4189 ciuitatem!
864 4136 906 4189 sic
932 4137 1021 4200 tione,
1047 4138 1099 4189 sed
1122 4135 1206 4188 etiam
1230 4143 1348 4205 propter
1371 4133 1563 4202 frapilitotem
1583 4135 1678 4188 cantis
1695 4152 1764 4188 suae

67 4223 180 4278 bomini
202 4242 259 4275 nrm
282 4222 393 4275 labendi
416 4223 514 4275 nidum
538 4231 564 4275 rt
581 4223 734 4290 bonrdanti
752 4222 906 4291 ubicunqne
932 4223 1061 4276 miscetur
1088 4222 1185 4286 neeri,
1209 4221 1277 4290 arria
1303 4220 1356 4273 etsi
1379 4220 1538 4288 praeturum
1566 4222 1766 4274 concrsnrbcndi

66 4308 314 4378 σᾰσσεφεναοσοίί,
342 4307 394 4362 hoc
426 4315 482 4376 cst,
510 4308 557 4379 qui
588 4309 616 4362 in
640 4308 778 4363 coelibatu
803 4308 907 4376 vivunt,
932 4312 1045 4362 modum
1069 4308 1184 4375 tramit,
1211 4315 1304 4361 tamen
1330 4306 1508 4373 coniupalem
1535 4307 1683 4360 terminum
1709 4325 1764 4361 non

68 4413 129 4451 non
146 4394 277 4449 instructi
296 4394 369 4447 dono
387 4392 586 4461 continentiae,
611 4393 640 4446 in
658 4392 843 4463 suspicionem
861 4412 906 4449 ex·
932 4395 1049 4449 eecedit.
1100 4395 1140 4447 Et
1175 4393 1239 4447 licet
1275 4392 1425 4446 contrabat
1456 4392 1583 4445 causalis
1613 4393 1764 4462 infirmitas

68 4486 214 4554 pugnatas
242 4485 427 4533 matronarum
451 4478 602 4549 pudicitiae
621 4479 695 4548 apud
715 4495 809 4533 omnes
827 4479 905 4534 indu·
932 4482 1053 4549 melpum,
1072 4480 1204 4549 impetrat
1218 4478 1463 4550 tamasrsuptiolis
1480 4479 1627 4547 intraritas
1645 4481 1761 4535 versiam

68 4574 180 4624 cuntur.
216 4564 304 4621 Hebr.
326 4570 373 4634 tt,
396 4582 422 4619 v.
440 4571 472 4620 4:
497 4566 672 4618 llonornbilo
697 4566 906 4618 unatrimonium
932 4566 1084 4637 Gregorius
1105 4564 1167 4618 libr.
1189 4571 1228 4621 12.
1248 4565 1358 4619 moral:
1382 4564 1439 4626 Qui
1455 4566 1637 4618 tentaturum
1651 4566 1763 4633 procel·

69 4658 102 4709 in
132 4654 261 4707 omnibus
291 4659 341 4706 ete.
370 4653 559 4715 fornicatores
588 4658 680 4705 aedem
706 4658 733 4704 et
759 4652 907 4705 adulteros
932 4653 1050 4707 bunum
1061 4652 1234 4716 difficultate
1246 4653 1376 4720 tolerant,
1395 4652 1522 4719 cunjupii
1527 4659 1643 4719 portum
1656 4670 1688 4720 p(
1696 4660 1763 4720 taut,

64 4739 216 4813 judicabit
235 4740 331 4801 Deus,
356 4737 409 4791 hoc
426 4744 469 4791 cst
490 4736 536 4806 qui
556 4741 734 4790 coummnunt
754 4737 905 4791 remedium
931 4738 1030 4791 malisse
1056 4737 1130 4791 enim
1162 4745 1203 4789 est
1237 4737 1338 4790 nidore
1370 4755 1454 4806 quern
1481 4738 1536 4788 uri.
1583 4736 1763 4791 Bembardus

69 4825 197 4883 libidinis
216 4824 350 4879 divinitus
375 4822 532 4877 institutum
555 4828 584 4877 et
601 4822 692 4876 carnis
710 4822 904 4892 concupisccn-
931 4841 1012 4879 serm.
1032 4828 1074 4879 66.
1103 4822 1133 4876 in
1151 4822 1248 4879 Cant:
1283 4823 1364 4876 'l'olle
1390 4826 1426 4877 dc
1453 4823 1571 4876 ecclesia
1598 4824 1763 4877 bormrabile

70 4912 120 4969 tiis
142 4926 194 4980 per
218 4910 412 4965 scortationem
430 4908 588 4977 indulgent,
607 4908 703 4976 poenis
722 4926 752 4962 se
769 4909 843 4978 ipsos
865 4908 905 4961 iu·
931 4910 1099 4965 conrsubium
1109 4917 1134 4962 et
1148 4917 1238 4962 torum
1255 4909 1471 4977 immaculatum,
1489 4923 1581 4962 nonne
1591 4909 1685 4976 reples
1701 4927 1763 4963 enm

67 4998 196 5055 volvunt.
236 5006 262 5051 2.
281 4997 402 5049 Patrem
426 4995 513 5049 dicta.
556 4992 675 5047 Basilius
697 4993 745 5050 lib.
776 4994 811 5050 de
840 5010 906 5049 vera
931 4995 1153 5057 concubinariis,
1191 4995 1368 5063 incestuosis,
1403 4994 1583 5063 senunistuis,
1624 4996 1763 5063 insollibun

65 5082 187 5154 virgin:
212 5080 311 5151 ἡδονῆς
333 5082 401 5135 δίον
426 5080 579 5153 ράρμακον
602 5080 640 5147 τῷ
662 5072 756 5151 iridem
773 5080 804 5135 ri
825 5054 1118 5147 tilulmasculorum
1140 5083 1362 5138 concrcbitoribus
1385 5090 1410 5135 at
1428 5082 1505 5136 omni
1529 5083 1648 5152 denique
1664 5100 1763 5149 ponere

64 5188 104 5229 ac
121 5168 263 5243 μάλαγμα
286 5168 386 5235 ἡδονῆς
409 5169 446 5237 τῷ
465 5165 561 5242 ἀρρενι
577 5163 607 5219 τὸ
629 5168 707 5232 θῆλυ.
743 5142 1159 5236 Chrymsto-limnrundoruml
1199 5168 1350 5223 Lombardi
1369 5168 1489 5235 dictum,
1509 5170 1586 5237 quod
1603 5170 1762 5238 conjrspium

62 5275 132 5315 mus
153 5256 226 5311 hcm.
247 5260 289 5311 59.
306 5254 336 5309 in
354 5271 417 5324 cap.
437 5258 481 5311 bb.
496 5254 609 5308 Genea:
627 5254 703 5305 Nam
717 5262 837 5320 prepter
854 5254 906 5307 lsoc
931 5258 962 5312 in
975 5257 1117 5327 paradiso
1134 5257 1287 5309 institutum
1304 5256 1341 5308 sit
1359 5258 1402 5308 ad
1417 5255 1558 5319 (isicium,
1582 5264 1646 5326 pon
1661 5272 1762 5323 pecca-

60 5354 96 5405 εί
113 5341 272 5399 communis
291 5342 433 5396 Dominns
457 5348 549 5395 noster
564 5339 655 5393 scieas
672 5338 811 5391 bumanac
826 5339 905 5406 infir·
932 5352 990 5398 tum
1013 5350 1106 5396 nutem
1130 5345 1171 5396 acl
1195 5344 1349 5396 remedium
1371 5360 1479 5411 proque
1503 5342 1597 5409 cedat,
1625 5341 1764 5396 Lutbcrus

57 5430 179 5489 usitatis
205 5435 352 5493 naturam,
376 5427 492 5496 nuptias
515 5428 594 5481 declit
617 5424 795 5489 assumsit,
822 5432 853 5477 ut
869 5426 906 5479 ab
932 5428 1108 5484 commendat
1125 5433 1154 5484 et
1170 5427 1279 5481 erudite
1296 5428 1334 5482 ab
1352 5427 1413 5497 ipso
1430 5427 1567 5497 prolatum
1585 5427 1683 5481 asserit
1698 5432 1763 5479 tom.

57 5518 176 5577 illicito
199 5514 346 5568 cmwubitu
368 5514 563 5567 abstineretur.
605 5514 651 5567 Ne
677 5513 763 5580 icitia
781 5512 906 5581 septina-
934 5520 958 5571 l.
976 5518 1120 5569 comment
1141 5514 1169 5568 in
1189 5512 1290 5569 Genea.
1312 5528 1374 5584 cap.
1393 5520 1417 5568 ’2.
1444 5512 1491 5568 lol.
1512 5518 1551 5567 ³3.
1571 5511 1597 5565 b.
1636 5514 1663 5563 3.
1680 5511 1763 5565 ιΙανίο
