4020 6022
204 282 264 340 8811
787 267 910 327 LOCUS
925 265 1131 326 uouemus
1149 267 1321 336 QUINTUS

203 426 346 484 renunties
364 425 407 479 ita
425 424 570 481 ohscumn
582 429 630 488 est,
642 430 736 477 utrum
752 430 778 476 et
789 423 850 487 iste,
869 423 917 477 cui
927 422 1040 492 quidem
1070 440 1120 479 nos
1138 439 1205 494 ergo
1225 422 1322 479 eodem
1339 423 1421 478 modo
1439 418 1646 493 respondemus,
1664 423 1741 495 quod
1758 422 1907 479 disortium

203 513 263 568 sine
283 511 370 566 dubio
388 511 547 564 adulteram
566 509 631 564 licet
644 510 793 572 dimittere,
815 508 930 563 adulter
949 516 1041 561 tomen
1070 512 1168 578 quoad
1185 518 1276 563 torum
1294 512 1404 563 tantum
1421 514 1531 581 pugnet
1547 526 1610 565 eum
1629 508 1722 565 verbis
1736 508 1907 579 Scripturas.

208 598 360 664 habeatnr,
390 596 418 648 si
433 595 521 649 oleum
540 593 669 663 dueust,
697 602 737 663 ut,
756 602 890 666 quamum
907 592 1042 661 cristino,
1071 610 1135 649 cum
1154 593 1286 664 exemplis
1316 593 1451 650 eeclesiae
1470 592 1644 650 lsrsiiliticae
1674 599 1704 650 et
1736 612 1803 650 cum
1831 601 1908 651 rests

204 682 353 737 venialiter
378 681 420 734 ibi
437 681 554 751 quisquc
570 681 706 744 fallatur.
754 683 780 738 6.
808 681 1042 748 chrysostomum,
1071 679 1187 744 ratione,
1201 686 1234 734 ut
1252 679 1380 750 superius
1398 679 1536 734 audimus.
1574 683 1600 734 9.
1617 680 1860 752 Theophplaotum
1879 681 1908 735 in

206 767 254 840 qui
271 765 362 821 homil.
383 771 423 820 ll.
443 765 473 819 in
492 764 590 819 Mattb.
610 780 758 820 occurrens
775 764 846 830 illis,
876 765 924 837 qui
953 763 1042 836 legem
1069 782 1093 821 c.
1113 772 1137 822 t.
1167 764 1283 824 Manu:
1312 767 1379 820 Nou
1408 766 1492 821 solvit
1510 764 1639 820 christus
1667 765 1820 835 Mosaico,
1858 770 1909 822 ssd

206 851 318 908 divortii
338 867 481 906 onerosam
499 867 559 906 esse
580 858 747 923 queruntur,
769 850 912 920 christus,
942 850 1044 922 inquit,
1071 852 1189 919 corripit
1220 859 1364 905 erterrens
1395 851 1494 913 uirum,
1524 858 1555 905 ut
1584 867 1619 905 ne
1651 845 1774 921 ἀλόγως,
1805 853 1908 922 abque

206 939 278 992 hono
294 938 382 1006 lepem
399 937 487 990 levem
502 936 574 1001 fecit
593 954 627 989 aa
645 937 777 1000 faecem,
810 938 952 1006 siquidem
977 938 1043 992 reli·
1070 955 1167 1006 causa,
1191 938 1258 993 odio
1275 938 1377 992 habeat
1393 954 1524 1000 uuorem,
1548 953 1614 990 uam
1631 937 1659 990 si
1675 936 1810 1007 ἐλλόγα,
1831 939 1908 1006 iusta

206 1023 266 1091 quit
287 1022 348 1075 uiro
372 1039 457 1075 unum
482 1022 653 1090 expulsionis
678 1024 804 1092 modum,
836 1022 970 1091 dicendo,
999 1039 1042 1076 eo-
1071 1026 1107 1077 de
1126 1040 1222 1090 causa,
1240 1023 1379 1079 dimiserit
1396 1040 1584 1093 eam,nempe
1599 1024 1808 1094 fornicantem,
1834 1025 1910 1081 nulli

206 1115 286 1176 cepta
320 1124 409 1161 causa
445 1106 662 1175 fornicationis,
697 1107 827 1176 alioquin
862 1108 893 1162 in
929 1110 1044 1162 eunden
1071 1109 1297 1163 condemnationi
1324 1117 1366 1163 est
1380 1109 1532 1172 obnouius,
1559 1110 1663 1178 quami
1685 1110 1791 1179 abque
1816 1112 1907 1175 forni-

172 1218 177 1226 ·
208 1209 309 1247 rursm
339 1192 545 1261 turpitudinem
575 1200 676 1245 cuncta
707 1199 876 1262 remearent,
912 1193 940 1246 si
971 1194 1044 1248 enim
1071 1187 1201 1250 cationis*
1222 1212 1310 1250 causa
1340 1197 1540 1249 condemnatus
1570 1203 1623 1262 est,
1653 1196 1728 1263 capit
1744 1197 1819 1251 enim
1847 1213 1907 1251 earn

206 1279 314 1347 inbuet
342 1279 426 1331 etiam
447 1277 581 1347 pluribus
599 1277 727 1348 mistam,
760 1278 879 1332 retineri
907 1286 1000 1333 wmen
1024 1297 1043 1332 o
1071 1281 1220 1336 moechari.
1271 1280 1305 1335 In
1331 1298 1356 1336 c.
1379 1287 1418 1337 16.
1437 1280 1507 1337 Luc.
1525 1280 1665 1336 Christum
1688 1282 1729 1336 sie
1747 1281 1907 1352 toquentem

207 1364 268 1418 uiro
293 1364 454 1433 ccnjupem,
483 1380 583 1417 sursise
614 1364 644 1418 in
668 1363 807 1417 adulterii
832 1363 975 1417 licentiam
998 1380 1044 1417 ne·
1071 1365 1237 1421 innoducitt
1282 1368 1358 1421 Ecce
1399 1368 1434 1420 de
1474 1366 1612 1421 solutione
1655 1368 1833 1422 matrimonii
1864 1367 1907 1421 ier

207 1449 314 1518 potium
344 1466 422 1503 amne
455 1455 631 1503 conuerteret.
658 1448 688 1502 iu
713 1447 805 1503 homil
836 1447 871 1503 ds
898 1449 995 1520 repud.
1016 1449 1045 1503 in
1068 1451 1215 1521 praecepit
1229 1458 1350 1521 propter
1368 1453 1483 1505 onmem
1499 1453 1693 1521 Judaeorum,
1716 1470 1769 1522 epo
1786 1454 1830 1507 ad
1843 1469 1907 1522 per·

211 1540 235 1592 1.
255 1533 318 1590 Cor.
339 1541 363 1590 1.
381 1535 422 1589 ita
440 1533 588 1605 repudium
601 1533 724 1601 damnat,
737 1539 768 1586 ut
786 1549 898 1591 causam
917 1534 1045 1593 adulterii
1065 1537 1194 1606 sectioro
1237 1552 1367 1591 eucrcens
1412 1538 1557 1593 auditores
1611 1539 1762 1608 repudium
1806 1538 1909 1607 ὠιριιι

209 1620 347 1692 excipiat,
382 1621 526 1691 inquiens:
562 1621 640 1674 Nam
674 1620 788 1689 quando
827 1619 873 1675 cir
907 1620 1045 1674 dimiserit
1071 1622 1239 1677 rationabili
1274 1639 1363 1676 causa
1394 1623 1547 1692 prohibeo,
1580 1640 1637 1677 non
1677 1624 1725 1678 illi
1762 1624 1909 1681 causano

208 1723 323 1761 umorem
341 1707 446 1776 absque
464 1723 552 1760 causa
569 1705 677 1774 stupri,
704 1707 818 1774 mundo
836 1705 910 1759 alter
928 1707 1045 1775 mamam
1072 1709 1186 1776 docens,
1233 1710 1284 1762 sed
1321 1708 1413 1775 mapis
1446 1708 1615 1763 voluntatem
1655 1710 1716 1777 ejus
1744 1709 1907 1778 perficiens.

209 1793 314 1847 uiuente
330 1791 392 1847 uiro
411 1791 531 1863 decerit,
552 1808 614 1845 cum
632 1792 723 1860 ejecta
740 1791 795 1845 illa
811 1791 953 1860 punietur.
991 1790 1045 1847 Ex·
1073 1796 1115 1848 10.
1135 1793 1325 1848 Chrornotium
1343 1793 1552 1864 Aquileiensem
1585 1793 1746 1864 episcopum
1775 1794 1806 1850 in
1836 1809 1908 1850 eom-

210 1877 280 1944 cinit
298 1875 391 1932 Sixtus
411 1877 541 1933 Senensis
557 1877 583 1932 d.
602 1876 620 1932 l.
640 1875 865 1946 chrysostomum
893 1879 1044 1933 concedere
1073 1883 1157 1934 ment
1174 1877 1274 1934 Mattb.
1295 1884 1324 1933 b:
1340 1880 1468 1947 Eacepta
1485 1896 1574 1934 causa
1588 1880 1794 1945 fornicationis
1811 1880 1909 1937 dinen

209 1963 360 2033 repudium
375 1965 473 2032 quoad
489 1970 588 2031 torum,
599 1982 657 2017 non
674 1972 769 2018 auum
787 1965 883 2032 amad
896 1963 1045 2017 vimulum.
1072 1979 1187 2018 uorem
1203 1980 1260 2018 non
1279 1965 1365 2018 licere
1384 1964 1489 2018 dimitti
1509 1973 1608 2033 operte
1620 1967 1806 2035 demonstret,
1823 1983 1908 2035 quom

210 2048 435 2121 Respondemus:
470 2055 502 2105 at
527 2048 580 2104 hac
609 2049 717 2105 rabone
737 2048 862 2104 Christus
885 2049 977 2119 leg‘em
1002 2048 1045 2102 di·
1073 2065 1158 2117 praue
1190 2051 1271 2117 apud
1287 2051 1381 2105 Deum
1410 2051 1600 2106 domnotrbnis
1617 2051 1724 2105 crimen
1751 2052 1909 2121 incurrunt,

210 2135 293 2192 rcrtii
321 2151 377 2189 non
405 2133 518 2190 fecisset
544 2136 633 2190 levem
651 2150 684 2189 ac
701 2135 828 2204 facilem,
859 2134 934 2206 quod
953 2141 1045 2191 lamsn
1074 2135 1123 2204 qui
1149 2152 1206 2204 per
1235 2137 1402 2205 effrenatam
1433 2136 1564 2191 libidinis
1600 2136 1772 2192 cumulem
1805 2138 1909 2206 ὠιιιιι

212 2219 333 2292 probare
354 2219 460 2276 ibidem
478 2220 621 2276 contendit
640 2219 860 2292 chrysostomus.
898 2218 1048 2277 Praeterea
1067 2221 1274 2290 fornicationis
1291 2238 1381 2275 casua
1400 2221 1525 2276 dimissis
1536 2222 1669 2276 oneribus
1687 2222 1719 2275 in
1738 2223 1803 2279 alia
1814 2223 1909 2279 solunt

212 2307 286 2368 illud
307 2304 455 2361 divortium
474 2304 503 2361 in
520 2321 606 2360 eausa
624 2306 733 2376 repudii
759 2306 897 2362 concessit
914 2305 1048 2369 christum,
1073 2307 1196 2363 transs're
1214 2307 1362 2376 cassiepia,
1387 2308 1443 2361 sed
1459 2308 1529 2360 sieut
1548 2323 1662 2361 uxorem
1685 2315 1764 2365 coste
1787 2325 1824 2365 ao
1834 2325 1908 2378 pure

213 2393 288 2464 quod
309 2408 342 2447 ex
361 2380 528 2462 quacnnq'us
559 2407 644 2447 causa
669 2391 772 2446 Judeei
805 2391 860 2446 sibi
883 2392 1046 2463 permissum
1072 2393 1206 2447 ementem
1217 2392 1358 2447 dimittere
1373 2395 1491 2458 fmuon
1508 2400 1557 2460 est,
1577 2393 1910 2462 doumqueaddwom

212 2495 272 2535 esse
301 2477 330 2531 in
365 2476 428 2548 lege
460 2476 547 2532 veteri
577 2475 748 2533 statuebant.
799 2476 839 2533 ht
875 2474 945 2533 illud
975 2493 1045 2533 oom-
1074 2478 1215 2532 dimittere
1229 2477 1395 2546 permissum
1413 2485 1467 2546 ost,
1498 2479 1566 2546 quia
1582 2480 1647 2556 spuo
1665 2495 1696 2533 se
1718 2479 1820 2534 mariti
1846 2497 1910 2535 con·

213 2562 346 2635 plectitur
375 2561 579 2632 separationem
610 2561 701 2633 quoad
720 2562 869 2617 sinodum.
918 2561 1048 2632 Denique
1073 2563 1160 2618 sortia
1188 2563 1258 2626 fecit
1286 2563 1448 2631 indipnam,
1479 2580 1552 2631 auae
1571 2564 1602 2617 in
1620 2580 1723 2632 corpus
1745 2582 1829 2621 suum
1844 2582 1909 2636 pec-

212 2665 246 2704 ex
275 2647 337 2718 ipso
367 2647 515 2702 verborum
541 2663 609 2701 sono
627 2647 788 2719 ,ancipitum
820 2646 1046 2718 chrysostomum
1073 2650 1165 2703 cando
1183 2647 1245 2703 Dei
1274 2648 1406 2717 templum
1430 2665 1501 2704 ausa
1520 2656 1561 2702 est
1584 2649 1701 2705 uiolare.
1750 2650 1847 2706 sixtus
1868 2667 1909 2706 re·

211 2733 289 2804 loqui
306 2733 341 2788 de
355 2733 471 2804 repudio
489 2733 583 2804 quoad
603 2731 752 2790 vinculum.
793 2732 928 2802 ριιιιιιάο,
948 2732 1048 2804 inquit,
1074 2734 1162 2789 currit
1187 2733 1225 2788 ad
1251 2732 1370 2789 eundem
1397 2733 1542 2803 elypeum,
1575 2732 1702 2803 subque
1727 2732 1782 2789 sibi
1799 2735 1911 2806 pararit

211 2819 256 2873 uir
274 2819 413 2874 diremerit
430 2835 543 2874 umorem
560 2819 664 2888 absque
683 2836 772 2873 causa
796 2820 902 2888 stupri,
935 2822 1047 2891 artando
1074 2818 1188 2891 aliquod
1206 2817 1371 2882 latibulum,
1401 2818 1532 2874 videlicet
1561 2820 1597 2872 dc
1625 2819 1789 2875 dimissione
1815 2823 1911 2891 oswod

211 2906 284 2960 alter
303 2906 421 2974 ejectam
438 2905 544 2959 uiuente
562 2905 624 2959 uiro
654 2905 780 2975 duxerit,
810 2906 980 2974 cumejecta
994 2922 1047 2974 pu·
1074 2914 1179 2968 torum,
1210 2920 1267 2958 non
1297 2910 1387 2957 auum
1415 2905 1512 2972 quoad
1528 2903 1668 2958 vinculum
1696 2905 1766 2959 haec
1784 2921 1846 2961 esse
1862 2923 1909 2961 oo·

213 2990 310 3046 nictus.
348 2990 425 3062 lugo
449 3007 466 3046 a
493 2990 630 3045 tonnano
655 3006 738 3046 sensu
763 2990 786 3045 si
805 2996 919 3061 propter
936 3005 1048 3045 causam
1075 2991 1223 3060 cipienda,
1254 2994 1285 3044 at
1311 3004 1357 3044 res
1380 2989 1442 3059 ipsa
1469 2995 1601 3060 testetur,
1630 2989 1666 3045 de
1680 2989 1732 3047 tali
1750 2990 1910 3048 dimissione

213 3078 302 3147 stupri
329 3076 464 3132 dimiserit
493 3082 521 3132 et
548 3076 631 3131 aliam
656 3075 765 3132 vivente
783 3075 963 3140 seduxerit,
993 3092 1048 3131 non
1074 3090 1227 3130 sermonem
1259 3089 1335 3143 osse,
1367 3090 1401 3129 ιι
1435 3090 1491 3145 que
1522 3073 1607 3130 liceat
1634 3074 1664 3129 iu
1687 3073 1767 3131 uliud
1792 3076 1910 3133 transire

212 3163 368 3235 puniendus
391 3163 451 3220 erit.
503 3165 525 3216 7.
546 3163 698 3216 Auctorem
718 3163 812 3233 operis
831 3163 1000 3231 imperfecti,
1020 3162 1048 3219 in
1075 3160 1250 3232 eonjugium,
1282 3159 1311 3214 id
1338 3159 1412 3216 enim
1432 3158 1569 3230 oppositio
1592 3159 1717 3232 rennuit.
1756 3164 1799 3216 11.
1821 3163 1909 3217 Theo·

211 3247 401 3317 Matthaeum,
431 3247 505 3320 quod
523 3248 595 3303 inter
615 3247 805 3318 chrysostomi
829 3263 914 3320 opera
931 3247 1049 3303 habetur
1076 3249 1210 3316 ductum,
1244 3245 1294 3318 qui
1326 3245 1387 3301 libr.
1416 3251 1441 3301 9.
1470 3247 1504 3301 de
1527 3262 1585 3301 cur.
1613 3246 1742 3301 Graecos.
1769 3246 1908 3305 affeetimn

85 3338 139 3381 ru.
156 3334 286 3389 lethem.
306 3338 353 3389 ³2:
374 3332 455 3387 Sicut
472 3334 597 3387 crudelis
614 3341 654 3387 est
675 3341 702 3386 et
719 3334 848 3403 iniquus,
877 3334 927 3403 aui
942 3341 1048 3388 castam
1074 3340 1139 3388 tom.
1164 3337 1189 3389 ².
1212 3349 1279 3403 pag.
1308 3336 1383 3388 1120.
1408 3331 1448 3385 sie
1471 3331 1582 3386 scribit:
1613 3332 1765 3389 Humanae
1788 3342 1910 3389 merae

214 3419 344 3498 dimittit,
373 3417 415 3471 sic
444 3420 545 3482 fatuus
574 3425 600 3471 et
631 3418 769 3487 minante,
802 3419 853 3488 qui
878 3420 1048 3473 meretricem
1073 3419 1185 3489 opisen,
1216 3418 1267 3487 qui
1292 3433 1354 3471 eam
1379 3417 1440 3488 epse
1458 3418 1581 3483 effinoit,
1612 3433 1751 3487 unumotse
1768 3421 1804 3473 ab
1828 3421 1909 3475 initio

212 3504 319 3571 retinet,
350 3520 416 3557 nam
446 3511 588 3573 patronus
617 3505 804 3573 turpitudinis
836 3506 898 3574 ejus
923 3512 970 3572 cst,
1000 3505 1050 3575 qui
1073 3504 1386 3575 cirum-mulieremque
1406 3519 1493 3556 unam
1513 3503 1683 3574 plasmaret,
1713 3504 1766 3561 has
1790 3505 1911 3561 machi

216 3591 320 3645 mmcn
338 3589 413 3643 celat
430 3588 536 3642 nemu.
587 3587 682 3644 Sixtus
698 3588 798 3660 repetit
814 3606 893 3645 suam
911 3590 1047 3660 exceptio·
1073 3589 1190 3658 nuptias
1208 3589 1302 3643 uetuit.
1357 3588 1445 3644 Unam
1470 3605 1537 3644 uero
1555 3589 1674 3658 copulae
1700 3591 1786 3660 hujus
1805 3592 1909 3646 dissol-

215 3692 287 3743 nom,
323 3678 358 3731 de
396 3674 559 3729 dimissione
594 3682 704 3729 tarttum
741 3677 839 3744 quoad
866 3683 957 3730 torum
990 3694 1048 3731 esse
1074 3677 1181 3728 rendae
1199 3675 1372 3729 occasionem
1385 3676 1547 3744 proposuit,
1565 3692 1622 3745 quo
1638 3675 1753 3748 penitus
1770 3677 1909 3747 nuptialis

214 3779 385 3832 sermonem,
417 3777 467 3816 nos
487 3759 574 3832 igitur
590 3761 740 3831 repetimus
758 3766 880 3816 nostram
897 3763 1047 3833 responsio·
1075 3760 1279 3814 distraheretur
1301 3760 1469 3828 coniunctio.
1507 3759 1604 3829 Inquit
1621 3762 1711 3819 enims
1743 3762 1843 3817 Omnis
1860 3764 1910 3833 qui

212 3865 289 3917 nem,
322 3863 405 3918 quam
438 3862 471 3901 ιι
499 3846 591 3902 serbis
616 3846 795 3918 sequentibus
820 3846 1048 3916 demonstramus,
1075 3847 1191 3901 dimittit
1209 3862 1323 3899 uxorem
1338 3863 1434 3913 suom,
1464 3854 1577 3914 eccepto
1586 3847 1792 3913 fornicatiouis
1813 3865 1910 3915 causo,

214 3932 254 3988 sie
274 3933 346 3988 enim
364 3938 461 3987 auctor
478 3931 525 3987 ille
543 3931 637 3988 addit:
655 3932 819 3986 imitatores
835 3949 902 4004 erpo
920 3936 1048 3991 debemus
1073 3932 1226 3996 faciteam
1244 3930 1386 3986 moechari
1403 3938 1429 3984 et
1447 3931 1498 3999 aui
1515 3931 1662 3985 dimicem
1680 3932 1809 4001 dueerd,
1828 3934 1909 3988 oded·

213 4035 271 4074 esse
295 4019 367 4084 Dei,
399 4026 429 4073 ut
446 4019 518 4073 siout
542 4018 591 4073 elle
609 4019 669 4088 opit
693 4035 754 4072 cum
772 4019 911 4089 ecclesia,
939 4021 981 4075 sic
999 4040 1049 4078 nos
1074 4026 1156 4073 terat.
1190 4017 1294 4079 Quibus
1311 4032 1379 4071 sane
1396 4016 1487 4071 uerbis
1505 4024 1598 4070 edera
1616 4018 1712 4071 neoris
1729 4017 1803 4073 uitia
1820 4036 1909 4090 aequo

213 4122 330 4175 apameo
360 4122 421 4159 cum
452 4106 587 4175 conjupe,·
622 4104 672 4158 ille
704 4105 777 4159 enim
795 4123 939 4176 nunquam
970 4110 1048 4162 dere·
1075 4104 1169 4157 animo
1195 4104 1272 4177 ferri
1287 4103 1384 4173 jubet,
1405 4118 1455 4156 eeu
1474 4102 1579 4171 laeuae
1596 4103 1638 4156 sit
1656 4102 1727 4173 illa,
1759 4120 1809 4159 seu
1828 4112 1909 4160 tarsu

213 4192 328 4262 linquet,
352 4192 409 4246 nisi
428 4194 469 4245 ad
490 4191 675 4259 pestilitatem
695 4197 721 4244 ct
738 4191 866 4246 haeresin
890 4194 1048 4248 uoluntario
1074 4190 1165 4256 lenta,
1198 4205 1248 4243 seu
1265 4188 1427 4243 convitiosa.
1479 4174 1532 4242 Sin
1550 4204 1615 4242 nero
1643 4189 1807 4258 nuptiarum
1836 4190 1909 4260 lenes

213 4278 374 4341 transierit,
405 4277 448 4331 sic
472 4285 498 4331 et
517 4277 562 4331 uir
585 4276 756 4330 meretricem
778 4277 890 4346 animm
916 4277 1049 4347 dimittat,
1076 4275 1271 4329 transsiliat
1258 4292 1289 4328 sn
1306 4275 1449 4344 aliumque
1466 4274 1676 4344 oirumprocan
1690 4275 1828 4347 intendat,
1846 4284 1911 4332 tunc

214 4363 289 4418 olias
307 4370 400 4416 autem
419 4362 493 4416 male
505 4363 714 4432 moriqerotam
735 4364 853 4433 costipcl
872 4371 897 4416 a
915 4367 1047 4432 emendet,
1077 4361 1195 4431 denique
1212 4361 1342 4430 copulam
1359 4361 1431 4416 solui
1455 4361 1540 4429 iubet.
1585 4365 1624 4417 12.
1642 4360 1773 4433 Denique
1799 4369 1910 4435 patrum

214 4466 248 4505 ex
269 4448 371 4519 quibus
393 4447 445 4503 hoc
464 4448 546 4504 modo
565 4447 773 4504 concludimus:
808 4449 886 4504 Deus
906 4450 1048 4506 ecclesiam
1076 4448 1158 4505 classi
1187 4448 1383 4519 conjungimus
1410 4462 1573 4503 consensum
1606 4447 1739 4502 melariae
1772 4447 1909 4519 Graecae,

213 4550 343 4605 sponsam
355 4534 392 4589 ad
406 4526 589 4606 gentilitatem
602 4539 631 4588 et
643 4532 769 4590 haeresin
778 4534 933 4590 voluntarie
947 4542 1049 4594 manse·
1078 4551 1151 4606 quae
1180 4533 1273 4589 adhuc
1302 4532 1384 4589 hodie
1411 4533 1557 4589 nobiseum
1587 4532 1682 4598 docet,
1713 4532 1823 4590 licitum
1850 4551 1909 4591 osse

214 4626 309 4676 untem
334 4635 368 4675 ea
397 4619 503 4674 ratione
527 4618 655 4686 dimittit,
689 4625 720 4673 ut
744 4636 778 4674 ex
801 4619 856 4674 ulio
881 4622 985 4693 populo
1005 4639 1056 4678 ec-·
1078 4637 1180 4676 norum
1203 4620 1409 4675 matrimonium
1432 4619 1508 4676 facto
1528 4618 1564 4676 ob
1581 4636 1694 4675 eausam
1718 4619 1909 4677 fomentans

214 4706 327 4762 alesiam
359 4705 413 4760 sibi
432 4705 461 4760 in
486 4721 616 4776 sponsam
635 4704 729 4777 eligat.
779 4706 853 4777 Ergo
877 4708 991 4764 maritus
1011 4709 1050 4763 itu
1077 4706 1203 4771 divortio,
1221 4723 1305 4777 quam
1323 4704 1489 4761 seutentiam
1506 4704 1592 4762 dubio
1603 4705 1702 4777 procul
1719 4722 1753 4761 ex
1769 4704 1990 4763 rsoembnsffll

216 4798 310 4863 petest
342 4791 480 4847 dimittere
511 4791 661 4862 conjugem
693 4789 863 4859 adulteram,
901 4800 932 4848 ut
966 4795 1051 4851 ducat
1077 4793 1210 4848 ecelesias
1240 4808 1307 4847 snae
1336 4791 1494 4848 doctoribus
1523 4797 1698 4863 aceepsnmt.
1744 4792 1853 4849 Notum
1869 4801 1910 4847 est

213 4877 305 4933 diam.
344 4880 367 4930 8.
392 4877 573 4945 Euthymium
605 4876 795 4948 chrysostomi
820 4870 1049 4946 abbreviatorem,
1074 4876 1181 4945 (scribit
1198 4877 1383 4933 Bellarmiuus
1407 4893 1430 4932 ι.
1460 4877 1755 4947 15.),hoctsmpcre
1782 4877 1910 4935 Graecos

154 5012 160 5021 .
213 4963 267 5036 qui
281 4963 352 5017 ine.
373 4969 397 5019 t.
415 4961 514 5018 Matth.
535 4962 576 5018 sie
595 4966 812 5020 commentatur.
831 4965 946 5033 Moyses
963 4965 1049 5033 iussit
1074 4980 1106 5017 re
1133 4964 1197 5033 ipsa
1225 4962 1407 5016 matrimonia
1433 4961 1585 5017 dmsoloere
1614 4969 1641 5017 ct
1656 4964 1824 5033 eonjuailus
1848 4967 1911 5022 olio

214 5051 285 5104 dare
303 5050 427 5105 libellum
445 5050 570 5119 repudii,
586 5066 621 5104 ne
631 5056 740 5131 posteo·
750 5048 869 5104 alteri
853 5066 915 5120 pam
932 5058 1047 5120 nuptam
1075 5048 1255 5103 matrimonia
1273 5048 1391 5103 ineundi
1404 5055 1573 5120 potestatem
1584 5049 1716 5115 facem
1703 5066 1735 5103 sn
1750 5066 1840 5107 musa
1858 5053 1911 5105 ad-

213 5137 275 5192 uisa
299 5146 395 5207 posset
422 5154 521 5190 ιιιιιιι
553 5122 763 5206 apprehendere
790 5135 876 5206 pensi
886 5136 1048 5205 propriam,
1074 5134 1177 5188 ulterii.

214 5231 241 5277 et
259 5222 324 5276 hinc
342 5221 485 5275 orirentur
503 5223 675 5276 turbationes
692 5239 728 5276 ac
741 5221 901 5292 seditiones,
924 5222 1049 5277 christus
1110 5224 1167 5276 580
1201 5219 1314 5291 Sextum
1341 5224 1370 5275 et
1393 5217 1517 5275 ultimam
1538 5224 1763 5291 argumentorum
1791 5220 1979 5318 alassemlffl

213 5325 279 5364 cero
308 5307 480 5363 mansuetius
513 5324 559 5363 eos
579 5308 726 5363 instituens
750 5307 842 5378 jubet,
871 5325 906 5362 ne
936 5324 1049 5363 suarem
1076 5305 1239 5362 deducimus
1267 5322 1301 5359 eo
1331 5306 1458 5376 ipsorum
1490 5307 1720 5363 &versariorum
1752 5309 1912 5379 suffragiis,
1924 5278 1990 5370 'iim

215 5393 366 5462 repudient
392 5392 450 5447 nist
476 5410 562 5447 causa
578 5394 683 5464 stupri,
711 5401 839 5464 stuprum
858 5400 950 5449 autem
968 5396 1063 5467 uocati
1078 5393 1126 5449 ubi
1144 5391 1321 5490 producimus
1346 5398 1369 5447 1.
1382 5392 1706 5463 pontificumrcsoripta.
1726 5397 1747 5451 1.
1760 5382 1990 5451 &cummim
1925 5430 1990 5474 „m

215 5479 260 5533 hic
292 5477 465 5533 adulmrium
484 5484 537 5534 etc.
583 5478 677 5536 Sixtus
701 5479 799 5537 eodem
827 5479 909 5534 modo
939 5479 1155 5552 excipittpapa
1180 5478 1285 5550 primus
1311 5477 1447 5547 decrerit,
1478 5485 1509 5533 ut
1536 5495 1607 5534 secor
1629 5478 1784 5550 repudiato
1800 5483 1915 5547 morito,
1928 5483 1971 5535 nu
