<?xml version="1.0" encoding="UTF-8"?>
<!DOCTYPE html PUBLIC "-//W3C//DTD XHTML 1.0 Transitional//EN"
    "http://www.w3.org/TR/xhtml1/DTD/xhtml1-transitional.dtd">
<html xmlns="http://www.w3.org/1999/xhtml" xml:lang="en" lang="en">
 <head>
  <title>
</title>
<meta http-equiv="Content-Type" content="text/html;charset=utf-8" />
  <meta name='ocr-system' content='tesseract 3.04.00' />
  <meta name='ocr-capabilities' content='ocr_page ocr_carea ocr_par ocr_line ocrx_word'/>
</head>
<body>
  <div class='ocr_page' id='page_1' title='image "./locitheologicit01gerhgoog/locitheologicit01gerhgoog_0445.png"; bbox 0 0 4020 6022; ppageno 0'>
   <div class='ocr_carea' id='block_1_1' title="bbox 803 279 1788 377">
    <p class='ocr_par' dir='ltr' id='par_1_1' title="bbox 803 279 1788 377">
     <span class='ocr_line' id='line_1_1' title="bbox 803 279 1788 377; baseline 0.007 -38"><span class='ocrx_word' id='word_1_1' title='bbox 803 279 1075 339; x_wconf 81' lang='lat' dir='ltr'><strong>naconmoro.</strong></span> <span class='ocrx_word' id='word_1_2' title='bbox 1446 360 1455 377; x_wconf 86' lang='lat'><strong>.</strong></span> <span class='ocrx_word' id='word_1_3' title='bbox 1726 287 1788 347; x_wconf 79' lang='lat' dir='ltr'><strong>sss</strong></span> 
     </span>
    </p>
   </div>
   <div class='ocr_carea' id='block_1_2' title="bbox 45 435 1895 5695">
    <p class='ocr_par' dir='ltr' id='par_1_2' title="bbox 45 435 1895 5695">
     <span class='ocr_line' id='line_1_2' title="bbox 93 435 1787 511; baseline -0.001 -19"><span class='ocrx_word' id='word_1_4' title='bbox 93 437 171 507; x_wconf 72' lang='lat' dir='ltr'><strong>idad</strong></span> <span class='ocrx_word' id='word_1_5' title='bbox 190 439 417 511; x_wconf 51' lang='lat' dir='ltr'><strong>militensem,</strong></span> <span class='ocrx_word' id='word_1_6' title='bbox 437 439 477 495; x_wconf 78' lang='lat' dir='ltr'><strong>bit</strong></span> <span class='ocrx_word' id='word_1_7' title='bbox 495 440 528 511; x_wconf 73' lang='lat' dir='ltr'><strong>ste</strong></span> <span class='ocrx_word' id='word_1_8' title='bbox 546 440 595 496; x_wconf 77' lang='lat' dir='ltr'><strong>eu</strong></span> <span class='ocrx_word' id='word_1_9' title='bbox 611 439 716 498; x_wconf 62' lang='lat' dir='ltr'><strong>&amp;strati</strong></span> <span class='ocrx_word' id='word_1_10' title='bbox 726 439 857 510; x_wconf 68' lang='lat' dir='ltr'><strong>inquiat,</strong></span> <span class='ocrx_word' id='word_1_11' title='bbox 875 439 929 494; x_wconf 79' lang='lat' dir='ltr'><strong>uui</strong></span> <span class='ocrx_word' id='word_1_12' title='bbox 956 435 1043 509; x_wconf 81' lang='lat' dir='ltr'><strong>Atqui</strong></span> <span class='ocrx_word' id='word_1_13' title='bbox 1058 437 1100 492; x_wconf 92' lang='lat' dir='ltr'><strong>illi</strong></span> <span class='ocrx_word' id='word_1_14' title='bbox 1111 436 1174 508; x_wconf 90' lang='lat' dir='ltr'><strong>ipsi,</strong></span> <span class='ocrx_word' id='word_1_15' title='bbox 1191 435 1319 509; x_wconf 89' lang='lat' dir='ltr'><strong>adeoque</strong></span> <span class='ocrx_word' id='word_1_16' title='bbox 1331 453 1425 493; x_wconf 88' lang='lat' dir='ltr'><strong>omnes</strong></span> <span class='ocrx_word' id='word_1_17' title='bbox 1436 435 1472 492; x_wconf 86' lang='lat' dir='ltr'><strong>V.</strong></span> <span class='ocrx_word' id='word_1_18' title='bbox 1486 436 1520 493; x_wconf 87' lang='lat' dir='ltr'><strong>T.</strong></span> <span class='ocrx_word' id='word_1_19' title='bbox 1534 435 1691 492; x_wconf 71' lang='lat' dir='ltr'><strong>mandatas</strong></span> <span class='ocrx_word' id='word_1_20' title='bbox 1705 435 1787 491; x_wconf 90' lang='lat' dir='ltr'><strong>simul</strong></span> 
     </span>
     <span class='ocr_line' id='line_1_3' title="bbox 94 521 1789 598; baseline -0.003 -17"><span class='ocrx_word' id='word_1_21' title='bbox 94 527 128 598; x_wconf 73' lang='lat' dir='ltr'><strong>su</strong></span> <span class='ocrx_word' id='word_1_22' title='bbox 147 526 239 582; x_wconf 77' lang='lat' dir='ltr'><strong>liuute</strong></span> <span class='ocrx_word' id='word_1_23' title='bbox 257 527 363 597; x_wconf 68' lang='lat' dir='ltr'><strong>iuuari</strong></span> <span class='ocrx_word' id='word_1_24' title='bbox 383 529 489 598; x_wconf 68' lang='lat' dir='ltr'><strong>gangen</strong></span> <span class='ocrx_word' id='word_1_25' title='bbox 519 527 633 596; x_wconf 73' lang='lat' dir='ltr'><strong>tuingen,</strong></span> <span class='ocrx_word' id='word_1_26' title='bbox 661 526 710 595; x_wconf 71' lang='lat' dir='ltr'><strong>tofi</strong></span> <span class='ocrx_word' id='word_1_27' title='bbox 738 527 770 594; x_wconf 75' lang='lat' dir='ltr'><strong>iis</strong></span> <span class='ocrx_word' id='word_1_28' title='bbox 797 525 865 595; x_wconf 69' lang='lat' dir='ltr'><strong>nteit</strong></span> <span class='ocrx_word' id='word_1_29' title='bbox 888 525 929 580; x_wconf 80' lang='lat' dir='ltr'><strong>lc·</strong></span> <span class='ocrx_word' id='word_1_30' title='bbox 956 528 985 578; x_wconf 90' lang='lat' dir='ltr'><strong>et</strong></span> <span class='ocrx_word' id='word_1_31' title='bbox 1003 522 1064 578; x_wconf 89' lang='lat' dir='ltr'><strong>Deo</strong></span> <span class='ocrx_word' id='word_1_32' title='bbox 1081 523 1109 577; x_wconf 91' lang='lat' dir='ltr'><strong>in</strong></span> <span class='ocrx_word' id='word_1_33' title='bbox 1123 521 1310 578; x_wconf 82' lang='lat' dir='ltr'><strong>ecclesiastico</strong></span> <span class='ocrx_word' id='word_1_34' title='bbox 1328 522 1420 578; x_wconf 84' lang='lat' dir='ltr'><strong>officio</strong></span> <span class='ocrx_word' id='word_1_35' title='bbox 1433 522 1632 593; x_wconf 85' lang='lat' dir='ltr'><strong>ministrarunt,</strong></span> <span class='ocrx_word' id='word_1_36' title='bbox 1650 521 1789 577; x_wconf 85' lang='lat' dir='ltr'><strong>etliberos</strong></span> 
     </span>
     <span class='ocr_line' id='line_1_4' title="bbox 94 607 1788 683; baseline -0.002 -16"><span class='ocrx_word' id='word_1_37' title='bbox 94 611 190 682; x_wconf 77' lang='lat' dir='ltr'><strong>tuiliqt</strong></span> <span class='ocrx_word' id='word_1_38' title='bbox 207 613 287 682; x_wconf 64' lang='lat' dir='ltr'><strong>bitte,</strong></span> <span class='ocrx_word' id='word_1_39' title='bbox 309 613 373 682; x_wconf 73' lang='lat' dir='ltr'><strong>bitte</strong></span> <span class='ocrx_word' id='word_1_40' title='bbox 392 615 478 670; x_wconf 75' lang='lat' dir='ltr'><strong>uotis</strong></span> <span class='ocrx_word' id='word_1_41' title='bbox 495 613 703 683; x_wconf 62' lang='lat' dir='ltr'><strong>intestinum</strong></span> <span class='ocrx_word' id='word_1_42' title='bbox 722 612 930 681; x_wconf 69' lang='lat' dir='ltr'><strong>audradum</strong></span> <span class='ocrx_word' id='word_1_43' title='bbox 957 626 991 665; x_wconf 89' lang='lat' dir='ltr'><strong>er</strong></span> <span class='ocrx_word' id='word_1_44' title='bbox 1010 609 1141 682; x_wconf 87' lang='lat' dir='ltr'><strong>conjugio</strong></span> <span class='ocrx_word' id='word_1_45' title='bbox 1165 616 1354 680; x_wconf 86' lang='lat' dir='ltr'><strong>suscepenmt</strong></span> <span class='ocrx_word' id='word_1_46' title='bbox 1399 608 1492 665; x_wconf 80' lang='lat' dir='ltr'><strong>Affert</strong></span> <span class='ocrx_word' id='word_1_47' title='bbox 1515 614 1634 681; x_wconf 85' lang='lat' dir='ltr'><strong>quatuor</strong></span> <span class='ocrx_word' id='word_1_48' title='bbox 1657 607 1788 677; x_wconf 85' lang='lat' dir='ltr'><strong>rationes,</strong></span> 
     </span>
     <span class='ocr_line' id='line_1_5' title="bbox 94 694 1789 770; baseline -0.004 -16"><span class='ocrx_word' id='word_1_49' title='bbox 94 699 253 768; x_wconf 73' lang='lat' dir='ltr'><strong>tdsidplafen,</strong></span> <span class='ocrx_word' id='word_1_50' title='bbox 274 701 342 755; x_wconf 75' lang='lat' dir='ltr'><strong>isan</strong></span> <span class='ocrx_word' id='word_1_51' title='bbox 362 704 390 755; x_wconf 72' lang='lat' dir='ltr'><strong>st</strong></span> <span class='ocrx_word' id='word_1_52' title='bbox 417 700 535 769; x_wconf 65' lang='lat' dir='ltr'><strong>scidisti</strong></span> <span class='ocrx_word' id='word_1_53' title='bbox 564 699 607 770; x_wconf 71' lang='lat' dir='ltr'><strong>ilc</strong></span> <span class='ocrx_word' id='word_1_54' title='bbox 638 700 667 767; x_wconf 84' lang='lat' dir='ltr'><strong>io</strong></span> <span class='ocrx_word' id='word_1_55' title='bbox 685 698 759 763; x_wconf 75' lang='lat' dir='ltr'><strong>sisu,</strong></span> <span class='ocrx_word' id='word_1_56' title='bbox 790 700 834 754; x_wconf 69' lang='lat' dir='ltr'><strong>old</strong></span> <span class='ocrx_word' id='word_1_57' title='bbox 853 707 929 754; x_wconf 76' lang='lat' dir='ltr'><strong>meua</strong></span> <span class='ocrx_word' id='word_1_58' title='bbox 956 712 1026 768; x_wconf 81' lang='lat' dir='ltr'><strong>quas</strong></span> <span class='ocrx_word' id='word_1_59' title='bbox 1057 695 1173 751; x_wconf 83' lang='lat' dir='ltr'><strong>totidem</strong></span> <span class='ocrx_word' id='word_1_60' title='bbox 1198 694 1290 752; x_wconf 74' lang='lat' dir='ltr'><strong>rabis</strong></span> <span class='ocrx_word' id='word_1_61' title='bbox 1309 695 1345 751; x_wconf 90' lang='lat' dir='ltr'><strong>ad</strong></span> <span class='ocrx_word' id='word_1_62' title='bbox 1368 694 1530 767; x_wconf 88' lang='lat' dir='ltr'><strong>conjugium</strong></span> <span class='ocrx_word' id='word_1_63' title='bbox 1551 694 1726 751; x_wconf 71' lang='lat' dir='ltr'><strong>smedomm</strong></span> <span class='ocrx_word' id='word_1_64' title='bbox 1744 709 1789 748; x_wconf 88' lang='lat' dir='ltr'><strong>ac·</strong></span> 
     </span>
     <span class='ocr_line' id='line_1_6' title="bbox 93 780 1789 856; baseline -0.002 -17"><span class='ocrx_word' id='word_1_65' title='bbox 93 784 165 840; x_wconf 77' lang='lat' dir='ltr'><strong>eiust</strong></span> <span class='ocrx_word' id='word_1_66' title='bbox 190 784 277 840; x_wconf 59' lang='lat' dir='ltr'><strong>Dicae</strong></span> <span class='ocrx_word' id='word_1_67' title='bbox 306 784 355 840; x_wconf 81' lang='lat' dir='ltr'><strong>mit</strong></span> <span class='ocrx_word' id='word_1_68' title='bbox 384 785 490 843; x_wconf 73' lang='lat' dir='ltr'><strong>diemalt</strong></span> <span class='ocrx_word' id='word_1_69' title='bbox 516 785 574 856; x_wconf 69' lang='lat' dir='ltr'><strong>iius</strong></span> <span class='ocrx_word' id='word_1_70' title='bbox 593 785 660 854; x_wconf 69' lang='lat' dir='ltr'><strong>dita</strong></span> <span class='ocrx_word' id='word_1_71' title='bbox 684 798 836 855; x_wconf 79' lang='lat' dir='ltr'><strong>qmummen</strong></span> <span class='ocrx_word' id='word_1_72' title='bbox 854 784 928 851; x_wconf 74' lang='lat' dir='ltr'><strong>tuiti,</strong></span> <span class='ocrx_word' id='word_1_73' title='bbox 956 782 1131 838; x_wconf 90' lang='lat' dir='ltr'><strong>commodare</strong></span> <span class='ocrx_word' id='word_1_74' title='bbox 1149 798 1304 852; x_wconf 88' lang='lat' dir='ltr'><strong>possumus.</strong></span> <span class='ocrx_word' id='word_1_75' title='bbox 1347 781 1442 837; x_wconf 89' lang='lat' dir='ltr'><strong>Primo</strong></span> <span class='ocrx_word' id='word_1_76' title='bbox 1470 780 1655 837; x_wconf 84' lang='lat' dir='ltr'><strong>sacerdotium</strong></span> <span class='ocrx_word' id='word_1_77' title='bbox 1680 786 1709 835; x_wconf 90' lang='lat' dir='ltr'><strong>et</strong></span> <span class='ocrx_word' id='word_1_78' title='bbox 1725 797 1789 836; x_wconf 91' lang='lat' dir='ltr'><strong>con·</strong></span> 
     </span>
     <span class='ocr_line' id='line_1_7' title="bbox 94 866 1789 942; baseline -0.004 -17"><span class='ocrx_word' id='word_1_79' title='bbox 94 871 144 927; x_wconf 72' lang='lat' dir='ltr'><strong>bot</strong></span> <span class='ocrx_word' id='word_1_80' title='bbox 164 885 227 928; x_wconf 81' lang='lat' dir='ltr'><strong>mon</strong></span> <span class='ocrx_word' id='word_1_81' title='bbox 244 877 355 942; x_wconf 88' lang='lat' dir='ltr'><strong>raptum</strong></span> <span class='ocrx_word' id='word_1_82' title='bbox 373 870 450 942; x_wconf 68' lang='lat' dir='ltr'><strong>icifit,</strong></span> <span class='ocrx_word' id='word_1_83' title='bbox 476 873 529 928; x_wconf 77' lang='lat' dir='ltr'><strong>aab</strong></span> <span class='ocrx_word' id='word_1_84' title='bbox 554 871 621 927; x_wconf 80' lang='lat' dir='ltr'><strong>isiae</strong></span> <span class='ocrx_word' id='word_1_85' title='bbox 638 872 691 941; x_wconf 68' lang='lat' dir='ltr'><strong>die</strong></span> <span class='ocrx_word' id='word_1_86' title='bbox 709 882 739 940; x_wconf 64' lang='lat' dir='ltr'><strong>,a</strong></span> <span class='ocrx_word' id='word_1_87' title='bbox 759 871 869 941; x_wconf 69' lang='lat' dir='ltr'><strong>tiliam</strong></span> <span class='ocrx_word' id='word_1_88' title='bbox 887 869 925 940; x_wconf 73' lang='lat' dir='ltr'><strong>iit,</strong></span> <span class='ocrx_word' id='word_1_89' title='bbox 952 868 1064 940; x_wconf 86' lang='lat' dir='ltr'><strong>jugium</strong></span> <span class='ocrx_word' id='word_1_90' title='bbox 1081 885 1138 922; x_wconf 86' lang='lat' dir='ltr'><strong>non</strong></span> <span class='ocrx_word' id='word_1_91' title='bbox 1158 876 1222 922; x_wconf 83' lang='lat' dir='ltr'><strong>eunt</strong></span> <span class='ocrx_word' id='word_1_92' title='bbox 1248 868 1403 937; x_wconf 75' lang='lat' dir='ltr'><strong>contraria,</strong></span> <span class='ocrx_word' id='word_1_93' title='bbox 1433 866 1482 922; x_wconf 86' lang='lat' dir='ltr'><strong>sed</strong></span> <span class='ocrx_word' id='word_1_94' title='bbox 1507 874 1655 936; x_wconf 79' lang='lat' dir='ltr'><strong>utrumque</strong></span> <span class='ocrx_word' id='word_1_95' title='bbox 1680 866 1789 935; x_wconf 64' lang='lat' dir='ltr'><strong>meum,</strong></span> 
     </span>
     <span class='ocr_line' id='line_1_8' title="bbox 93 953 1786 1028; baseline -0.003 -16"><span class='ocrx_word' id='word_1_96' title='bbox 93 958 148 1014; x_wconf 81' lang='lat' dir='ltr'><strong>aab</strong></span> <span class='ocrx_word' id='word_1_97' title='bbox 178 958 244 1024; x_wconf 80' lang='lat' dir='ltr'><strong>atla,</strong></span> <span class='ocrx_word' id='word_1_98' title='bbox 276 957 315 1014; x_wconf 82' lang='lat' dir='ltr'><strong>bis</strong></span> <span class='ocrx_word' id='word_1_99' title='bbox 344 958 438 1027; x_wconf 68' lang='lat' dir='ltr'><strong>§uldel</strong></span> <span class='ocrx_word' id='word_1_100' title='bbox 470 958 569 1014; x_wconf 81' lang='lat' dir='ltr'><strong>ttcitsn</strong></span> <span class='ocrx_word' id='word_1_101' title='bbox 602 959 656 1014; x_wconf 82' lang='lat' dir='ltr'><strong>unt</strong></span> <span class='ocrx_word' id='word_1_102' title='bbox 675 958 739 1026; x_wconf 74' lang='lat' dir='ltr'><strong>tom</strong></span> <span class='ocrx_word' id='word_1_103' title='bbox 758 958 850 1028; x_wconf 73' lang='lat' dir='ltr'><strong>tettan,</strong></span> <span class='ocrx_word' id='word_1_104' title='bbox 874 957 930 1027; x_wconf 75' lang='lat' dir='ltr'><strong>[tut</strong></span> <span class='ocrx_word' id='word_1_105' title='bbox 955 963 1100 1023; x_wconf 72' lang='lat' dir='ltr'><strong>ulnamque</strong></span> <span class='ocrx_word' id='word_1_106' title='bbox 1119 973 1139 1009; x_wconf 90' lang='lat' dir='ltr'><strong>a</strong></span> <span class='ocrx_word' id='word_1_107' title='bbox 1157 957 1229 1022; x_wconf 84' lang='lat' dir='ltr'><strong>Deo,</strong></span> <span class='ocrx_word' id='word_1_108' title='bbox 1247 962 1393 1025; x_wconf 69' lang='lat' dir='ltr'><strong>mumque</strong></span> <span class='ocrx_word' id='word_1_109' title='bbox 1410 954 1558 1009; x_wconf 73' lang='lat' dir='ltr'><strong><em>laudabile</em></strong></span> <span class='ocrx_word' id='word_1_110' title='bbox 1585 960 1612 1007; x_wconf 85' lang='lat' dir='ltr'><strong>st</strong></span> <span class='ocrx_word' id='word_1_111' title='bbox 1637 970 1723 1007; x_wconf 79' lang='lat' dir='ltr'><strong>unmu</strong></span> <span class='ocrx_word' id='word_1_112' title='bbox 1746 953 1786 1006; x_wconf 88' lang='lat' dir='ltr'><strong>al·</strong></span> 
     </span>
     <span class='ocr_line' id='line_1_9' title="bbox 93 1038 1788 1115; baseline -0.004 -16"><span class='ocrx_word' id='word_1_113' title='bbox 93 1044 204 1115; x_wconf 71' lang='lat' dir='ltr'><strong>tqultig</strong></span> <span class='ocrx_word' id='word_1_114' title='bbox 232 1045 276 1100; x_wconf 77' lang='lat' dir='ltr'><strong>icc</strong></span> <span class='ocrx_word' id='word_1_115' title='bbox 305 1044 411 1102; x_wconf 66' lang='lat' dir='ltr'><strong>deuoti</strong></span> <span class='ocrx_word' id='word_1_116' title='bbox 443 1045 497 1099; x_wconf 78' lang='lat' dir='ltr'><strong>aab</strong></span> <span class='ocrx_word' id='word_1_117' title='bbox 528 1046 573 1100; x_wconf 76' lang='lat' dir='ltr'><strong>bel</strong></span> <span class='ocrx_word' id='word_1_118' title='bbox 602 1045 710 1103; x_wconf 72' lang='lat' dir='ltr'><strong>uentre</strong></span> <span class='ocrx_word' id='word_1_119' title='bbox 734 1043 804 1114; x_wconf 74' lang='lat' dir='ltr'><strong>itta</strong></span> <span class='ocrx_word' id='word_1_120' title='bbox 829 1045 929 1105; x_wconf 70' lang='lat' dir='ltr'><strong>dileto.</strong></span> <span class='ocrx_word' id='word_1_121' title='bbox 956 1041 1013 1096; x_wconf 81' lang='lat' dir='ltr'><strong>teri</strong></span> <span class='ocrx_word' id='word_1_122' title='bbox 1027 1042 1121 1096; x_wconf 78' lang='lat' dir='ltr'><strong>seruit</strong></span> <span class='ocrx_word' id='word_1_123' title='bbox 1167 1041 1243 1113; x_wconf 83' lang='lat' dir='ltr'><strong>Ergo</strong></span> <span class='ocrx_word' id='word_1_124' title='bbox 1260 1058 1316 1096; x_wconf 90' lang='lat' dir='ltr'><strong>non</strong></span> <span class='ocrx_word' id='word_1_125' title='bbox 1333 1048 1462 1114; x_wconf 86' lang='lat' dir='ltr'><strong>pugnant</strong></span> <span class='ocrx_word' id='word_1_126' title='bbox 1480 1040 1552 1096; x_wconf 89' lang='lat' dir='ltr'><strong>inter</strong></span> <span class='ocrx_word' id='word_1_127' title='bbox 1574 1056 1613 1105; x_wconf 88' lang='lat' dir='ltr'><strong>ss,</strong></span> <span class='ocrx_word' id='word_1_128' title='bbox 1637 1039 1686 1096; x_wconf 90' lang='lat' dir='ltr'><strong>sed</strong></span> <span class='ocrx_word' id='word_1_129' title='bbox 1704 1038 1788 1094; x_wconf 89' lang='lat' dir='ltr'><strong>simul</strong></span> 
     </span>
     <span class='ocr_line' id='line_1_10' title="bbox 95 1125 1789 1201; baseline -0.005 -13"><span class='ocrx_word' id='word_1_130' title='bbox 95 1130 175 1188; x_wconf 65' lang='lat' dir='ltr'><strong>daun</strong></span> <span class='ocrx_word' id='word_1_131' title='bbox 194 1145 257 1186; x_wconf 82' lang='lat' dir='ltr'><strong>mou</strong></span> <span class='ocrx_word' id='word_1_132' title='bbox 271 1131 304 1197; x_wconf 74' lang='lat' dir='ltr'><strong>sie</strong></span> <span class='ocrx_word' id='word_1_133' title='bbox 324 1131 385 1186; x_wconf 81' lang='lat' dir='ltr'><strong>aler</strong></span> <span class='ocrx_word' id='word_1_134' title='bbox 399 1131 523 1196; x_wconf 73' lang='lat' dir='ltr'><strong>seete,</strong></span> <span class='ocrx_word' id='word_1_135' title='bbox 560 1132 611 1201; x_wconf 68' lang='lat' dir='ltr'><strong>bot</strong></span> <span class='ocrx_word' id='word_1_136' title='bbox 628 1131 662 1201; x_wconf 72' lang='lat' dir='ltr'><strong>fic</strong></span> <span class='ocrx_word' id='word_1_137' title='bbox 680 1135 709 1186; x_wconf 77' lang='lat' dir='ltr'><strong>es</strong></span> <span class='ocrx_word' id='word_1_138' title='bbox 732 1132 791 1199; x_wconf 71' lang='lat' dir='ltr'><strong>totis</strong></span> <span class='ocrx_word' id='word_1_139' title='bbox 811 1132 858 1200; x_wconf 82' lang='lat' dir='ltr'><strong>qut</strong></span> <span class='ocrx_word' id='word_1_140' title='bbox 878 1130 931 1200; x_wconf 75' lang='lat' dir='ltr'><strong>[siu</strong></span> <span class='ocrx_word' id='word_1_141' title='bbox 957 1128 986 1182; x_wconf 90' lang='lat' dir='ltr'><strong>in</strong></span> <span class='ocrx_word' id='word_1_142' title='bbox 1001 1129 1098 1183; x_wconf 88' lang='lat' dir='ltr'><strong>eodem</strong></span> <span class='ocrx_word' id='word_1_143' title='bbox 1116 1127 1244 1200; x_wconf 85' lang='lat' dir='ltr'><strong>subjecto</strong></span> <span class='ocrx_word' id='word_1_144' title='bbox 1262 1133 1458 1199; x_wconf 75' lang='lat' dir='ltr'><strong>asepounnt.</strong></span> <span class='ocrx_word' id='word_1_145' title='bbox 1494 1126 1624 1184; x_wconf 80' lang='lat' dir='ltr'><strong>secundo</strong></span> <span class='ocrx_word' id='word_1_146' title='bbox 1641 1126 1730 1198; x_wconf 85' lang='lat' dir='ltr'><strong>magis</strong></span> <span class='ocrx_word' id='word_1_147' title='bbox 1748 1125 1789 1179; x_wconf 91' lang='lat' dir='ltr'><strong>di-</strong></span> 
     </span>
     <span class='ocr_line' id='line_1_11' title="bbox 93 1213 1787 1288; baseline -0.004 -16"><span class='ocrx_word' id='word_1_148' title='bbox 93 1218 148 1273; x_wconf 79' lang='lat' dir='ltr'><strong>unt</strong></span> <span class='ocrx_word' id='word_1_149' title='bbox 170 1217 225 1272; x_wconf 77' lang='lat' dir='ltr'><strong>mill</strong></span> <span class='ocrx_word' id='word_1_150' title='bbox 243 1216 282 1271; x_wconf 83' lang='lat' dir='ltr'><strong>bct</strong></span> <span class='ocrx_word' id='word_1_151' title='bbox 304 1217 359 1272; x_wconf 78' lang='lat' dir='ltr'><strong>tem</strong></span> <span class='ocrx_word' id='word_1_152' title='bbox 379 1216 481 1274; x_wconf 70' lang='lat' dir='ltr'><strong>uanae</strong></span> <span class='ocrx_word' id='word_1_153' title='bbox 511 1216 623 1287; x_wconf 73' lang='lat' dir='ltr'><strong>licitae,</strong></span> <span class='ocrx_word' id='word_1_154' title='bbox 649 1216 698 1273; x_wconf 80' lang='lat' dir='ltr'><strong>tute</strong></span> <span class='ocrx_word' id='word_1_155' title='bbox 720 1217 753 1288; x_wconf 73' lang='lat' dir='ltr'><strong>su</strong></span> <span class='ocrx_word' id='word_1_156' title='bbox 778 1221 806 1271; x_wconf 75' lang='lat' dir='ltr'><strong>el</strong></span> <span class='ocrx_word' id='word_1_157' title='bbox 834 1216 863 1271; x_wconf 84' lang='lat' dir='ltr'><strong>in</strong></span> <span class='ocrx_word' id='word_1_158' title='bbox 887 1216 931 1270; x_wconf 79' lang='lat' dir='ltr'><strong>bct</strong></span> <span class='ocrx_word' id='word_1_159' title='bbox 955 1231 1036 1271; x_wconf 81' lang='lat' dir='ltr'><strong>versa</strong></span> <span class='ocrx_word' id='word_1_160' title='bbox 1059 1222 1125 1270; x_wconf 90' lang='lat' dir='ltr'><strong>sunt</strong></span> <span class='ocrx_word' id='word_1_161' title='bbox 1145 1232 1200 1286; x_wconf 88' lang='lat' dir='ltr'><strong>pax</strong></span> <span class='ocrx_word' id='word_1_162' title='bbox 1224 1219 1254 1270; x_wconf 92' lang='lat' dir='ltr'><strong>et</strong></span> <span class='ocrx_word' id='word_1_163' title='bbox 1274 1214 1378 1270; x_wconf 88' lang='lat' dir='ltr'><strong>bellum</strong></span> <span class='ocrx_word' id='word_1_164' title='bbox 1403 1231 1486 1286; x_wconf 90' lang='lat' dir='ltr'><strong>qnam</strong></span> <span class='ocrx_word' id='word_1_165' title='bbox 1516 1213 1679 1285; x_wconf 87' lang='lat' dir='ltr'><strong>conjugium</strong></span> <span class='ocrx_word' id='word_1_166' title='bbox 1698 1218 1727 1267; x_wconf 87' lang='lat' dir='ltr'><strong>et</strong></span> <span class='ocrx_word' id='word_1_167' title='bbox 1744 1227 1787 1266; x_wconf 88' lang='lat' dir='ltr'><strong>sa·</strong></span> 
     </span>
     <span class='ocr_line' id='line_1_12' title="bbox 91 1300 1787 1374; baseline -0.005 -13"><span class='ocrx_word' id='word_1_168' title='bbox 91 1302 186 1361; x_wconf 73' lang='lat' dir='ltr'><strong>unua</strong></span> <span class='ocrx_word' id='word_1_169' title='bbox 202 1303 268 1372; x_wconf 70' lang='lat' dir='ltr'><strong>tien</strong></span> <span class='ocrx_word' id='word_1_170' title='bbox 283 1303 379 1372; x_wconf 65' lang='lat' dir='ltr'><strong>mittit,</strong></span> <span class='ocrx_word' id='word_1_171' title='bbox 396 1303 424 1373; x_wconf 74' lang='grc' dir='ltr'><strong>1ο</strong></span> <span class='ocrx_word' id='word_1_172' title='bbox 447 1303 479 1372; x_wconf 75' lang='lat' dir='ltr'><strong>iit</strong></span> <span class='ocrx_word' id='word_1_173' title='bbox 498 1308 528 1359; x_wconf 76' lang='lat' dir='ltr'><strong>sl</strong></span> <span class='ocrx_word' id='word_1_174' title='bbox 543 1304 609 1374; x_wconf 77' lang='lat' dir='ltr'><strong>tcflu</strong></span> <span class='ocrx_word' id='word_1_175' title='bbox 628 1302 705 1374; x_wconf 73' lang='lat' dir='ltr'><strong>luffa</strong></span> <span class='ocrx_word' id='word_1_176' title='bbox 720 1304 773 1358; x_wconf 81' lang='lat' dir='ltr'><strong>unt</strong></span> <span class='ocrx_word' id='word_1_177' title='bbox 787 1303 853 1358; x_wconf 73' lang='lat' dir='ltr'><strong>utut</strong></span> <span class='ocrx_word' id='word_1_178' title='bbox 872 1317 930 1357; x_wconf 85' lang='lat' dir='ltr'><strong>nun</strong></span> <span class='ocrx_word' id='word_1_179' title='bbox 956 1302 1118 1360; x_wconf 86' lang='lat' dir='ltr'><strong>cerdotium.</strong></span> <span class='ocrx_word' id='word_1_180' title='bbox 1153 1300 1208 1356; x_wconf 83' lang='lat' dir='ltr'><strong>Sed</strong></span> <span class='ocrx_word' id='word_1_181' title='bbox 1227 1319 1298 1355; x_wconf 71' lang='lat' dir='ltr'><strong>ramus</strong></span> <span class='ocrx_word' id='word_1_182' title='bbox 1316 1309 1344 1356; x_wconf 84' lang='lat' dir='ltr'><strong>et</strong></span> <span class='ocrx_word' id='word_1_183' title='bbox 1356 1302 1431 1356; x_wconf 83' lang='lat' dir='ltr'><strong>idem</strong></span> <span class='ocrx_word' id='word_1_184' title='bbox 1444 1301 1580 1373; x_wconf 79' lang='lat' dir='ltr'><strong>princeps</strong></span> <span class='ocrx_word' id='word_1_185' title='bbox 1594 1307 1687 1370; x_wconf 82' lang='lat' dir='ltr'><strong>potest</strong></span> <span class='ocrx_word' id='word_1_186' title='bbox 1701 1314 1787 1370; x_wconf 80' lang='lat' dir='ltr'><strong>prae·</strong></span> 
     </span>
     <span class='ocr_line' id='line_1_13' title="bbox 56 1384 1788 1461; baseline -0.004 -16"><span class='ocrx_word' id='word_1_187' title='bbox 56 1394 59 1399; x_wconf 84' lang='lat'>&#39;</span> <span class='ocrx_word' id='word_1_188' title='bbox 93 1391 157 1458; x_wconf 71' lang='lat' dir='ltr'><strong>oute</strong></span> <span class='ocrx_word' id='word_1_189' title='bbox 186 1391 257 1446; x_wconf 72' lang='lat' dir='ltr'><strong>ileu</strong></span> <span class='ocrx_word' id='word_1_190' title='bbox 284 1390 361 1459; x_wconf 66' lang='lat' dir='ltr'><strong>butri</strong></span> <span class='ocrx_word' id='word_1_191' title='bbox 387 1389 443 1461; x_wconf 73' lang='lat' dir='ltr'><strong>itte</strong></span> <span class='ocrx_word' id='word_1_192' title='bbox 477 1389 649 1460; x_wconf 66' lang='lat' dir='ltr'><strong>emittente</strong></span> <span class='ocrx_word' id='word_1_193' title='bbox 679 1389 734 1446; x_wconf 79' lang='lat' dir='ltr'><strong>eine</strong></span> <span class='ocrx_word' id='word_1_194' title='bbox 762 1389 840 1457; x_wconf 69' lang='lat' dir='ltr'><strong>terite</strong></span> <span class='ocrx_word' id='word_1_195' title='bbox 868 1389 928 1459; x_wconf 68' lang='lat' dir='ltr'><strong>tte.</strong></span> <span class='ocrx_word' id='word_1_196' title='bbox 957 1406 1015 1443; x_wconf 83' lang='lat' dir='ltr'><strong>esse</strong></span> <span class='ocrx_word' id='word_1_197' title='bbox 1031 1389 1144 1442; x_wconf 78' lang='lat' dir='ltr'><strong>semlai</strong></span> <span class='ocrx_word' id='word_1_198' title='bbox 1159 1396 1186 1442; x_wconf 86' lang='lat' dir='ltr'><strong>et</strong></span> <span class='ocrx_word' id='word_1_199' title='bbox 1212 1388 1353 1456; x_wconf 63' lang='lat' dir='ltr'><strong>mamm,</strong></span> <span class='ocrx_word' id='word_1_200' title='bbox 1371 1388 1475 1458; x_wconf 68' lang='lat' dir='ltr'><strong>togatis</strong></span> <span class='ocrx_word' id='word_1_201' title='bbox 1496 1395 1523 1441; x_wconf 82' lang='lat' dir='ltr'><strong>ss</strong></span> <span class='ocrx_word' id='word_1_202' title='bbox 1548 1386 1677 1440; x_wconf 63' lang='lat' dir='ltr'><strong>cuncus</strong></span> <span class='ocrx_word' id='word_1_203' title='bbox 1712 1384 1788 1455; x_wconf 88' lang='lat' dir='ltr'><strong>Ergo</strong></span> 
     </span>
     <span class='ocr_line' id='line_1_14' title="bbox 92 1470 1789 1547; baseline -0.004 -15"><span class='ocrx_word' id='word_1_204' title='bbox 92 1475 161 1534; x_wconf 84' lang='lat' dir='ltr'><strong>lud.</strong></span> <span class='ocrx_word' id='word_1_205' title='bbox 179 1475 230 1533; x_wconf 88' lang='lat' dir='ltr'><strong>ult.</strong></span> <span class='ocrx_word' id='word_1_206' title='bbox 956 1492 1028 1529; x_wconf 87' lang='lat' dir='ltr'><strong>unus</strong></span> <span class='ocrx_word' id='word_1_207' title='bbox 1046 1475 1178 1547; x_wconf 77' lang='lat' dir='ltr'>idemque</span> <span class='ocrx_word' id='word_1_208' title='bbox 1195 1473 1341 1546; x_wconf 84' lang='lat' dir='ltr'><strong>episeopus</strong></span> <span class='ocrx_word' id='word_1_209' title='bbox 1355 1479 1448 1545; x_wconf 86' lang='lat' dir='ltr'><strong>potest</strong></span> <span class='ocrx_word' id='word_1_210' title='bbox 1467 1488 1597 1545; x_wconf 82' lang='lat' dir='ltr'><strong>praeesse</strong></span> <span class='ocrx_word' id='word_1_211' title='bbox 1614 1470 1747 1528; x_wconf 71' lang='lat' dir='ltr'><strong>udaias</strong></span> <span class='ocrx_word' id='word_1_212' title='bbox 1759 1477 1789 1526; x_wconf 91' lang='lat' dir='ltr'><strong>et</strong></span> 
     </span>
     <span class='ocr_line' id='line_1_15' title="bbox 45 1558 1789 1633; baseline -0.005 -15"><span class='ocrx_word' id='word_1_213' title='bbox 45 1568 80 1609; x_wconf 83' lang='lat'><strong>¹⁰·</strong></span> <span class='ocrx_word' id='word_1_214' title='bbox 128 1567 188 1619; x_wconf 84' lang='grc'>653.</span> <span class='ocrx_word' id='word_1_215' title='bbox 224 1566 248 1618; x_wconf 81' lang='grc'><strong>8.</strong></span> <span class='ocrx_word' id='word_1_216' title='bbox 263 1562 342 1616; x_wconf 83' lang='lat' dir='ltr'><strong>Ordo</strong></span> <span class='ocrx_word' id='word_1_217' title='bbox 354 1560 562 1617; x_wconf 88' lang='lat' dir='ltr'><strong>scilicetsacer.</strong></span> <span class='ocrx_word' id='word_1_218' title='bbox 584 1559 724 1625; x_wconf 85' lang='lat' dir='ltr'><strong>Quienim</strong></span> <span class='ocrx_word' id='word_1_219' title='bbox 737 1560 928 1633; x_wconf 88' lang='lat' dir='ltr'><strong>inmajoribus</strong></span> <span class='ocrx_word' id='word_1_220' title='bbox 955 1560 1085 1616; x_wconf 86' lang='lat' dir='ltr'><strong>familiae.</strong></span> <span class='ocrx_word' id='word_1_221' title='bbox 1123 1560 1218 1616; x_wconf 83' lang='lat' dir='ltr'><strong>Tertio</strong></span> <span class='ocrx_word' id='word_1_222' title='bbox 1227 1567 1319 1630; x_wconf 85' lang='lat' dir='ltr'><strong>potsst</strong></span> <span class='ocrx_word' id='word_1_223' title='bbox 1325 1561 1460 1630; x_wconf 74' lang='lat' dir='ltr'><strong>pomifera</strong></span> <span class='ocrx_word' id='word_1_224' title='bbox 1470 1560 1629 1613; x_wconf 81' lang='lat' dir='ltr'><strong>uniuersam</strong></span> <span class='ocrx_word' id='word_1_225' title='bbox 1644 1558 1789 1612; x_wconf 83' lang='lat' dir='ltr'><strong>ecclesiam</strong></span> 
     </span>
     <span class='ocr_line' id='line_1_16' title="bbox 92 1644 1788 1719; baseline -0.002 -16"><span class='ocrx_word' id='word_1_226' title='bbox 92 1648 237 1704; x_wconf 72' lang='lat' dir='ltr'>ordinibus</span> <span class='ocrx_word' id='word_1_227' title='bbox 265 1646 459 1704; x_wconf 87' lang='lat' dir='ltr'><strong>ecclesiasticis</strong></span> <span class='ocrx_word' id='word_1_228' title='bbox 477 1646 620 1704; x_wconf 78' lang='lat' dir='ltr'><strong>constituti</strong></span> <span class='ocrx_word' id='word_1_229' title='bbox 638 1653 717 1715; x_wconf 88' lang='lat' dir='ltr'><strong>sunt,</strong></span> <span class='ocrx_word' id='word_1_230' title='bbox 745 1647 786 1702; x_wconf 90' lang='lat' dir='ltr'><strong>illi</strong></span> <span class='ocrx_word' id='word_1_231' title='bbox 815 1654 929 1718; x_wconf 89' lang='lat' dir='ltr'><strong>propter</strong></span> <span class='ocrx_word' id='word_1_232' title='bbox 955 1665 1052 1716; x_wconf 77' lang='lat' dir='ltr'><strong>repere</strong></span> <span class='ocrx_word' id='word_1_233' title='bbox 1077 1657 1104 1702; x_wconf 85' lang='lat' dir='ltr'><strong>el</strong></span> <span class='ocrx_word' id='word_1_234' title='bbox 1130 1650 1213 1719; x_wconf 77' lang='lat' dir='ltr'><strong>lonqe</strong></span> <span class='ocrx_word' id='word_1_235' title='bbox 1232 1648 1342 1717; x_wconf 79' lang='lat' dir='ltr'><strong>lateque</strong></span> <span class='ocrx_word' id='word_1_236' title='bbox 1368 1653 1493 1716; x_wconf 80' lang='lat' dir='ltr'><strong>patentes</strong></span> <span class='ocrx_word' id='word_1_237' title='bbox 1517 1645 1646 1715; x_wconf 71' lang='lat' dir='ltr'><strong>regiones</strong></span> <span class='ocrx_word' id='word_1_238' title='bbox 1668 1644 1788 1714; x_wconf 81' lang='lat' dir='ltr'><strong>imperio</strong></span> 
     </span>
     <span class='ocr_line' id='line_1_17' title="bbox 93 1731 1786 1805; baseline -0.002 -18"><span class='ocrx_word' id='word_1_239' title='bbox 93 1738 188 1788; x_wconf 84' lang='lat' dir='ltr'><strong>votum</strong></span> <span class='ocrx_word' id='word_1_240' title='bbox 216 1739 371 1804; x_wconf 74' lang='lat' dir='ltr'><strong>perpetuae</strong></span> <span class='ocrx_word' id='word_1_241' title='bbox 405 1732 608 1802; x_wconf 70' lang='lat' dir='ltr'><strong>continentiae,</strong></span> <span class='ocrx_word' id='word_1_242' title='bbox 633 1734 707 1805; x_wconf 85' lang='lat' dir='ltr'><strong>qnod</strong></span> <span class='ocrx_word' id='word_1_243' title='bbox 726 1740 868 1804; x_wconf 84' lang='lat' dir='ltr'><strong>praestare</strong></span> <span class='ocrx_word' id='word_1_244' title='bbox 888 1740 927 1789; x_wconf 90' lang='lat' dir='ltr'><strong>te·</strong></span> <span class='ocrx_word' id='word_1_245' title='bbox 951 1736 1068 1805; x_wconf 82' lang='lat' dir='ltr'><strong>politico</strong></span> <span class='ocrx_word' id='word_1_246' title='bbox 1097 1736 1254 1805; x_wconf 59' lang='lat' dir='ltr'><strong>munere</strong></span> <span class='ocrx_word' id='word_1_247' title='bbox 1282 1743 1309 1789; x_wconf 87' lang='lat' dir='ltr'><strong>st</strong></span> <span class='ocrx_word' id='word_1_248' title='bbox 1330 1732 1502 1789; x_wconf 67' lang='lat' dir='ltr'><strong>Girudanis</strong></span> <span class='ocrx_word' id='word_1_249' title='bbox 1514 1731 1693 1805; x_wconf 65' lang='lat' dir='ltr'><strong>principilia</strong></span> <span class='ocrx_word' id='word_1_250' title='bbox 1711 1732 1786 1798; x_wconf 74' lang='lat' dir='ltr'><strong>lapsa</strong></span> 
     </span>
     <span class='ocr_line' id='line_1_18' title="bbox 92 1818 1784 1894; baseline -0.002 -19"><span class='ocrx_word' id='word_1_251' title='bbox 92 1826 201 1889; x_wconf 83' lang='lat' dir='ltr'><strong>nentur,</strong></span> <span class='ocrx_word' id='word_1_252' title='bbox 221 1820 332 1888; x_wconf 87' lang='lat' dir='ltr'><strong>quando</strong></span> <span class='ocrx_word' id='word_1_253' title='bbox 349 1819 385 1875; x_wconf 91' lang='lat' dir='ltr'><strong>ad</strong></span> <span class='ocrx_word' id='word_1_254' title='bbox 404 1819 588 1876; x_wconf 77' lang='lat' dir='ltr'><strong>sacerdotium</strong></span> <span class='ocrx_word' id='word_1_255' title='bbox 607 1819 770 1887; x_wconf 86' lang='lat' dir='ltr'><strong>evehuntur,</strong></span> <span class='ocrx_word' id='word_1_256' title='bbox 792 1837 810 1874; x_wconf 89' lang='lat' dir='ltr'><strong>a</strong></span> <span class='ocrx_word' id='word_1_257' title='bbox 832 1821 927 1892; x_wconf 92' lang='lat' dir='ltr'><strong>conjn-</strong></span> <span class='ocrx_word' id='word_1_258' title='bbox 955 1824 1033 1878; x_wconf 83' lang='lat' dir='ltr'><strong>darc.</strong></span> <span class='ocrx_word' id='word_1_259' title='bbox 1070 1821 1144 1894; x_wconf 83' lang='lat' dir='ltr'><strong>Ergo</strong></span> <span class='ocrx_word' id='word_1_260' title='bbox 1166 1820 1256 1876; x_wconf 87' lang='lat' dir='ltr'><strong>multo</strong></span> <span class='ocrx_word' id='word_1_261' title='bbox 1272 1820 1381 1876; x_wconf 85' lang='lat' dir='ltr'><strong>facilius</strong></span> <span class='ocrx_word' id='word_1_262' title='bbox 1401 1819 1504 1891; x_wconf 88' lang='lat' dir='ltr'><strong>poterit</strong></span> <span class='ocrx_word' id='word_1_263' title='bbox 1524 1818 1652 1873; x_wconf 85' lang='lat' dir='ltr'><strong>sacerdos</strong></span> <span class='ocrx_word' id='word_1_264' title='bbox 1670 1835 1784 1890; x_wconf 85' lang='lat' dir='ltr'><strong>gregem</strong></span> 
     </span>
     <span class='ocr_line' id='line_1_19' title="bbox 90 1904 1784 1979; baseline -0.002 -17"><span class='ocrx_word' id='word_1_265' title='bbox 90 1906 140 1979; x_wconf 88' lang='lat' dir='ltr'><strong>gio</strong></span> <span class='ocrx_word' id='word_1_266' title='bbox 159 1924 209 1978; x_wconf 87' lang='lat' dir='ltr'><strong>per</strong></span> <span class='ocrx_word' id='word_1_267' title='bbox 227 1913 316 1962; x_wconf 91' lang='lat' dir='ltr'><strong>totum</strong></span> <span class='ocrx_word' id='word_1_268' title='bbox 335 1907 410 1963; x_wconf 87' lang='lat' dir='ltr'><strong>vitae</strong></span> <span class='ocrx_word' id='word_1_269' title='bbox 423 1913 533 1978; x_wconf 91' lang='lat' dir='ltr'><strong>tempus</strong></span> <span class='ocrx_word' id='word_1_270' title='bbox 551 1912 689 1972; x_wconf 88' lang='lat' dir='ltr'><strong>arcentur,</strong></span> <span class='ocrx_word' id='word_1_271' title='bbox 704 1923 737 1961; x_wconf 88' lang='lat' dir='ltr'><strong>ac</strong></span> <span class='ocrx_word' id='word_1_272' title='bbox 755 1905 780 1961; x_wconf 89' lang='lat' dir='ltr'><strong>si</strong></span> <span class='ocrx_word' id='word_1_273' title='bbox 798 1907 834 1961; x_wconf 92' lang='lat' dir='ltr'><strong>de</strong></span> <span class='ocrx_word' id='word_1_274' title='bbox 850 1905 926 1962; x_wconf 83' lang='lat' dir='ltr'><strong>facto</strong></span> <span class='ocrx_word' id='word_1_275' title='bbox 954 1909 1130 1964; x_wconf 87' lang='lat' dir='ltr'><strong>Dominicum</strong></span> <span class='ocrx_word' id='word_1_276' title='bbox 1151 1907 1236 1964; x_wconf 86' lang='lat' dir='ltr'><strong>verbo</strong></span> <span class='ocrx_word' id='word_1_277' title='bbox 1253 1923 1367 1979; x_wconf 88' lang='lat' dir='ltr'><strong>pascere</strong></span> <span class='ocrx_word' id='word_1_278' title='bbox 1388 1911 1417 1962; x_wconf 91' lang='lat' dir='ltr'><strong>et</strong></span> <span class='ocrx_word' id='word_1_279' title='bbox 1433 1904 1567 1960; x_wconf 85' lang='lat' dir='ltr'><strong>familiam</strong></span> <span class='ocrx_word' id='word_1_280' title='bbox 1585 1921 1664 1959; x_wconf 85' lang='lat' dir='ltr'><strong>suam</strong></span> <span class='ocrx_word' id='word_1_281' title='bbox 1682 1904 1784 1976; x_wconf 85' lang='lat' dir='ltr'><strong>gnber-</strong></span> 
     </span>
     <span class='ocr_line' id='line_1_20' title="bbox 90 1989 1785 2065; baseline -0.002 -17"><span class='ocrx_word' id='word_1_282' title='bbox 90 1993 296 2049; x_wconf 88' lang='lat' dir='ltr'><strong>matrimonium</strong></span> <span class='ocrx_word' id='word_1_283' title='bbox 315 1993 489 2059; x_wconf 84' lang='lat' dir='ltr'><strong>contrahant,</strong></span> <span class='ocrx_word' id='word_1_284' title='bbox 508 1993 578 2048; x_wconf 87' lang='lat' dir='ltr'><strong>illud</strong></span> <span class='ocrx_word' id='word_1_285' title='bbox 595 1994 703 2048; x_wconf 87' lang='lat' dir='ltr'><strong>irritum</strong></span> <span class='ocrx_word' id='word_1_286' title='bbox 721 1993 924 2065; x_wconf 86' lang='lat' dir='ltr'><strong>pronuntiatur.</strong></span> <span class='ocrx_word' id='word_1_287' title='bbox 953 2011 1028 2052; x_wconf 89' lang='lat' dir='ltr'><strong>nare.</strong></span> <span class='ocrx_word' id='word_1_288' title='bbox 1071 1995 1176 2059; x_wconf 79' lang='lat' dir='ltr'><strong>Quarto</strong></span> <span class='ocrx_word' id='word_1_289' title='bbox 1206 1993 1255 2064; x_wconf 92' lang='lat' dir='ltr'><strong>qni</strong></span> <span class='ocrx_word' id='word_1_290' title='bbox 1281 1993 1419 2048; x_wconf 73' lang='lat' dir='ltr'><strong>dmerunt</strong></span> <span class='ocrx_word' id='word_1_291' title='bbox 1435 2008 1533 2047; x_wconf 84' lang='lat' dir='ltr'><strong>uxores</strong></span> <span class='ocrx_word' id='word_1_292' title='bbox 1549 2008 1583 2046; x_wconf 86' lang='lat' dir='ltr'><strong>ex</strong></span> <span class='ocrx_word' id='word_1_293' title='bbox 1600 1990 1736 2062; x_wconf 90' lang='lat' dir='ltr'><strong>episcopis</strong></span> <span class='ocrx_word' id='word_1_294' title='bbox 1756 1989 1785 2045; x_wconf 95' lang='lat' dir='ltr'><strong>in</strong></span> 
     </span>
     <span class='ocr_line' id='line_1_21' title="bbox 90 2077 1785 2152; baseline -0.004 -16"><span class='ocrx_word' id='word_1_295' title='bbox 90 2079 147 2136; x_wconf 84' lang='lat' dir='ltr'><strong>Sed</strong></span> <span class='ocrx_word' id='word_1_296' title='bbox 166 2080 233 2152; x_wconf 90' lang='lat' dir='ltr'><strong>qnid</strong></span> <span class='ocrx_word' id='word_1_297' title='bbox 253 2080 289 2135; x_wconf 93' lang='lat' dir='ltr'><strong>de</strong></span> <span class='ocrx_word' id='word_1_298' title='bbox 312 2078 365 2135; x_wconf 89' lang='lat' dir='ltr'><strong>hac</strong></span> <span class='ocrx_word' id='word_1_299' title='bbox 387 2080 555 2135; x_wconf 75' lang='lat' dir='ltr'><strong>matrimonii</strong></span> <span class='ocrx_word' id='word_1_300' title='bbox 580 2080 765 2152; x_wconf 83' lang='lat' dir='ltr'><strong>prohibitione</strong></span> <span class='ocrx_word' id='word_1_301' title='bbox 782 2085 811 2136; x_wconf 91' lang='lat' dir='ltr'><strong>et</strong></span> <span class='ocrx_word' id='word_1_302' title='bbox 827 2086 925 2136; x_wconf 85' lang='lat' dir='ltr'><strong>coacto</strong></span> <span class='ocrx_word' id='word_1_303' title='bbox 952 2082 1093 2152; x_wconf 83' lang='lat' dir='ltr'><strong>primitiva</strong></span> <span class='ocrx_word' id='word_1_304' title='bbox 1122 2081 1252 2151; x_wconf 88' lang='lat' dir='ltr'><strong>ecclesia,</strong></span> <span class='ocrx_word' id='word_1_305' title='bbox 1277 2079 1392 2136; x_wconf 75' lang='lat' dir='ltr'><strong>inarum</strong></span> <span class='ocrx_word' id='word_1_306' title='bbox 1417 2079 1463 2149; x_wconf 83' lang='lat' dir='ltr'><strong>pii</strong></span> <span class='ocrx_word' id='word_1_307' title='bbox 1491 2078 1621 2145; x_wconf 74' lang='lat' dir='ltr'><strong>lominus,</strong></span> <span class='ocrx_word' id='word_1_308' title='bbox 1651 2077 1706 2132; x_wconf 85' lang='lat' dir='ltr'><strong>imo</strong></span> <span class='ocrx_word' id='word_1_309' title='bbox 1723 2092 1785 2148; x_wconf 89' lang='lat' dir='ltr'><strong>pro·</strong></span> 
     </span>
     <span class='ocr_line' id='line_1_22' title="bbox 91 2162 1785 2239; baseline -0.003 -17"><span class='ocrx_word' id='word_1_310' title='bbox 91 2166 307 2222; x_wconf 84' lang='lat' dir='ltr'><strong>sacrificulorum</strong></span> <span class='ocrx_word' id='word_1_311' title='bbox 327 2167 465 2223; x_wconf 88' lang='lat' dir='ltr'><strong>coelibatu</strong></span> <span class='ocrx_word' id='word_1_312' title='bbox 486 2167 664 2222; x_wconf 87' lang='lat' dir='ltr'><strong>statuendum</strong></span> <span class='ocrx_word' id='word_1_313' title='bbox 687 2167 731 2236; x_wconf 77' lang='lat' dir='ltr'><strong>sit,</strong></span> <span class='ocrx_word' id='word_1_314' title='bbox 755 2165 785 2221; x_wconf 91' lang='lat' dir='ltr'><strong>in</strong></span> <span class='ocrx_word' id='word_1_315' title='bbox 802 2172 926 2222; x_wconf 86' lang='lat' dir='ltr'><strong>tractatu</strong></span> <span class='ocrx_word' id='word_1_316' title='bbox 953 2167 1054 2239; x_wconf 91' lang='lat' dir='ltr'><strong>phetae</strong></span> <span class='ocrx_word' id='word_1_317' title='bbox 1074 2174 1103 2223; x_wconf 86' lang='lat' dir='ltr'><strong>et</strong></span> <span class='ocrx_word' id='word_1_318' title='bbox 1121 2167 1248 2239; x_wconf 86' lang='lat' dir='ltr'><strong>apostoli.</strong></span> <span class='ocrx_word' id='word_1_319' title='bbox 1298 2168 1374 2239; x_wconf 87' lang='lat' dir='ltr'><strong>Ergo</strong></span> <span class='ocrx_word' id='word_1_320' title='bbox 1391 2184 1446 2222; x_wconf 92' lang='lat' dir='ltr'><strong>non</strong></span> <span class='ocrx_word' id='word_1_321' title='bbox 1467 2172 1511 2221; x_wconf 88' lang='lat' dir='ltr'><strong>eet</strong></span> <span class='ocrx_word' id='word_1_322' title='bbox 1528 2163 1691 2228; x_wconf 87' lang='lat' dir='ltr'><strong>verisimile,</strong></span> <span class='ocrx_word' id='word_1_323' title='bbox 1716 2162 1785 2218; x_wconf 88' lang='lat' dir='ltr'><strong>iliud</strong></span> 
     </span>
     <span class='ocr_line' id='line_1_23' title="bbox 91 2250 1784 2325; baseline -0.002 -17"><span class='ocrx_word' id='word_1_324' title='bbox 91 2254 127 2308; x_wconf 90' lang='lat' dir='ltr'><strong>de</strong></span> <span class='ocrx_word' id='word_1_325' title='bbox 144 2253 296 2309; x_wconf 86' lang='lat' dir='ltr'><strong>ministerio</strong></span> <span class='ocrx_word' id='word_1_326' title='bbox 315 2253 371 2308; x_wconf 90' lang='lat' dir='ltr'><strong>late</strong></span> <span class='ocrx_word' id='word_1_327' title='bbox 387 2253 442 2309; x_wconf 79' lang='lat' dir='ltr'><strong>fuit</strong></span> <span class='ocrx_word' id='word_1_328' title='bbox 461 2254 621 2325; x_wconf 86' lang='lat' dir='ltr'><strong>expositum</strong></span> <span class='ocrx_word' id='word_1_329' title='bbox 666 2252 807 2308; x_wconf 86' lang='lat' dir='ltr'><strong>Lntherus</strong></span> <span class='ocrx_word' id='word_1_330' title='bbox 831 2252 860 2307; x_wconf 90' lang='lat' dir='ltr'><strong>in</strong></span> <span class='ocrx_word' id='word_1_331' title='bbox 877 2252 925 2310; x_wconf 89' lang='lat' dir='ltr'><strong>lib.</strong></span> <span class='ocrx_word' id='word_1_332' title='bbox 953 2271 1013 2310; x_wconf 91' lang='lat' dir='ltr'><strong>essa</strong></span> <span class='ocrx_word' id='word_1_333' title='bbox 1029 2253 1143 2309; x_wconf 78' lang='lat' dir='ltr'><strong>licium.</strong></span> <span class='ocrx_word' id='word_1_334' title='bbox 1163 2254 1299 2310; x_wconf 83' lang='lat' dir='ltr'><strong>Provocat</strong></span> <span class='ocrx_word' id='word_1_335' title='bbox 1319 2253 1504 2310; x_wconf 85' lang='lat' dir='ltr'><strong>Bellarminus</strong></span> <span class='ocrx_word' id='word_1_336' title='bbox 1522 2250 1557 2306; x_wconf 87' lang='lat' dir='ltr'><strong>ad</strong></span> <span class='ocrx_word' id='word_1_337' title='bbox 1576 2250 1784 2322; x_wconf 85' lang='lat' dir='ltr'><strong>experientiam,</strong></span> 
     </span>
     <span class='ocr_line' id='line_1_24' title="bbox 92 2338 1783 2413; baseline -0.002 -19"><span class='ocrx_word' id='word_1_338' title='bbox 92 2340 128 2395; x_wconf 90' lang='lat' dir='ltr'><strong>de</strong></span> <span class='ocrx_word' id='word_1_339' title='bbox 145 2344 218 2411; x_wconf 89' lang='lat' dir='ltr'><strong>capt.</strong></span> <span class='ocrx_word' id='word_1_340' title='bbox 238 2338 339 2411; x_wconf 84' lang='lat' dir='ltr'><strong>Babyl.</strong></span> <span class='ocrx_word' id='word_1_341' title='bbox 359 2339 441 2409; x_wconf 86' lang='lat' dir='ltr'><strong>capit</strong></span> <span class='ocrx_word' id='word_1_342' title='bbox 461 2340 497 2395; x_wconf 92' lang='lat' dir='ltr'><strong>de</strong></span> <span class='ocrx_word' id='word_1_343' title='bbox 514 2339 632 2397; x_wconf 88' lang='lat' dir='ltr'><strong>matrim.</strong></span> <span class='ocrx_word' id='word_1_344' title='bbox 652 2344 718 2395; x_wconf 84' lang='lat' dir='ltr'><strong>tom.</strong></span> <span class='ocrx_word' id='word_1_345' title='bbox 737 2345 760 2395; x_wconf 82' lang='lat'><strong>2.</strong></span> <span class='ocrx_word' id='word_1_346' title='bbox 779 2339 843 2396; x_wconf 80' lang='lat' dir='ltr'><strong>len.</strong></span> <span class='ocrx_word' id='word_1_347' title='bbox 862 2339 924 2396; x_wconf 78' lang='lat' dir='ltr'><strong>lat</strong></span> <span class='ocrx_word' id='word_1_348' title='bbox 953 2358 1024 2413; x_wconf 90' lang='lat' dir='ltr'><strong>quae</strong></span> <span class='ocrx_word' id='word_1_349' title='bbox 1041 2346 1144 2397; x_wconf 83' lang='lat' dir='ltr'><strong>testata</strong></span> <span class='ocrx_word' id='word_1_350' title='bbox 1159 2341 1251 2411; x_wconf 82' lang='lat' dir='ltr'><strong>fuerit,</strong></span> <span class='ocrx_word' id='word_1_351' title='bbox 1269 2341 1492 2412; x_wconf 84' lang='lat' dir='ltr'><strong>conjunctionem</strong></span> <span class='ocrx_word' id='word_1_352' title='bbox 1519 2339 1602 2394; x_wconf 79' lang='lat' dir='ltr'><strong>ellam</strong></span> <span class='ocrx_word' id='word_1_353' title='bbox 1620 2338 1722 2393; x_wconf 76' lang='lat' dir='ltr'><strong>mmmi</strong></span> <span class='ocrx_word' id='word_1_354' title='bbox 1737 2356 1783 2392; x_wconf 88' lang='lat' dir='ltr'><strong>sa·</strong></span> 
     </span>
     <span class='ocr_line' id='line_1_25' title="bbox 90 2424 1784 2498; baseline -0.002 -16"><span class='ocrx_word' id='word_1_355' title='bbox 90 2426 190 2482; x_wconf 74' lang='grc'><strong>1181.</strong></span> <span class='ocrx_word' id='word_1_356' title='bbox 214 2442 246 2481; x_wconf 85' lang='lat' dir='ltr'><strong>a:</strong></span> <span class='ocrx_word' id='word_1_357' title='bbox 273 2426 506 2495; x_wconf 81' lang='lat' dir='ltr'><strong>Inpedimentum</strong></span> <span class='ocrx_word' id='word_1_358' title='bbox 535 2426 647 2480; x_wconf 80' lang='lat' dir='ltr'><strong>ordinis</strong></span> <span class='ocrx_word' id='word_1_359' title='bbox 677 2434 719 2480; x_wconf 87' lang='lat' dir='ltr'><strong>ast</strong></span> <span class='ocrx_word' id='word_1_360' title='bbox 751 2428 858 2480; x_wconf 73' lang='lat' dir='ltr'><strong>mmm</strong></span> <span class='ocrx_word' id='word_1_361' title='bbox 877 2426 924 2480; x_wconf 77' lang='lat' dir='ltr'><strong>ito·</strong></span> <span class='ocrx_word' id='word_1_362' title='bbox 952 2429 1075 2483; x_wconf 70' lang='lat' dir='ltr'><strong>sandalii</strong></span> <span class='ocrx_word' id='word_1_363' title='bbox 1094 2437 1119 2482; x_wconf 86' lang='lat' dir='ltr'><strong>ct</strong></span> <span class='ocrx_word' id='word_1_364' title='bbox 1135 2428 1251 2498; x_wconf 84' lang='lat' dir='ltr'><strong>imperii</strong></span> <span class='ocrx_word' id='word_1_365' title='bbox 1276 2429 1369 2495; x_wconf 81' lang='lat' dir='ltr'><strong>fuisse</strong></span> <span class='ocrx_word' id='word_1_366' title='bbox 1393 2427 1503 2492; x_wconf 80' lang='lat' dir='ltr'><strong>utilem,</strong></span> <span class='ocrx_word' id='word_1_367' title='bbox 1525 2443 1575 2480; x_wconf 92' lang='lat' dir='ltr'><strong>nos</strong></span> <span class='ocrx_word' id='word_1_368' title='bbox 1599 2424 1695 2479; x_wconf 88' lang='lat' dir='ltr'><strong>itidem</strong></span> <span class='ocrx_word' id='word_1_369' title='bbox 1722 2441 1784 2494; x_wconf 88' lang='lat' dir='ltr'><strong>pro·</strong></span> 
     </span>
     <span class='ocr_line' id='line_1_26' title="bbox 90 2513 1785 2586; baseline -0.001 -19"><span class='ocrx_word' id='word_1_370' title='bbox 90 2514 196 2567; x_wconf 85' lang='lat' dir='ltr'><strong>minum</strong></span> <span class='ocrx_word' id='word_1_371' title='bbox 228 2520 417 2582; x_wconf 87' lang='lat' dir='ltr'><strong>commentum,</strong></span> <span class='ocrx_word' id='word_1_372' title='bbox 442 2513 614 2582; x_wconf 61' lang='lat' dir='ltr'><strong>passerum</strong></span> <span class='ocrx_word' id='word_1_373' title='bbox 645 2530 708 2566; x_wconf 91' lang='lat' dir='ltr'><strong>cum</strong></span> <span class='ocrx_word' id='word_1_374' title='bbox 726 2513 865 2583; x_wconf 69' lang='lat' dir='ltr'><strong>pansant,</strong></span> <span class='ocrx_word' id='word_1_375' title='bbox 892 2530 924 2567; x_wconf 87' lang='lat' dir='ltr'><strong>co</strong></span> <span class='ocrx_word' id='word_1_376' title='bbox 952 2531 1052 2571; x_wconf 86' lang='lat' dir='ltr'><strong>vocare</strong></span> <span class='ocrx_word' id='word_1_377' title='bbox 1069 2530 1217 2586; x_wconf 87' lang='lat' dir='ltr'><strong>possumus</strong></span> <span class='ocrx_word' id='word_1_378' title='bbox 1235 2514 1272 2569; x_wconf 86' lang='lat' dir='ltr'><strong>ad</strong></span> <span class='ocrx_word' id='word_1_379' title='bbox 1280 2513 1486 2586; x_wconf 85' lang='lat' dir='ltr'><strong>experientiam,</strong></span> <span class='ocrx_word' id='word_1_380' title='bbox 1507 2529 1579 2583; x_wconf 88' lang='lat' dir='ltr'><strong>quae</strong></span> <span class='ocrx_word' id='word_1_381' title='bbox 1598 2515 1725 2575; x_wconf 86' lang='lat' dir='ltr'><strong>testetur,</strong></span> <span class='ocrx_word' id='word_1_382' title='bbox 1744 2528 1785 2566; x_wconf 91' lang='lat' dir='ltr'><strong>se·</strong></span> 
     </span>
     <span class='ocr_line' id='line_1_27' title="bbox 91 2595 1785 2674; baseline -0.001 -20"><span class='ocrx_word' id='word_1_383' title='bbox 91 2599 192 2654; x_wconf 80' lang='lat' dir='ltr'><strong>dirimi</strong></span> <span class='ocrx_word' id='word_1_384' title='bbox 209 2600 293 2653; x_wconf 80' lang='lat' dir='ltr'><strong>ctiam</strong></span> <span class='ocrx_word' id='word_1_385' title='bbox 317 2607 497 2668; x_wconf 78' lang='lat' dir='ltr'><strong>contractum,</strong></span> <span class='ocrx_word' id='word_1_386' title='bbox 528 2616 638 2669; x_wconf 75' lang='lat' dir='ltr'><strong>suuper</strong></span> <span class='ocrx_word' id='word_1_387' title='bbox 660 2616 728 2653; x_wconf 91' lang='lat' dir='ltr'><strong>suas</strong></span> <span class='ocrx_word' id='word_1_388' title='bbox 757 2598 926 2653; x_wconf 81' lang='lat' dir='ltr'><strong>traditiones</strong></span> <span class='ocrx_word' id='word_1_389' title='bbox 952 2601 1124 2674; x_wconf 78' lang='lat' dir='ltr'><strong>pmationem</strong></span> <span class='ocrx_word' id='word_1_390' title='bbox 1137 2600 1260 2673; x_wconf 87' lang='lat' dir='ltr'><strong>conjugii</strong></span> <span class='ocrx_word' id='word_1_391' title='bbox 1273 2605 1302 2656; x_wconf 91' lang='lat' dir='ltr'><strong>et</strong></span> <span class='ocrx_word' id='word_1_392' title='bbox 1316 2599 1464 2655; x_wconf 89' lang='lat' dir='ltr'><strong>sacerdotii</strong></span> <span class='ocrx_word' id='word_1_393' title='bbox 1476 2595 1785 2654; x_wconf 88' lang='lat' dir='ltr'><strong>mundumlibidinibus</strong></span> 
     </span>
     <span class='ocr_line' id='line_1_28' title="bbox 91 2683 1784 2757; baseline -0.001 -17"><span class='ocrx_word' id='word_1_394' title='bbox 91 2686 169 2740; x_wconf 65' lang='lat' dir='ltr'><strong>uiua</strong></span> <span class='ocrx_word' id='word_1_395' title='bbox 187 2685 246 2740; x_wconf 81' lang='lat' dir='ltr'><strong>Dei</strong></span> <span class='ocrx_word' id='word_1_396' title='bbox 261 2686 574 2743; x_wconf 80' lang='lat' dir='ltr'><strong>mandatosaaltuntes.</strong></span> <span class='ocrx_word' id='word_1_397' title='bbox 617 2687 682 2754; x_wconf 78' lang='lat' dir='ltr'><strong>Epo</strong></span> <span class='ocrx_word' id='word_1_398' title='bbox 697 2685 809 2754; x_wconf 77' lang='lat' dir='ltr'><strong>quidem</strong></span> <span class='ocrx_word' id='word_1_399' title='bbox 828 2688 865 2740; x_wconf 82' lang='lat' dir='ltr'><strong>da</strong></span> <span class='ocrx_word' id='word_1_400' title='bbox 882 2703 926 2739; x_wconf 88' lang='lat' dir='ltr'><strong>su·</strong></span> <span class='ocrx_word' id='word_1_401' title='bbox 951 2693 980 2745; x_wconf 81' lang='lat' dir='ltr'><strong>et</strong></span> <span class='ocrx_word' id='word_1_402' title='bbox 1010 2687 1156 2745; x_wconf 72' lang='lat' dir='ltr'><strong>eoeleeiam</strong></span> <span class='ocrx_word' id='word_1_403' title='bbox 1186 2686 1323 2743; x_wconf 65' lang='lat' dir='ltr'><strong>mandalis</strong></span> <span class='ocrx_word' id='word_1_404' title='bbox 1350 2684 1501 2757; x_wconf 77' lang='lat' dir='ltr'><strong>replevisse</strong></span> <span class='ocrx_word' id='word_1_405' title='bbox 1528 2701 1561 2740; x_wconf 81' lang='lat' dir='ltr'><strong>ao</strong></span> <span class='ocrx_word' id='word_1_406' title='bbox 1589 2683 1705 2756; x_wconf 86' lang='lat' dir='ltr'><strong>proinde</strong></span> <span class='ocrx_word' id='word_1_407' title='bbox 1728 2701 1784 2740; x_wconf 90' lang='lat' dir='ltr'><strong>non</strong></span> 
     </span>
     <span class='ocr_line' id='line_1_29' title="bbox 91 2770 1785 2844; baseline -0.001 -17"><span class='ocrx_word' id='word_1_408' title='bbox 91 2773 212 2828; x_wconf 71' lang='lat' dir='ltr'><strong>sedulii</strong></span> <span class='ocrx_word' id='word_1_409' title='bbox 228 2773 328 2826; x_wconf 79' lang='lat' dir='ltr'><strong>ordim</strong></span> <span class='ocrx_word' id='word_1_410' title='bbox 346 2790 403 2826; x_wconf 89' lang='lat' dir='ltr'><strong>non</strong></span> <span class='ocrx_word' id='word_1_411' title='bbox 416 2772 533 2842; x_wconf 83' lang='lat' dir='ltr'><strong>judico,</strong></span> <span class='ocrx_word' id='word_1_412' title='bbox 565 2772 660 2841; x_wconf 79' lang='lat' dir='ltr'><strong>qesalis</strong></span> <span class='ocrx_word' id='word_1_413' title='bbox 683 2773 768 2828; x_wconf 82' lang='lat' dir='ltr'><strong>lodie</strong></span> <span class='ocrx_word' id='word_1_414' title='bbox 791 2780 845 2843; x_wconf 86' lang='lat' dir='ltr'><strong>est,</strong></span> <span class='ocrx_word' id='word_1_415' title='bbox 873 2776 927 2827; x_wconf 88' lang='lat' dir='ltr'><strong>sed</strong></span> <span class='ocrx_word' id='word_1_416' title='bbox 951 2774 1041 2830; x_wconf 83' lang='lat' dir='ltr'><strong>solum</strong></span> <span class='ocrx_word' id='word_1_417' title='bbox 1057 2774 1191 2844; x_wconf 87' lang='lat' dir='ltr'><strong>inutilem,</strong></span> <span class='ocrx_word' id='word_1_418' title='bbox 1210 2774 1260 2830; x_wconf 88' lang='lat' dir='ltr'><strong>sed</strong></span> <span class='ocrx_word' id='word_1_419' title='bbox 1287 2774 1371 2830; x_wconf 85' lang='lat' dir='ltr'><strong>stiam</strong></span> <span class='ocrx_word' id='word_1_420' title='bbox 1396 2772 1491 2827; x_wconf 89' lang='lat' dir='ltr'><strong>multis</strong></span> <span class='ocrx_word' id='word_1_421' title='bbox 1516 2770 1606 2826; x_wconf 88' lang='lat' dir='ltr'><strong>modis</strong></span> <span class='ocrx_word' id='word_1_422' title='bbox 1623 2771 1733 2827; x_wconf 84' lang='lat' dir='ltr'><strong>noxiam</strong></span> <span class='ocrx_word' id='word_1_423' title='bbox 1751 2786 1785 2825; x_wconf 89' lang='lat' dir='ltr'><strong>ac</strong></span> 
     </span>
     <span class='ocr_line' id='line_1_30' title="bbox 90 2857 1785 2934; baseline -0.001 -20"><span class='ocrx_word' id='word_1_424' title='bbox 90 2859 172 2914; x_wconf 83' lang='lat' dir='ltr'><strong>uideo</strong></span> <span class='ocrx_word' id='word_1_425' title='bbox 189 2859 429 2930; x_wconf 74' lang='lat' dir='ltr'><strong>Paulumjubere,</strong></span> <span class='ocrx_word' id='word_1_426' title='bbox 447 2859 607 2929; x_wconf 80' lang='lat' dir='ltr'><strong>episcopum</strong></span> <span class='ocrx_word' id='word_1_427' title='bbox 618 2860 702 2914; x_wconf 82' lang='lat' dir='ltr'><strong>unius</strong></span> <span class='ocrx_word' id='word_1_428' title='bbox 720 2859 819 2914; x_wconf 79' lang='lat' dir='ltr'><strong>uaeris</strong></span> <span class='ocrx_word' id='word_1_429' title='bbox 834 2859 923 2913; x_wconf 82' lang='lat' dir='ltr'><strong>cirum</strong></span> <span class='ocrx_word' id='word_1_430' title='bbox 951 2861 1134 2934; x_wconf 87' lang='lat' dir='ltr'><strong>perniciosam</strong></span> <span class='ocrx_word' id='word_1_431' title='bbox 1159 2860 1253 2916; x_wconf 87' lang='lat' dir='ltr'><strong>fnisse.</strong></span> <span class='ocrx_word' id='word_1_432' title='bbox 1302 2861 1448 2932; x_wconf 82' lang='lat' dir='ltr'><strong>Agnoscat</strong></span> <span class='ocrx_word' id='word_1_433' title='bbox 1475 2857 1564 2930; x_wconf 87' lang='lat' dir='ltr'><strong>igitur</strong></span> <span class='ocrx_word' id='word_1_434' title='bbox 1590 2857 1785 2921; x_wconf 87' lang='lat' dir='ltr'><strong>Bellarminue,</strong></span> 
     </span>
     <span class='ocr_line' id='line_1_31' title="bbox 90 2944 1784 3020; baseline 0.001 -22"><span class='ocrx_word' id='word_1_435' title='bbox 90 2961 157 3014; x_wconf 86' lang='lat' dir='ltr'><strong>esse,</strong></span> <span class='ocrx_word' id='word_1_436' title='bbox 176 2945 241 2999; x_wconf 85' lang='lat' dir='ltr'><strong>ideo</strong></span> <span class='ocrx_word' id='word_1_437' title='bbox 265 2963 321 3000; x_wconf 87' lang='lat' dir='ltr'><strong>non</strong></span> <span class='ocrx_word' id='word_1_438' title='bbox 336 2961 420 3015; x_wconf 83' lang='lat' dir='ltr'><strong>posse</strong></span> <span class='ocrx_word' id='word_1_439' title='bbox 444 2944 545 2998; x_wconf 65' lang='lat' dir='ltr'><strong>dirim</strong></span> <span class='ocrx_word' id='word_1_440' title='bbox 567 2945 777 3000; x_wconf 74' lang='lat' dir='ltr'><strong>matrimonium</strong></span> <span class='ocrx_word' id='word_1_441' title='bbox 800 2946 924 3013; x_wconf 83' lang='lat' dir='ltr'><strong>diaconi,</strong></span> <span class='ocrx_word' id='word_1_442' title='bbox 951 2953 1001 3004; x_wconf 86' lang='lat' dir='ltr'><strong>aut</strong></span> <span class='ocrx_word' id='word_1_443' title='bbox 1018 2952 1183 3020; x_wconf 66' lang='lat' dir='ltr'><strong>argumenta</strong></span> <span class='ocrx_word' id='word_1_444' title='bbox 1208 2963 1259 3019; x_wconf 85' lang='lat' dir='ltr'><strong>pro</strong></span> <span class='ocrx_word' id='word_1_445' title='bbox 1287 2945 1482 3016; x_wconf 79' lang='lat' dir='ltr'><strong>conjunctione</strong></span> <span class='ocrx_word' id='word_1_446' title='bbox 1508 2944 1656 3000; x_wconf 72' lang='lat' dir='ltr'><strong>mserdotii</strong></span> <span class='ocrx_word' id='word_1_447' title='bbox 1682 2948 1711 2999; x_wconf 85' lang='lat' dir='ltr'><strong>et</strong></span> <span class='ocrx_word' id='word_1_448' title='bbox 1734 2944 1784 2999; x_wconf 91' lang='lat' dir='ltr'><strong>im·</strong></span> 
     </span>
     <span class='ocr_line' id='line_1_32' title="bbox 89 3030 1785 3109; baseline -0.001 -21"><span class='ocrx_word' id='word_1_449' title='bbox 89 3033 256 3096; x_wconf 84' lang='lat' dir='ltr'><strong>sacerdotis,</strong></span> <span class='ocrx_word' id='word_1_450' title='bbox 269 3033 396 3104; x_wconf 80' lang='lat' dir='ltr'><strong>episcopi</strong></span> <span class='ocrx_word' id='word_1_451' title='bbox 411 3048 460 3085; x_wconf 85' lang='lat' dir='ltr'><strong>sau</strong></span> <span class='ocrx_word' id='word_1_452' title='bbox 483 3032 672 3102; x_wconf 77' lang='lat' dir='ltr'><strong>cujuscunque</strong></span> <span class='ocrx_word' id='word_1_453' title='bbox 690 3032 809 3102; x_wconf 70' lang='lat' dir='ltr'><strong>edne,</strong></span> <span class='ocrx_word' id='word_1_454' title='bbox 828 3048 924 3101; x_wconf 81' lang='lat' dir='ltr'><strong>quam·</strong></span> <span class='ocrx_word' id='word_1_455' title='bbox 951 3034 1021 3106; x_wconf 87' lang='lat' dir='ltr'><strong>perii</strong></span> <span class='ocrx_word' id='word_1_456' title='bbox 1038 3033 1146 3104; x_wconf 80' lang='lat' dir='ltr'><strong>politici</strong></span> <span class='ocrx_word' id='word_1_457' title='bbox 1163 3048 1301 3109; x_wconf 54' lang='lat' dir='ltr'><strong>nonense</strong></span> <span class='ocrx_word' id='word_1_458' title='bbox 1318 3031 1452 3102; x_wconf 81' lang='lat' dir='ltr'><strong>efficacia,</strong></span> <span class='ocrx_word' id='word_1_459' title='bbox 1470 3037 1520 3086; x_wconf 89' lang='lat' dir='ltr'><strong>aut</strong></span> <span class='ocrx_word' id='word_1_460' title='bbox 1538 3030 1634 3087; x_wconf 62' lang='lat' dir='ltr'><strong>Mem</strong></span> <span class='ocrx_word' id='word_1_461' title='bbox 1652 3047 1703 3101; x_wconf 89' lang='lat' dir='ltr'><strong>pro</strong></span> <span class='ocrx_word' id='word_1_462' title='bbox 1719 3047 1785 3086; x_wconf 89' lang='lat' dir='ltr'><strong>con·</strong></span> 
     </span>
     <span class='ocr_line' id='line_1_33' title="bbox 90 3117 1785 3193; baseline 0.001 -20"><span class='ocrx_word' id='word_1_463' title='bbox 90 3136 177 3190; x_wconf 87' lang='lat' dir='ltr'><strong>quam</strong></span> <span class='ocrx_word' id='word_1_464' title='bbox 204 3119 255 3173; x_wconf 82' lang='lat' dir='ltr'><strong>loc</strong></span> <span class='ocrx_word' id='word_1_465' title='bbox 285 3135 371 3189; x_wconf 74' lang='lat' dir='ltr'><strong>peneus</strong></span> <span class='ocrx_word' id='word_1_466' title='bbox 399 3120 578 3172; x_wconf 84' lang='lat' dir='ltr'><strong>sacerdotum</strong></span> <span class='ocrx_word' id='word_1_467' title='bbox 604 3126 631 3172; x_wconf 86' lang='lat' dir='ltr'><strong>et</strong></span> <span class='ocrx_word' id='word_1_468' title='bbox 654 3134 702 3174; x_wconf 86' lang='lat' dir='ltr'><strong>sos</strong></span> <span class='ocrx_word' id='word_1_469' title='bbox 730 3119 844 3173; x_wconf 83' lang='lat' dir='ltr'><strong>ordines</strong></span> <span class='ocrx_word' id='word_1_470' title='bbox 868 3136 924 3173; x_wconf 90' lang='lat' dir='ltr'><strong>non</strong></span> <span class='ocrx_word' id='word_1_471' title='bbox 945 3121 1092 3193; x_wconf 87' lang='lat' dir='ltr'><strong>junctione</strong></span> <span class='ocrx_word' id='word_1_472' title='bbox 1110 3121 1259 3177; x_wconf 81' lang='lat' dir='ltr'><strong>sacerdotii</strong></span> <span class='ocrx_word' id='word_1_473' title='bbox 1276 3119 1439 3191; x_wconf 87' lang='lat' dir='ltr'><strong>etconjugii</strong></span> <span class='ocrx_word' id='word_1_474' title='bbox 1457 3119 1580 3175; x_wconf 89' lang='lat' dir='ltr'><strong>adducta</strong></span> <span class='ocrx_word' id='word_1_475' title='bbox 1596 3118 1652 3174; x_wconf 88' lang='lat' dir='ltr'><strong>rim</strong></span> <span class='ocrx_word' id='word_1_476' title='bbox 1669 3117 1785 3175; x_wconf 85' lang='lat' dir='ltr'><strong>eandem</strong></span> 
     </span>
     <span class='ocr_line' id='line_1_34' title="bbox 89 3205 1786 3277; baseline -0.001 -15"><span class='ocrx_word' id='word_1_477' title='bbox 89 3206 198 3262; x_wconf 73' lang='lat' dir='ltr'><strong>amerit</strong></span> <span class='ocrx_word' id='word_1_478' title='bbox 211 3206 333 3273; x_wconf 87' lang='lat' dir='ltr'><strong>Paulus,</strong></span> <span class='ocrx_word' id='word_1_479' title='bbox 346 3206 659 3276; x_wconf 81' lang='lat' dir='ltr'><strong>quoslodislalemus.</strong></span> <span class='ocrx_word' id='word_1_480' title='bbox 694 3206 925 3277; x_wconf 81' lang='lat' dir='ltr'><strong>Percontitoque</strong></span> <span class='ocrx_word' id='word_1_481' title='bbox 950 3208 1081 3265; x_wconf 83' lang='lat' dir='ltr'><strong>obtinere</strong></span> <span class='ocrx_word' id='word_1_482' title='bbox 1113 3207 1143 3264; x_wconf 85' lang='lat' dir='ltr'><strong>si</strong></span> <span class='ocrx_word' id='word_1_483' title='bbox 1161 3225 1218 3263; x_wconf 90' lang='lat' dir='ltr'><strong>non</strong></span> <span class='ocrx_word' id='word_1_484' title='bbox 1236 3207 1330 3263; x_wconf 86' lang='lat' dir='ltr'><strong>obstat</strong></span> <span class='ocrx_word' id='word_1_485' title='bbox 1342 3208 1485 3263; x_wconf 89' lang='lat' dir='ltr'><strong>decretum</strong></span> <span class='ocrx_word' id='word_1_486' title='bbox 1504 3205 1615 3275; x_wconf 81' lang='lat' dir='ltr'><strong>Christi,</strong></span> <span class='ocrx_word' id='word_1_487' title='bbox 1632 3223 1681 3261; x_wconf 86' lang='lat' dir='ltr'><strong>eos</strong></span> <span class='ocrx_word' id='word_1_488' title='bbox 1694 3213 1786 3261; x_wconf 86' lang='lat' dir='ltr'><strong>autem</strong></span> 
     </span>
     <span class='ocr_line' id='line_1_35' title="bbox 88 3291 1785 3366; baseline 0.002 -21"><span class='ocrx_word' id='word_1_489' title='bbox 88 3293 258 3347; x_wconf 80' lang='lat' dir='ltr'><strong>maledictae</strong></span> <span class='ocrx_word' id='word_1_490' title='bbox 269 3293 341 3347; x_wconf 84' lang='lat' dir='ltr'><strong>istac</strong></span> <span class='ocrx_word' id='word_1_491' title='bbox 354 3292 496 3347; x_wconf 83' lang='lat' dir='ltr'><strong>lominum</strong></span> <span class='ocrx_word' id='word_1_492' title='bbox 509 3293 689 3363; x_wconf 84' lang='lat' dir='ltr'><strong>traditiones,</strong></span> <span class='ocrx_word' id='word_1_493' title='bbox 706 3309 777 3361; x_wconf 87' lang='lat' dir='ltr'><strong>quas</strong></span> <span class='ocrx_word' id='word_1_494' title='bbox 794 3311 851 3348; x_wconf 88' lang='lat' dir='ltr'><strong>non</strong></span> <span class='ocrx_word' id='word_1_495' title='bbox 866 3294 925 3348; x_wconf 81' lang='lat' dir='ltr'><strong>nisi</strong></span> <span class='ocrx_word' id='word_1_496' title='bbox 949 3313 1006 3350; x_wconf 86' lang='lat' dir='ltr'><strong>non</strong></span> <span class='ocrx_word' id='word_1_497' title='bbox 1024 3295 1074 3357; x_wconf 88' lang='lat' dir='ltr'><strong>sio,</strong></span> <span class='ocrx_word' id='word_1_498' title='bbox 1109 3294 1255 3366; x_wconf 89' lang='lat' dir='ltr'><strong>quominus</strong></span> <span class='ocrx_word' id='word_1_499' title='bbox 1289 3292 1476 3350; x_wconf 89' lang='lat' dir='ltr'><strong>sacerdotium</strong></span> <span class='ocrx_word' id='word_1_500' title='bbox 1508 3299 1537 3348; x_wconf 90' lang='lat' dir='ltr'><strong>et</strong></span> <span class='ocrx_word' id='word_1_501' title='bbox 1560 3291 1705 3363; x_wconf 89' lang='lat' dir='ltr'><strong>politicum</strong></span> <span class='ocrx_word' id='word_1_502' title='bbox 1735 3292 1785 3348; x_wconf 92' lang='lat' dir='ltr'><strong>im·</strong></span> 
     </span>
     <span class='ocr_line' id='line_1_36' title="bbox 90 3379 1785 3452; baseline 0.001 -19"><span class='ocrx_word' id='word_1_503' title='bbox 90 3379 361 3448; x_wconf 84' lang='lat' dir='ltr'><strong>admultiplicauda</strong></span> <span class='ocrx_word' id='word_1_504' title='bbox 368 3380 509 3450; x_wconf 82' lang='lat' dir='ltr'><strong>pericula,</strong></span> <span class='ocrx_word' id='word_1_505' title='bbox 524 3379 744 3449; x_wconf 81' lang='lat' dir='ltr'><strong>peccata,mata</strong></span> <span class='ocrx_word' id='word_1_506' title='bbox 755 3380 785 3433; x_wconf 88' lang='lat' dir='ltr'><strong>in</strong></span> <span class='ocrx_word' id='word_1_507' title='bbox 805 3380 923 3435; x_wconf 83' lang='lat' dir='ltr'><strong>ecclesia</strong></span> <span class='ocrx_word' id='word_1_508' title='bbox 949 3380 1056 3451; x_wconf 87' lang='lat' dir='ltr'><strong>perium</strong></span> <span class='ocrx_word' id='word_1_509' title='bbox 1073 3379 1102 3435; x_wconf 92' lang='lat' dir='ltr'><strong>in</strong></span> <span class='ocrx_word' id='word_1_510' title='bbox 1120 3398 1176 3436; x_wconf 89' lang='lat' dir='ltr'><strong>uuo</strong></span> <span class='ocrx_word' id='word_1_511' title='bbox 1194 3380 1307 3436; x_wconf 89' lang='lat' dir='ltr'><strong>homine</strong></span> <span class='ocrx_word' id='word_1_512' title='bbox 1328 3381 1545 3452; x_wconf 86' lang='lat' dir='ltr'><strong>conjungantur,</strong></span> <span class='ocrx_word' id='word_1_513' title='bbox 1569 3387 1674 3452; x_wconf 89' lang='lat' dir='ltr'><strong>quanto</strong></span> <span class='ocrx_word' id='word_1_514' title='bbox 1693 3379 1785 3434; x_wconf 88' lang='lat' dir='ltr'><strong>minus</strong></span> 
     </span>
     <span class='ocr_line' id='line_1_37' title="bbox 90 3466 1784 3538; baseline 0.001 -17"><span class='ocrx_word' id='word_1_515' title='bbox 90 3467 266 3521; x_wconf 77' lang='lat' dir='ltr'><strong>introierunt.</strong></span> <span class='ocrx_word' id='word_1_516' title='bbox 299 3467 439 3535; x_wconf 74' lang='lat' dir='ltr'><strong>Euterpe</strong></span> <span class='ocrx_word' id='word_1_517' title='bbox 469 3466 543 3519; x_wconf 82' lang='lat' dir='ltr'><strong>inter</strong></span> <span class='ocrx_word' id='word_1_518' title='bbox 573 3467 746 3531; x_wconf 81' lang='lat' dir='ltr'><strong>sacerdotem</strong></span> <span class='ocrx_word' id='word_1_519' title='bbox 766 3473 792 3521; x_wconf 86' lang='lat' dir='ltr'><strong>at</strong></span> <span class='ocrx_word' id='word_1_520' title='bbox 810 3484 923 3521; x_wconf 81' lang='lat' dir='ltr'><strong>acorem</strong></span> <span class='ocrx_word' id='word_1_521' title='bbox 949 3467 1072 3523; x_wconf 85' lang='lat' dir='ltr'><strong>obstabit</strong></span> <span class='ocrx_word' id='word_1_522' title='bbox 1088 3467 1228 3523; x_wconf 86' lang='lat' dir='ltr'><strong>decretum</strong></span> <span class='ocrx_word' id='word_1_523' title='bbox 1246 3466 1390 3532; x_wconf 87' lang='lat' dir='ltr'><strong>ecclesiae,</strong></span> <span class='ocrx_word' id='word_1_524' title='bbox 1422 3466 1569 3538; x_wconf 74' lang='lat' dir='ltr'><strong>quominus</strong></span> <span class='ocrx_word' id='word_1_525' title='bbox 1598 3466 1784 3522; x_wconf 73' lang='lat' dir='ltr'><strong>secerdotium</strong></span> 
     </span>
     <span class='ocr_line' id='line_1_38' title="bbox 87 3551 1601 3626; baseline 0 -20"><span class='ocrx_word' id='word_1_526' title='bbox 87 3570 185 3608; x_wconf 78' lang='lat' dir='ltr'><strong>serum</strong></span> <span class='ocrx_word' id='word_1_527' title='bbox 207 3560 232 3606; x_wconf 85' lang='lat' dir='ltr'><strong>et</strong></span> <span class='ocrx_word' id='word_1_528' title='bbox 258 3551 451 3621; x_wconf 67' lang='lat' dir='ltr'><strong>inseparatae</strong></span> <span class='ocrx_word' id='word_1_529' title='bbox 474 3551 682 3606; x_wconf 71' lang='lat' dir='ltr'><strong>matrimonium</strong></span> <span class='ocrx_word' id='word_1_530' title='bbox 706 3554 851 3607; x_wconf 83' lang='lat' dir='ltr'><strong>mandatis</strong></span> <span class='ocrx_word' id='word_1_531' title='bbox 876 3553 919 3605; x_wconf 91' lang='lat' dir='ltr'><strong>di·</strong></span> <span class='ocrx_word' id='word_1_532' title='bbox 950 3559 978 3610; x_wconf 85' lang='lat' dir='ltr'><strong>et</strong></span> <span class='ocrx_word' id='word_1_533' title='bbox 996 3553 1157 3626; x_wconf 89' lang='lat' dir='ltr'><strong>conjuginm</strong></span> <span class='ocrx_word' id='word_1_534' title='bbox 1176 3554 1205 3608; x_wconf 93' lang='lat' dir='ltr'><strong>in</strong></span> <span class='ocrx_word' id='word_1_535' title='bbox 1225 3571 1282 3609; x_wconf 91' lang='lat' dir='ltr'><strong>uno</strong></span> <span class='ocrx_word' id='word_1_536' title='bbox 1297 3552 1407 3609; x_wconf 90' lang='lat' dir='ltr'><strong>homine</strong></span> <span class='ocrx_word' id='word_1_537' title='bbox 1427 3553 1601 3623; x_wconf 87' lang='lat' dir='ltr'><strong>copulentur.</strong></span> 
     </span>
     <span class='ocr_line' id='line_1_39' title="bbox 87 3637 1895 3711; baseline -0.005 -7"><span class='ocrx_word' id='word_1_538' title='bbox 87 3640 163 3695; x_wconf 57' lang='grc'><strong>11111131</strong></span> <span class='ocrx_word' id='word_1_539' title='bbox 177 3638 335 3709; x_wconf 72' lang='lat' dir='ltr'><strong>prodmum.</strong></span> <span class='ocrx_word' id='word_1_540' title='bbox 373 3639 449 3703; x_wconf 71' lang='lat' dir='ltr'><strong>Qm&#39;d</strong></span> <span class='ocrx_word' id='word_1_541' title='bbox 464 3639 492 3692; x_wconf 72' lang='grc' dir='ltr'><strong>εἰ</strong></span> <span class='ocrx_word' id='word_1_542' title='bbox 513 3638 597 3707; x_wconf 82' lang='lat' dir='ltr'><strong>impii</strong></span> <span class='ocrx_word' id='word_1_543' title='bbox 615 3639 739 3692; x_wconf 77' lang='lat' dir='ltr'><strong>homines</strong></span> <span class='ocrx_word' id='word_1_544' title='bbox 758 3639 835 3694; x_wconf 79' lang='lat' dir='ltr'><strong>illud</strong></span> <span class='ocrx_word' id='word_1_545' title='bbox 853 3658 919 3710; x_wconf 84' lang='lat' dir='ltr'><strong>pro·</strong></span> <span class='ocrx_word' id='word_1_546' title='bbox 949 3678 952 3683; x_wconf 65' lang='grc'>«</span> <span class='ocrx_word' id='word_1_547' title='bbox 985 3647 1046 3697; x_wconf 81' lang='grc'><strong>651.</strong></span> <span class='ocrx_word' id='word_1_548' title='bbox 1088 3647 1114 3697; x_wconf 86' lang='grc'><strong>9.</strong></span> <span class='ocrx_word' id='word_1_549' title='bbox 1133 3642 1279 3710; x_wconf 72' lang='lat' dir='ltr'><strong>ligamen,</strong></span> <span class='ocrx_word' id='word_1_550' title='bbox 1298 3655 1354 3711; x_wconf 92' lang='lat' dir='ltr'><strong>quo</strong></span> <span class='ocrx_word' id='word_1_551' title='bbox 1371 3639 1430 3696; x_wconf 87' lang='lat' dir='ltr'><strong>scil.</strong></span> <span class='ocrx_word' id='word_1_552' title='bbox 1449 3639 1512 3709; x_wconf 89' lang='lat' dir='ltr'><strong>quis</strong></span> <span class='ocrx_word' id='word_1_553' title='bbox 1535 3637 1615 3693; x_wconf 85' lang='lat' dir='ltr'><strong>alteri</strong></span> <span class='ocrx_word' id='word_1_554' title='bbox 1635 3639 1694 3708; x_wconf 88' lang='lat' dir='ltr'><strong>jam</strong></span> <span class='ocrx_word' id='word_1_555' title='bbox 1720 3644 1816 3694; x_wconf 77' lang='lat' dir='ltr'><strong>ansss·</strong></span> <span class='ocrx_word' id='word_1_556' title='bbox 1831 3644 1895 3695; x_wconf 61' lang='lat' dir='ltr'><strong>ntes·</strong></span> 
     </span>
     <span class='ocr_line' id='line_1_40' title="bbox 88 3706 1858 3796; baseline 0 -16"><span class='ocrx_word' id='word_1_557' title='bbox 88 3726 202 3780; x_wconf 77' lang='lat' dir='ltr'><strong>libeant</strong></span> <span class='ocrx_word' id='word_1_558' title='bbox 216 3732 266 3779; x_wconf 87' lang='lat' dir='ltr'><strong>aut</strong></span> <span class='ocrx_word' id='word_1_559' title='bbox 285 3726 421 3780; x_wconf 80' lang='lat' dir='ltr'><strong>dirimant</strong></span> <span class='ocrx_word' id='word_1_560' title='bbox 433 3742 511 3778; x_wconf 78' lang='lat' dir='ltr'><strong>mera</strong></span> <span class='ocrx_word' id='word_1_561' title='bbox 524 3725 676 3792; x_wconf 78' lang='lat' dir='ltr'><strong>tyrannide</strong></span> <span class='ocrx_word' id='word_1_562' title='bbox 692 3726 766 3779; x_wconf 80' lang='lat' dir='ltr'><strong>ruat</strong></span> <span class='ocrx_word' id='word_1_563' title='bbox 786 3728 866 3795; x_wconf 86' lang='lat' dir='ltr'><strong>Esto,</strong></span> <span class='ocrx_word' id='word_1_564' title='bbox 884 3726 922 3780; x_wconf 84' lang='lat' dir='ltr'><strong>sit</strong></span> <span class='ocrx_word' id='word_1_565' title='bbox 950 3727 1100 3784; x_wconf 82' lang='lat' dir='ltr'><strong>obstrictus</strong></span> <span class='ocrx_word' id='word_1_566' title='bbox 1125 3734 1154 3781; x_wconf 88' lang='lat' dir='ltr'><strong>et</strong></span> <span class='ocrx_word' id='word_1_567' title='bbox 1178 3725 1326 3796; x_wconf 84' lang='lat' dir='ltr'><strong>colligatus</strong></span> <span class='ocrx_word' id='word_1_568' title='bbox 1353 3730 1404 3782; x_wconf 88' lang='lat' dir='ltr'><strong>est.</strong></span> <span class='ocrx_word' id='word_1_569' title='bbox 1448 3723 1518 3779; x_wconf 85' lang='lat' dir='ltr'><strong>Tale</strong></span> <span class='ocrx_word' id='word_1_570' title='bbox 1542 3724 1664 3795; x_wconf 76' lang='lat' dir='ltr'><strong>ligamen</strong></span> <span class='ocrx_word' id='word_1_571' title='bbox 1682 3723 1784 3794; x_wconf 85' lang='lat' dir='ltr'><strong>duplex</strong></span> <span class='ocrx_word' id='word_1_572' title='bbox 1797 3706 1858 3737; x_wconf 61' lang='grc' dir='ltr'><strong>Μ’</strong></span> 
     </span>
     <span class='ocr_line' id='line_1_41' title="bbox 88 3810 1785 3883; baseline -0.001 -16"><span class='ocrx_word' id='word_1_573' title='bbox 88 3812 220 3867; x_wconf 67' lang='lat' dir='ltr'><strong>illicitum</strong></span> <span class='ocrx_word' id='word_1_574' title='bbox 248 3813 329 3880; x_wconf 81' lang='lat' dir='ltr'><strong>apud</strong></span> <span class='ocrx_word' id='word_1_575' title='bbox 358 3811 489 3881; x_wconf 79' lang='lat' dir='ltr'><strong>homines,</strong></span> <span class='ocrx_word' id='word_1_576' title='bbox 520 3812 627 3865; x_wconf 83' lang='lat' dir='ltr'><strong>licitum</strong></span> <span class='ocrx_word' id='word_1_577' title='bbox 659 3819 751 3866; x_wconf 85' lang='lat' dir='ltr'><strong>tamen</strong></span> <span class='ocrx_word' id='word_1_578' title='bbox 782 3820 822 3866; x_wconf 88' lang='lat' dir='ltr'><strong>est</strong></span> <span class='ocrx_word' id='word_1_579' title='bbox 843 3815 924 3882; x_wconf 83' lang='lat' dir='ltr'><strong>apud</strong></span> <span class='ocrx_word' id='word_1_580' title='bbox 950 3829 1012 3869; x_wconf 89' lang='lat' dir='ltr'><strong>esse</strong></span> <span class='ocrx_word' id='word_1_581' title='bbox 1028 3817 1129 3883; x_wconf 88' lang='lat' dir='ltr'><strong>potest,</strong></span> <span class='ocrx_word' id='word_1_582' title='bbox 1148 3812 1357 3882; x_wconf 76' lang='lat' dir='ltr'><strong>sponsaliorum</strong></span> <span class='ocrx_word' id='word_1_583' title='bbox 1376 3819 1402 3864; x_wconf 84' lang='lat' dir='ltr'><strong>at</strong></span> <span class='ocrx_word' id='word_1_584' title='bbox 1419 3811 1602 3865; x_wconf 76' lang='lat' dir='ltr'><strong>matrunonii.</strong></span> <span class='ocrx_word' id='word_1_585' title='bbox 1627 3810 1708 3876; x_wconf 81' lang='lat' dir='ltr'><strong>Quod</strong></span> <span class='ocrx_word' id='word_1_586' title='bbox 1728 3829 1785 3866; x_wconf 84' lang='lat' dir='ltr'><strong>mu·</strong></span> 
     </span>
     <span class='ocr_line' id='line_1_42' title="bbox 90 3895 1785 3971; baseline 0 -18"><span class='ocrx_word' id='word_1_587' title='bbox 90 3900 193 3962; x_wconf 85' lang='lat' dir='ltr'><strong>Deum,</strong></span> <span class='ocrx_word' id='word_1_588' title='bbox 211 3898 293 3967; x_wconf 73' lang='lat' dir='ltr'><strong>crqjus</strong></span> <span class='ocrx_word' id='word_1_589' title='bbox 310 3900 474 3952; x_wconf 85' lang='lat' dir='ltr'><strong>mandatum</strong></span> <span class='ocrx_word' id='word_1_590' title='bbox 489 3899 518 3952; x_wconf 84' lang='lat' dir='ltr'><strong>si</strong></span> <span class='ocrx_word' id='word_1_591' title='bbox 542 3905 639 3952; x_wconf 87' lang='lat' dir='ltr'><strong>contra</strong></span> <span class='ocrx_word' id='word_1_592' title='bbox 659 3898 800 3952; x_wconf 78' lang='lat' dir='ltr'><strong>lominum</strong></span> <span class='ocrx_word' id='word_1_593' title='bbox 811 3908 919 3967; x_wconf 68' lang='lat' dir='ltr'><strong>pugnet</strong></span> <span class='ocrx_word' id='word_1_594' title='bbox 952 3900 1081 3954; x_wconf 82' lang='lat' dir='ltr'><strong>trimonii</strong></span> <span class='ocrx_word' id='word_1_595' title='bbox 1104 3899 1225 3971; x_wconf 77' lang='lat' dir='ltr'><strong>ligamen</strong></span> <span class='ocrx_word' id='word_1_596' title='bbox 1250 3898 1364 3966; x_wconf 85' lang='lat' dir='ltr'><strong>attinet,</strong></span> <span class='ocrx_word' id='word_1_597' title='bbox 1386 3896 1455 3952; x_wconf 90' lang='lat' dir='ltr'><strong>illud</strong></span> <span class='ocrx_word' id='word_1_598' title='bbox 1479 3895 1590 3951; x_wconf 89' lang='lat' dir='ltr'><strong>omnino</strong></span> <span class='ocrx_word' id='word_1_599' title='bbox 1607 3895 1738 3966; x_wconf 80' lang='lat' dir='ltr'><strong>prohibet</strong></span> <span class='ocrx_word' id='word_1_600' title='bbox 1756 3902 1785 3953; x_wconf 91' lang='lat' dir='ltr'><strong>et</strong></span> 
     </span>
     <span class='ocr_line' id='line_1_43' title="bbox 97 3981 1784 4055; baseline -0.002 -16"><span class='ocrx_word' id='word_1_601' title='bbox 97 3985 240 4053; x_wconf 88' lang='lat' dir='ltr'><strong>mandata,</strong></span> <span class='ocrx_word' id='word_1_602' title='bbox 260 3991 301 4038; x_wconf 87' lang='lat' dir='ltr'><strong>est</strong></span> <span class='ocrx_word' id='word_1_603' title='bbox 316 3984 547 4055; x_wconf 79' lang='lat' dir='ltr'><strong>praeferendum.</strong></span> <span class='ocrx_word' id='word_1_604' title='bbox 591 3984 634 4040; x_wconf 90' lang='lat' dir='ltr'><strong>De</strong></span> <span class='ocrx_word' id='word_1_605' title='bbox 652 3990 712 4040; x_wconf 89' lang='lat' dir='ltr'><strong>tota</strong></span> <span class='ocrx_word' id='word_1_606' title='bbox 727 3982 780 4039; x_wconf 90' lang='lat' dir='ltr'><strong>hac</strong></span> <span class='ocrx_word' id='word_1_607' title='bbox 799 4001 830 4039; x_wconf 88' lang='lat' dir='ltr'><strong>re</strong></span> <span class='ocrx_word' id='word_1_608' title='bbox 850 3985 924 4040; x_wconf 89' lang='lat' dir='ltr'><strong>dicto</strong></span> <span class='ocrx_word' id='word_1_609' title='bbox 952 3985 1057 4040; x_wconf 89' lang='lat' dir='ltr'><strong>dirimit</strong></span> <span class='ocrx_word' id='word_1_610' title='bbox 1074 3983 1282 4040; x_wconf 79' lang='lat' dir='ltr'><strong>matrimonium</strong></span> <span class='ocrx_word' id='word_1_611' title='bbox 1297 3999 1424 4055; x_wconf 87' lang='lat' dir='ltr'><strong>sequens.</strong></span> <span class='ocrx_word' id='word_1_612' title='bbox 1447 3981 1502 4048; x_wconf 82' lang='lat' dir='ltr'><strong>Qui</strong></span> <span class='ocrx_word' id='word_1_613' title='bbox 1522 3981 1595 4036; x_wconf 89' lang='lat' dir='ltr'><strong>enim</strong></span> <span class='ocrx_word' id='word_1_614' title='bbox 1613 3981 1697 4036; x_wconf 73' lang='lat' dir='ltr'><strong>uacci</strong></span> <span class='ocrx_word' id='word_1_615' title='bbox 1711 3982 1784 4051; x_wconf 70' lang='lat' dir='ltr'><strong>jam·</strong></span> 
     </span>
     <span class='ocr_line' id='line_1_44' title="bbox 95 4067 1785 4142; baseline -0.002 -17"><span class='ocrx_word' id='word_1_616' title='bbox 95 4071 157 4126; x_wconf 85' lang='lat' dir='ltr'><strong>loco</strong></span> <span class='ocrx_word' id='word_1_617' title='bbox 177 4070 283 4142; x_wconf 78' lang='lat' dir='ltr'><strong>egimus</strong></span> <span class='ocrx_word' id='word_1_618' title='bbox 305 4069 473 4140; x_wconf 89' lang='lat' dir='ltr'><strong>plenissime.</strong></span> <span class='ocrx_word' id='word_1_619' title='bbox 500 4069 589 4126; x_wconf 88' lang='lat' dir='ltr'><strong>Recte</strong></span> <span class='ocrx_word' id='word_1_620' title='bbox 602 4069 736 4141; x_wconf 73' lang='lat' dir='ltr'><strong>synesius</strong></span> <span class='ocrx_word' id='word_1_621' title='bbox 754 4069 922 4142; x_wconf 82' lang='lat' dir='ltr'><strong>Cyrenensis</strong></span> <span class='ocrx_word' id='word_1_622' title='bbox 952 4075 1019 4126; x_wconf 88' lang='lat' dir='ltr'><strong>dun</strong></span> <span class='ocrx_word' id='word_1_623' title='bbox 1040 4072 1175 4140; x_wconf 68' lang='lat' dir='ltr'><strong>ditasses</strong></span> <span class='ocrx_word' id='word_1_624' title='bbox 1191 4076 1242 4137; x_wconf 87' lang='lat' dir='ltr'><strong>cst,</strong></span> <span class='ocrx_word' id='word_1_625' title='bbox 1268 4087 1324 4123; x_wconf 81' lang='lat' dir='ltr'><strong>non</strong></span> <span class='ocrx_word' id='word_1_626' title='bbox 1348 4069 1430 4123; x_wconf 82' lang='lat' dir='ltr'><strong>labet</strong></span> <span class='ocrx_word' id='word_1_627' title='bbox 1454 4067 1584 4138; x_wconf 79' lang='lat' dir='ltr'><strong>corpors&#39;s</strong></span> <span class='ocrx_word' id='word_1_628' title='bbox 1600 4068 1647 4122; x_wconf 82' lang='lat' dir='ltr'><strong>sui</strong></span> <span class='ocrx_word' id='word_1_629' title='bbox 1661 4075 1785 4139; x_wconf 83' lang='lat' dir='ltr'><strong>potesta·</strong></span> 
     </span>
     <span class='ocr_line' id='line_1_45' title="bbox 93 4154 1787 4228; baseline -0.002 -16"><span class='ocrx_word' id='word_1_630' title='bbox 93 4157 242 4228; x_wconf 87' lang='lat' dir='ltr'><strong>episcopus</strong></span> <span class='ocrx_word' id='word_1_631' title='bbox 262 4155 400 4211; x_wconf 79' lang='lat' dir='ltr'><strong>referente</strong></span> <span class='ocrx_word' id='word_1_632' title='bbox 411 4155 567 4226; x_wconf 84' lang='lat' dir='ltr'><strong>Nicephoro</strong></span> <span class='ocrx_word' id='word_1_633' title='bbox 585 4156 634 4212; x_wconf 86' lang='lat' dir='ltr'><strong>lib.</strong></span> <span class='ocrx_word' id='word_1_634' title='bbox 654 4161 694 4213; x_wconf 82' lang='grc'><strong>14.</strong></span> <span class='ocrx_word' id='word_1_635' title='bbox 709 4156 774 4212; x_wconf 87' lang='lat' dir='ltr'><strong>hist</strong></span> <span class='ocrx_word' id='word_1_636' title='bbox 794 4171 856 4228; x_wconf 86' lang='lat' dir='ltr'><strong>cap.</strong></span> <span class='ocrx_word' id='word_1_637' title='bbox 878 4163 924 4212; x_wconf 81' lang='lat'><strong>55:</strong></span> <span class='ocrx_word' id='word_1_638' title='bbox 955 4165 1017 4225; x_wconf 85' lang='lat' dir='ltr'><strong>tem,</strong></span> <span class='ocrx_word' id='word_1_639' title='bbox 1035 4159 1088 4210; x_wconf 86' lang='lat' dir='ltr'><strong>sed</strong></span> <span class='ocrx_word' id='word_1_640' title='bbox 1112 4174 1185 4210; x_wconf 76' lang='lat' dir='ltr'><strong>uuor</strong></span> <span class='ocrx_word' id='word_1_641' title='bbox 1207 4161 1218 4211; x_wconf 96' lang='grc'><strong>1</strong></span> <span class='ocrx_word' id='word_1_642' title='bbox 1238 4154 1301 4211; x_wconf 83' lang='lat' dir='ltr'><strong>Cor.</strong></span> <span class='ocrx_word' id='word_1_643' title='bbox 1320 4161 1344 4225; x_wconf 82' lang='lat' dir='ltr'><strong>t,</strong></span> <span class='ocrx_word' id='word_1_644' title='bbox 1368 4173 1393 4211; x_wconf 81' lang='lat' dir='ltr'><strong>v.</strong></span> <span class='ocrx_word' id='word_1_645' title='bbox 1416 4161 1441 4212; x_wconf 83' lang='lat'><strong>4.</strong></span> <span class='ocrx_word' id='word_1_646' title='bbox 1462 4169 1528 4225; x_wconf 89' lang='lat' dir='ltr'><strong>ergo</strong></span> <span class='ocrx_word' id='word_1_647' title='bbox 1541 4170 1597 4209; x_wconf 90' lang='lat' dir='ltr'><strong>non</strong></span> <span class='ocrx_word' id='word_1_648' title='bbox 1617 4159 1711 4225; x_wconf 91' lang='lat' dir='ltr'><strong>potest</strong></span> <span class='ocrx_word' id='word_1_649' title='bbox 1727 4170 1787 4209; x_wconf 89' lang='lat' dir='ltr'><strong>cor·</strong></span> 
     </span>
     <span class='ocr_line' id='line_1_46' title="bbox 92 4240 1788 4314; baseline -0.001 -16"><span class='ocrx_word' id='word_1_650' title='bbox 92 4243 226 4298; x_wconf 71' lang='lat' dir='ltr'><strong>Omnium</strong></span> <span class='ocrx_word' id='word_1_651' title='bbox 253 4243 392 4312; x_wconf 75' lang='lat' dir='ltr'><strong>praedico</strong></span> <span class='ocrx_word' id='word_1_652' title='bbox 424 4249 606 4313; x_wconf 67' lang='lat' dir='ltr'><strong>talentumque</strong></span> <span class='ocrx_word' id='word_1_653' title='bbox 628 4244 710 4313; x_wconf 86' lang='lat' dir='ltr'><strong>uolo,</strong></span> <span class='ocrx_word' id='word_1_654' title='bbox 734 4258 777 4297; x_wconf 86' lang='lat' dir='ltr'><strong>me</strong></span> <span class='ocrx_word' id='word_1_655' title='bbox 804 4260 926 4312; x_wconf 67' lang='lat' dir='ltr'><strong>prorsuis</strong></span> <span class='ocrx_word' id='word_1_656' title='bbox 951 4242 1027 4314; x_wconf 88' lang='lat' dir='ltr'><strong>poris</strong></span> <span class='ocrx_word' id='word_1_657' title='bbox 1058 4241 1101 4297; x_wconf 92' lang='lat' dir='ltr'><strong>sui</strong></span> <span class='ocrx_word' id='word_1_658' title='bbox 1135 4247 1299 4313; x_wconf 86' lang='lat' dir='ltr'><strong>potestatem</strong></span> <span class='ocrx_word' id='word_1_659' title='bbox 1330 4240 1411 4297; x_wconf 85' lang='lat' dir='ltr'><strong>alteri</strong></span> <span class='ocrx_word' id='word_1_660' title='bbox 1442 4240 1553 4296; x_wconf 66' lang='lat' dir='ltr'><strong>madere</strong></span> <span class='ocrx_word' id='word_1_661' title='bbox 1580 4245 1609 4297; x_wconf 92' lang='lat' dir='ltr'><strong>et</strong></span> <span class='ocrx_word' id='word_1_662' title='bbox 1636 4256 1701 4297; x_wconf 89' lang='lat' dir='ltr'><strong>cnm</strong></span> <span class='ocrx_word' id='word_1_663' title='bbox 1730 4241 1788 4297; x_wconf 89' lang='lat' dir='ltr'><strong>alia</strong></span> 
     </span>
     <span class='ocr_line' id='line_1_47' title="bbox 91 4327 1787 4400; baseline -0.001 -15"><span class='ocrx_word' id='word_1_664' title='bbox 91 4349 149 4385; x_wconf 89' lang='lat' dir='ltr'><strong>non</strong></span> <span class='ocrx_word' id='word_1_665' title='bbox 170 4331 349 4384; x_wconf 79' lang='lat' dir='ltr'><strong>deserturum</strong></span> <span class='ocrx_word' id='word_1_666' title='bbox 365 4345 424 4384; x_wconf 83' lang='lat' dir='ltr'><strong>essa</strong></span> <span class='ocrx_word' id='word_1_667' title='bbox 439 4346 655 4399; x_wconf 72' lang='lat' dir='ltr'><strong>acoremqaam</strong></span> <span class='ocrx_word' id='word_1_668' title='bbox 676 4338 702 4384; x_wconf 90' lang='lat' dir='ltr'><strong>st</strong></span> <span class='ocrx_word' id='word_1_669' title='bbox 715 4330 794 4385; x_wconf 88' lang='lat' dir='ltr'><strong>Deus</strong></span> <span class='ocrx_word' id='word_1_670' title='bbox 813 4330 883 4400; x_wconf 81' lang='lat' dir='ltr'><strong>ipse,</strong></span> <span class='ocrx_word' id='word_1_671' title='bbox 901 4339 927 4385; x_wconf 85' lang='lat' dir='ltr'><strong>et</strong></span> <span class='ocrx_word' id='word_1_672' title='bbox 952 4329 1157 4386; x_wconf 85' lang='lat' dir='ltr'><strong>matrimonium</strong></span> <span class='ocrx_word' id='word_1_673' title='bbox 1175 4329 1358 4399; x_wconf 78' lang='lat' dir='ltr'><strong>contrahere3</strong></span> <span class='ocrx_word' id='word_1_674' title='bbox 1377 4328 1421 4384; x_wconf 90' lang='lat' dir='ltr'><strong>sin</strong></span> <span class='ocrx_word' id='word_1_675' title='bbox 1439 4327 1586 4384; x_wconf 73' lang='lat' dir='ltr'><strong>conuahat</strong></span> <span class='ocrx_word' id='word_1_676' title='bbox 1602 4327 1638 4384; x_wconf 92' lang='lat' dir='ltr'><strong>da</strong></span> <span class='ocrx_word' id='word_1_677' title='bbox 1654 4327 1737 4399; x_wconf 85' lang='lat' dir='ltr'><strong>facto,</strong></span> <span class='ocrx_word' id='word_1_678' title='bbox 1751 4327 1787 4383; x_wconf 89' lang='lat' dir='ltr'><strong>ir-</strong></span> 
     </span>
     <span class='ocr_line' id='line_1_48' title="bbox 90 4414 1786 4488; baseline -0.001 -17"><span class='ocrx_word' id='word_1_679' title='bbox 90 4417 168 4487; x_wconf 77' lang='lat' dir='ltr'><strong>leqes</strong></span> <span class='ocrx_word' id='word_1_680' title='bbox 199 4415 316 4484; x_wconf 69' lang='lat' dir='ltr'><strong>ipsoque</strong></span> <span class='ocrx_word' id='word_1_681' title='bbox 352 4432 437 4469; x_wconf 87' lang='lat' dir='ltr'><strong>sacra</strong></span> <span class='ocrx_word' id='word_1_682' title='bbox 468 4415 619 4485; x_wconf 69' lang='lat' dir='ltr'><strong>liceopluils&#39;</strong></span> <span class='ocrx_word' id='word_1_683' title='bbox 643 4433 744 4469; x_wconf 87' lang='lat' dir='ltr'><strong>manus</strong></span> <span class='ocrx_word' id='word_1_684' title='bbox 761 4416 831 4470; x_wconf 81' lang='lat' dir='ltr'><strong>mili</strong></span> <span class='ocrx_word' id='word_1_685' title='bbox 863 4434 926 4471; x_wconf 78' lang='lat' dir='ltr'><strong>con</strong></span> <span class='ocrx_word' id='word_1_686' title='bbox 953 4417 1035 4472; x_wconf 88' lang='lat' dir='ltr'><strong>ritum</strong></span> <span class='ocrx_word' id='word_1_687' title='bbox 1053 4416 1124 4472; x_wconf 91' lang='lat' dir='ltr'><strong>illud</strong></span> <span class='ocrx_word' id='word_1_688' title='bbox 1142 4416 1281 4488; x_wconf 87' lang='lat' dir='ltr'><strong>posterius</strong></span> <span class='ocrx_word' id='word_1_689' title='bbox 1304 4414 1549 4487; x_wconf 87' lang='lat' dir='ltr'><strong>pronuntiandum,</strong></span> <span class='ocrx_word' id='word_1_690' title='bbox 1566 4414 1622 4470; x_wconf 90' lang='lat' dir='ltr'><strong>imo</strong></span> <span class='ocrx_word' id='word_1_691' title='bbox 1639 4432 1690 4487; x_wconf 90' lang='lat' dir='ltr'><strong>pro</strong></span> <span class='ocrx_word' id='word_1_692' title='bbox 1707 4414 1786 4470; x_wconf 89' lang='lat' dir='ltr'><strong>adul·</strong></span> 
     </span>
     <span class='ocr_line' id='line_1_49' title="bbox 90 4500 1787 4573; baseline 0.001 -17"><span class='ocrx_word' id='word_1_693' title='bbox 90 4503 192 4573; x_wconf 73' lang='lat' dir='ltr'><strong>iuuaret,</strong></span> <span class='ocrx_word' id='word_1_694' title='bbox 211 4518 299 4571; x_wconf 75' lang='lat' dir='ltr'><strong>nequae</strong></span> <span class='ocrx_word' id='word_1_695' title='bbox 315 4519 377 4556; x_wconf 76' lang='lat' dir='ltr'><strong>cuma</strong></span> <span class='ocrx_word' id='word_1_696' title='bbox 390 4502 545 4557; x_wconf 79' lang='lat' dir='ltr'><strong>illaudati</strong></span> <span class='ocrx_word' id='word_1_697' title='bbox 562 4501 704 4556; x_wconf 85' lang='lat' dir='ltr'><strong>moeclum</strong></span> <span class='ocrx_word' id='word_1_698' title='bbox 720 4502 926 4558; x_wconf 74' lang='lat' dir='ltr'><strong>clandestinam</strong></span> <span class='ocrx_word' id='word_1_699' title='bbox 953 4505 1023 4559; x_wconf 82' lang='lat' dir='ltr'><strong>tario</strong></span> <span class='ocrx_word' id='word_1_700' title='bbox 1057 4501 1226 4560; x_wconf 87' lang='lat' dir='ltr'><strong>habendum.</strong></span> <span class='ocrx_word' id='word_1_701' title='bbox 1284 4504 1380 4558; x_wconf 89' lang='lat' dir='ltr'><strong>Potest</strong></span> <span class='ocrx_word' id='word_1_702' title='bbox 1408 4501 1464 4556; x_wconf 89' lang='lat' dir='ltr'><strong>huc</strong></span> <span class='ocrx_word' id='word_1_703' title='bbox 1503 4500 1600 4557; x_wconf 70' lang='lat' dir='ltr'><strong>reterri</strong></span> <span class='ocrx_word' id='word_1_704' title='bbox 1631 4501 1787 4572; x_wconf 84' lang='lat' dir='ltr'><strong>exemplum</strong></span> 
     </span>
     <span class='ocr_line' id='line_1_50' title="bbox 91 4586 1790 4657; baseline -0.002 -13"><span class='ocrx_word' id='word_1_705' title='bbox 91 4588 319 4644; x_wconf 76' lang='lat' dir='ltr'><strong>consuetudinem</strong></span> <span class='ocrx_word' id='word_1_706' title='bbox 346 4587 523 4652; x_wconf 70' lang='lat' dir='ltr'><strong>labatur-um,</strong></span> <span class='ocrx_word' id='word_1_707' title='bbox 552 4588 673 4642; x_wconf 76' lang='lat' dir='ltr'><strong>aiterum</strong></span> <span class='ocrx_word' id='word_1_708' title='bbox 708 4587 778 4642; x_wconf 84' lang='lat' dir='ltr'><strong>enim</strong></span> <span class='ocrx_word' id='word_1_709' title='bbox 815 4588 926 4643; x_wconf 77' lang='lat' dir='ltr'><strong>manime</strong></span> <span class='ocrx_word' id='word_1_710' title='bbox 954 4589 1089 4646; x_wconf 70' lang='lat' dir='ltr'><strong>Micholis</strong></span> <span class='ocrx_word' id='word_1_711' title='bbox 1106 4588 1181 4644; x_wconf 86' lang='lat' dir='ltr'><strong>filiae</strong></span> <span class='ocrx_word' id='word_1_712' title='bbox 1193 4587 1301 4657; x_wconf 79' lang='lat' dir='ltr'><strong>Saulis3</strong></span> <span class='ocrx_word' id='word_1_713' title='bbox 1321 4586 1371 4641; x_wconf 92' lang='lat' dir='ltr'><strong>illa</strong></span> <span class='ocrx_word' id='word_1_714' title='bbox 1387 4587 1506 4657; x_wconf 86' lang='lat' dir='ltr'><strong>primum</strong></span> <span class='ocrx_word' id='word_1_715' title='bbox 1525 4586 1593 4641; x_wconf 84' lang='lat' dir='ltr'><strong>data</strong></span> <span class='ocrx_word' id='word_1_716' title='bbox 1610 4586 1665 4642; x_wconf 82' lang='lat' dir='ltr'><strong>fuit</strong></span> <span class='ocrx_word' id='word_1_717' title='bbox 1678 4588 1790 4643; x_wconf 82' lang='lat' dir='ltr'><strong>Dauidi</strong></span> 
     </span>
     <span class='ocr_line' id='line_1_51' title="bbox 87 4671 1788 4745; baseline -0.002 -16"><span class='ocrx_word' id='word_1_718' title='bbox 87 4676 179 4745; x_wconf 73' lang='lat' dir='ltr'><strong>pium</strong></span> <span class='ocrx_word' id='word_1_719' title='bbox 196 4675 316 4729; x_wconf 73' lang='lat' dir='ltr'><strong>aderam</strong></span> <span class='ocrx_word' id='word_1_720' title='bbox 333 4675 444 4727; x_wconf 84' lang='lat' dir='ltr'><strong>minime</strong></span> <span class='ocrx_word' id='word_1_721' title='bbox 461 4674 615 4742; x_wconf 73' lang='lat' dir='ltr'><strong>legitimum</strong></span> <span class='ocrx_word' id='word_1_722' title='bbox 632 4682 681 4729; x_wconf 89' lang='lat' dir='ltr'><strong>cst.</strong></span> <span class='ocrx_word' id='word_1_723' title='bbox 718 4673 856 4729; x_wconf 87' lang='lat' dir='ltr'><strong>Addimus</strong></span> <span class='ocrx_word' id='word_1_724' title='bbox 874 4674 927 4730; x_wconf 84' lang='lat' dir='ltr'><strong>hoc</strong></span> <span class='ocrx_word' id='word_1_725' title='bbox 955 4677 986 4730; x_wconf 82' lang='lat' dir='ltr'><strong>ia</strong></span> <span class='ocrx_word' id='word_1_726' title='bbox 1002 4691 1116 4730; x_wconf 77' lang='lat' dir='ltr'><strong>unorum</strong></span> <span class='ocrx_word' id='word_1_727' title='bbox 1136 4680 1159 4731; x_wconf 87' lang='lat'><strong>1.</strong></span> <span class='ocrx_word' id='word_1_728' title='bbox 1181 4673 1253 4731; x_wconf 76' lang='lat' dir='ltr'><strong>Sum.</strong></span> <span class='ocrx_word' id='word_1_729' title='bbox 1277 4679 1316 4736; x_wconf 83' lang='grc'><strong>18,</strong></span> <span class='ocrx_word' id='word_1_730' title='bbox 1333 4689 1360 4726; x_wconf 85' lang='lat' dir='ltr'><strong>v.</strong></span> <span class='ocrx_word' id='word_1_731' title='bbox 1379 4676 1420 4727; x_wconf 75' lang='lat'><strong>27.</strong></span> <span class='ocrx_word' id='word_1_732' title='bbox 1449 4671 1498 4728; x_wconf 87' lang='lat' dir='ltr'><strong>sed</strong></span> <span class='ocrx_word' id='word_1_733' title='bbox 1523 4687 1587 4727; x_wconf 84' lang='lat' dir='ltr'><strong>aum</strong></span> <span class='ocrx_word' id='word_1_734' title='bbox 1603 4671 1697 4727; x_wconf 86' lang='lat' dir='ltr'><strong>David</strong></span> <span class='ocrx_word' id='word_1_735' title='bbox 1715 4677 1788 4728; x_wconf 84' lang='lat' dir='ltr'><strong>asset</strong></span> 
     </span>
     <span class='ocr_line' id='line_1_52' title="bbox 94 4756 1787 4833; baseline -0.004 -15"><span class='ocrx_word' id='word_1_736' title='bbox 94 4764 155 4818; x_wconf 88' lang='lat' dir='ltr'><strong>loco</strong></span> <span class='ocrx_word' id='word_1_737' title='bbox 174 4766 378 4833; x_wconf 77' lang='lat' dir='ltr'><strong>argumentum,</strong></span> <span class='ocrx_word' id='word_1_738' title='bbox 389 4760 473 4830; x_wconf 81' lang='lat' dir='ltr'><strong>quod</strong></span> <span class='ocrx_word' id='word_1_739' title='bbox 491 4760 520 4814; x_wconf 90' lang='lat' dir='ltr'><strong>in</strong></span> <span class='ocrx_word' id='word_1_740' title='bbox 537 4765 659 4815; x_wconf 86' lang='lat' dir='ltr'><strong>tractatu</strong></span> <span class='ocrx_word' id='word_1_741' title='bbox 678 4760 713 4815; x_wconf 91' lang='lat' dir='ltr'><strong>de</strong></span> <span class='ocrx_word' id='word_1_742' title='bbox 731 4760 884 4816; x_wconf 87' lang='lat' dir='ltr'><strong>ministerio</strong></span> <span class='ocrx_word' id='word_1_743' title='bbox 896 4761 925 4815; x_wconf 93' lang='lat' dir='ltr'><strong>in</strong></span> <span class='ocrx_word' id='word_1_744' title='bbox 955 4763 983 4817; x_wconf 93' lang='lat' dir='ltr'><strong>in</strong></span> <span class='ocrx_word' id='word_1_745' title='bbox 1002 4760 1108 4825; x_wconf 87' lang='lat' dir='ltr'><strong>exsilio,</strong></span> <span class='ocrx_word' id='word_1_746' title='bbox 1136 4764 1287 4832; x_wconf 82' lang='lat' dir='ltr'><strong>aparente</strong></span> <span class='ocrx_word' id='word_1_747' title='bbox 1305 4775 1372 4830; x_wconf 81' lang='lat' dir='ltr'><strong>rege</strong></span> <span class='ocrx_word' id='word_1_748' title='bbox 1390 4758 1457 4813; x_wconf 87' lang='lat' dir='ltr'><strong>data</strong></span> <span class='ocrx_word' id='word_1_749' title='bbox 1474 4757 1530 4813; x_wconf 83' lang='lat' dir='ltr'><strong>fuit</strong></span> <span class='ocrx_word' id='word_1_750' title='bbox 1548 4758 1631 4813; x_wconf 83' lang='lat' dir='ltr'><strong>Palti</strong></span> <span class='ocrx_word' id='word_1_751' title='bbox 1643 4756 1701 4812; x_wconf 85' lang='lat' dir='ltr'><strong>tilio</strong></span> <span class='ocrx_word' id='word_1_752' title='bbox 1720 4757 1787 4813; x_wconf 80' lang='lat' dir='ltr'><strong>lais</strong></span> 
     </span>
     <span class='ocr_line' id='line_1_53' title="bbox 95 4841 1785 4921; baseline -0.002 -17"><span class='ocrx_word' id='word_1_753' title='bbox 95 4848 256 4921; x_wconf 85' lang='lat' dir='ltr'><strong>quaestione</strong></span> <span class='ocrx_word' id='word_1_754' title='bbox 288 4847 323 4903; x_wconf 90' lang='lat' dir='ltr'><strong>de</strong></span> <span class='ocrx_word' id='word_1_755' title='bbox 349 4847 461 4919; x_wconf 89' lang='lat' dir='ltr'><strong>conjug.</strong></span> <span class='ocrx_word' id='word_1_756' title='bbox 492 4846 667 4902; x_wconf 84' lang='lat' dir='ltr'><strong>sacerdotum</strong></span> <span class='ocrx_word' id='word_1_757' title='bbox 695 4847 927 4917; x_wconf 86' lang='lat' dir='ltr'><strong>praetermissum.</strong></span> <span class='ocrx_word' id='word_1_758' title='bbox 955 4855 978 4905; x_wconf 92' lang='grc'><strong>1.</strong></span> <span class='ocrx_word' id='word_1_759' title='bbox 992 4847 1067 4904; x_wconf 84' lang='lat' dir='ltr'><strong>Sam.</strong></span> <span class='ocrx_word' id='word_1_760' title='bbox 1080 4853 1123 4918; x_wconf 82' lang='lat'><strong>26,</strong></span> <span class='ocrx_word' id='word_1_761' title='bbox 1133 4865 1159 4902; x_wconf 85' lang='lat' dir='ltr'><strong>v.</strong></span> <span class='ocrx_word' id='word_1_762' title='bbox 1170 4853 1210 4903; x_wconf 79' lang='lat' dir='ltr'><strong>lt.</strong></span> <span class='ocrx_word' id='word_1_763' title='bbox 1228 4852 1377 4917; x_wconf 84' lang='lat' dir='ltr'><strong>postquam</strong></span> <span class='ocrx_word' id='word_1_764' title='bbox 1389 4860 1455 4901; x_wconf 84' lang='lat' dir='ltr'><strong>vero</strong></span> <span class='ocrx_word' id='word_1_765' title='bbox 1472 4843 1566 4899; x_wconf 83' lang='lat' dir='ltr'><strong>David</strong></span> <span class='ocrx_word' id='word_1_766' title='bbox 1579 4842 1616 4899; x_wconf 90' lang='lat' dir='ltr'><strong>ab</strong></span> <span class='ocrx_word' id='word_1_767' title='bbox 1635 4841 1731 4900; x_wconf 83' lang='lat' dir='ltr'><strong>exsilio</strong></span> <span class='ocrx_word' id='word_1_768' title='bbox 1743 4860 1785 4900; x_wconf 86' lang='lat' dir='ltr'><strong>re·</strong></span> 
     </span>
     <span class='ocr_line' id='line_1_54' title="bbox 96 4928 1786 5005; baseline -0.002 -15"><span class='ocrx_word' id='word_1_769' title='bbox 96 4934 203 5002; x_wconf 79' lang='lat' dir='ltr'><strong>Qruibue</strong></span> <span class='ocrx_word' id='word_1_770' title='bbox 231 4933 419 4989; x_wconf 87' lang='lat' dir='ltr'><strong>fundamentis</strong></span> <span class='ocrx_word' id='word_1_771' title='bbox 446 4932 632 4989; x_wconf 86' lang='lat' dir='ltr'><strong>Bellarminus</strong></span> <span class='ocrx_word' id='word_1_772' title='bbox 662 4932 711 4988; x_wconf 91' lang='lat' dir='ltr'><strong>lib.</strong></span> <span class='ocrx_word' id='word_1_773' title='bbox 732 4940 756 4988; x_wconf 78' lang='lat' dir='ltr'><strong>t.</strong></span> <span class='ocrx_word' id='word_1_774' title='bbox 784 4932 818 4988; x_wconf 90' lang='lat' dir='ltr'><strong>de</strong></span> <span class='ocrx_word' id='word_1_775' title='bbox 847 4933 926 4989; x_wconf 88' lang='lat' dir='ltr'><strong>Rom.</strong></span> <span class='ocrx_word' id='word_1_776' title='bbox 955 4934 1058 4988; x_wconf 88' lang='lat' dir='ltr'><strong>ductus</strong></span> <span class='ocrx_word' id='word_1_777' title='bbox 1078 4941 1107 4989; x_wconf 91' lang='lat' dir='ltr'><strong>et</strong></span> <span class='ocrx_word' id='word_1_778' title='bbox 1125 4948 1212 5005; x_wconf 85' lang='lat' dir='ltr'><strong>regno</strong></span> <span class='ocrx_word' id='word_1_779' title='bbox 1232 4930 1377 4987; x_wconf 85' lang='lat' dir='ltr'><strong>restitutus</strong></span> <span class='ocrx_word' id='word_1_780' title='bbox 1395 4937 1475 4992; x_wconf 87' lang='lat' dir='ltr'><strong>esset,</strong></span> <span class='ocrx_word' id='word_1_781' title='bbox 1494 4929 1610 4985; x_wconf 86' lang='lat' dir='ltr'><strong>eandem</strong></span> <span class='ocrx_word' id='word_1_782' title='bbox 1630 4928 1683 4984; x_wconf 91' lang='lat' dir='ltr'><strong>sibi</strong></span> <span class='ocrx_word' id='word_1_783' title='bbox 1707 4929 1786 4986; x_wconf 85' lang='lat' dir='ltr'><strong>resti·</strong></span> 
     </span>
     <span class='ocr_line' id='line_1_55' title="bbox 95 5014 1787 5094; baseline -0.003 -17"><span class='ocrx_word' id='word_1_784' title='bbox 95 5029 171 5094; x_wconf 91' lang='lat' dir='ltr'><strong>pont.</strong></span> <span class='ocrx_word' id='word_1_785' title='bbox 196 5038 257 5092; x_wconf 90' lang='lat' dir='ltr'><strong>cap.</strong></span> <span class='ocrx_word' id='word_1_786' title='bbox 288 5026 312 5077; x_wconf 84' lang='grc'><strong>8.</strong></span> <span class='ocrx_word' id='word_1_787' title='bbox 342 5025 458 5076; x_wconf 88' lang='lat' dir='ltr'><strong>conatur</strong></span> <span class='ocrx_word' id='word_1_788' title='bbox 487 5018 614 5090; x_wconf 87' lang='lat' dir='ltr'><strong>probare,</strong></span> <span class='ocrx_word' id='word_1_789' title='bbox 640 5037 696 5074; x_wconf 89' lang='lat' dir='ltr'><strong>non</strong></span> <span class='ocrx_word' id='word_1_790' title='bbox 714 5036 880 5089; x_wconf 63' lang='lat' dir='ltr'><strong>remanare,</strong></span> <span class='ocrx_word' id='word_1_791' title='bbox 897 5022 941 5075; x_wconf 73' lang='lat' dir='ltr'><strong>ati</strong></span> <span class='ocrx_word' id='word_1_792' title='bbox 954 5021 995 5076; x_wconf 91' lang='lat' dir='ltr'><strong>tui</strong></span> <span class='ocrx_word' id='word_1_793' title='bbox 1022 5019 1138 5083; x_wconf 80' lang='lat' dir='ltr'><strong>curavit,</strong></span> <span class='ocrx_word' id='word_1_794' title='bbox 1175 5024 1199 5074; x_wconf 82' lang='grc'><strong>1.</strong></span> <span class='ocrx_word' id='word_1_795' title='bbox 1230 5017 1303 5074; x_wconf 85' lang='lat' dir='ltr'><strong>Sam</strong></span> <span class='ocrx_word' id='word_1_796' title='bbox 1332 5022 1357 5086; x_wconf 84' lang='lat'><strong>3,</strong></span> <span class='ocrx_word' id='word_1_797' title='bbox 1379 5034 1407 5074; x_wconf 79' lang='lat' dir='ltr'><strong>u.</strong></span> <span class='ocrx_word' id='word_1_798' title='bbox 1433 5021 1473 5072; x_wconf 82' lang='grc'><strong>14.</strong></span> <span class='ocrx_word' id='word_1_799' title='bbox 1517 5015 1564 5071; x_wconf 83' lang='lat' dir='ltr'><strong>An</strong></span> <span class='ocrx_word' id='word_1_800' title='bbox 1581 5031 1647 5071; x_wconf 83' lang='lat' dir='ltr'><strong>vero</strong></span> <span class='ocrx_word' id='word_1_801' title='bbox 1664 5014 1787 5088; x_wconf 77' lang='lat' dir='ltr'><strong>ligamen</strong></span> 
     </span>
     <span class='ocr_line' id='line_1_56' title="bbox 45 5082 1787 5179; baseline -0.002 -17"><span class='ocrx_word' id='word_1_802' title='bbox 45 5118 82 5162; x_wconf 70' lang='lat' dir='ltr'><strong>m.</strong></span> <span class='ocrx_word' id='word_1_803' title='bbox 96 5109 244 5179; x_wconf 83' lang='lat' dir='ltr'><strong>episcopus</strong></span> <span class='ocrx_word' id='word_1_804' title='bbox 263 5109 300 5161; x_wconf 87' lang='lat' dir='ltr'><strong>sit</strong></span> <span class='ocrx_word' id='word_1_805' title='bbox 313 5107 398 5161; x_wconf 86' lang='lat' dir='ltr'><strong>simul</strong></span> <span class='ocrx_word' id='word_1_806' title='bbox 409 5107 570 5177; x_wconf 79' lang='lat' dir='ltr'><strong>spiritualis</strong></span> <span class='ocrx_word' id='word_1_807' title='bbox 587 5115 615 5160; x_wconf 86' lang='lat' dir='ltr'><strong>el</strong></span> <span class='ocrx_word' id='word_1_808' title='bbox 626 5106 792 5175; x_wconf 84' lang='lat' dir='ltr'><strong>temporalis</strong></span> <span class='ocrx_word' id='word_1_809' title='bbox 803 5107 927 5177; x_wconf 79' lang='lat' dir='ltr'><strong>alicujus</strong></span> <span class='ocrx_word' id='word_1_810' title='bbox 938 5082 943 5165; x_wconf 84' lang='lat' dir='ltr'><strong>i</strong></span> <span class='ocrx_word' id='word_1_811' title='bbox 955 5106 1165 5179; x_wconf 80' lang='lat' dir='ltr'><strong>apomeliorum</strong></span> <span class='ocrx_word' id='word_1_812' title='bbox 1184 5103 1390 5158; x_wconf 87' lang='lat' dir='ltr'><strong>matrimonium</strong></span> <span class='ocrx_word' id='word_1_813' title='bbox 1410 5119 1473 5157; x_wconf 90' lang='lat' dir='ltr'><strong>cum</strong></span> <span class='ocrx_word' id='word_1_814' title='bbox 1492 5101 1548 5156; x_wconf 90' lang='lat' dir='ltr'><strong>alio</strong></span> <span class='ocrx_word' id='word_1_815' title='bbox 1565 5107 1664 5173; x_wconf 80' lang='lat' dir='ltr'><strong>postea</strong></span> <span class='ocrx_word' id='word_1_816' title='bbox 1679 5109 1787 5158; x_wconf 67' lang='lat' dir='ltr'><strong>conua-</strong></span> 
     </span>
     <span class='ocr_line' id='line_1_57' title="bbox 92 5178 1787 5283; baseline -0.005 -32"><span class='ocrx_word' id='word_1_817' title='bbox 92 5194 258 5267; x_wconf 83' lang='lat' dir='ltr'><strong>prceinciac</strong></span> <span class='ocrx_word' id='word_1_818' title='bbox 272 5195 416 5263; x_wconf 82' lang='lat' dir='ltr'><strong>princeps,</strong></span> <span class='ocrx_word' id='word_1_819' title='bbox 435 5192 532 5247; x_wconf 85' lang='lat' dir='ltr'><strong>iisdem</strong></span> <span class='ocrx_word' id='word_1_820' title='bbox 551 5190 734 5248; x_wconf 88' lang='lat' dir='ltr'><strong>demonstrari</strong></span> <span class='ocrx_word' id='word_1_821' title='bbox 753 5197 853 5263; x_wconf 88' lang='lat' dir='ltr'><strong>potest,</strong></span> <span class='ocrx_word' id='word_1_822' title='bbox 873 5210 929 5249; x_wconf 92' lang='lat' dir='ltr'><strong>non</strong></span> <span class='ocrx_word' id='word_1_823' title='bbox 939 5178 942 5283; x_wconf 62' lang='lat' dir='ltr'><strong>i</strong></span> <span class='ocrx_word' id='word_1_824' title='bbox 954 5200 1029 5249; x_wconf 87' lang='lat' dir='ltr'><strong>ctum</strong></span> <span class='ocrx_word' id='word_1_825' title='bbox 1047 5191 1148 5246; x_wconf 88' lang='lat' dir='ltr'><strong>reddat</strong></span> <span class='ocrx_word' id='word_1_826' title='bbox 1165 5189 1282 5258; x_wconf 74' lang='lat' dir='ltr'><strong>irritum,</strong></span> <span class='ocrx_word' id='word_1_827' title='bbox 1302 5189 1390 5244; x_wconf 85' lang='lat' dir='ltr'><strong>ardua</strong></span> <span class='ocrx_word' id='word_1_828' title='bbox 1409 5195 1438 5244; x_wconf 88' lang='lat' dir='ltr'><strong>et</strong></span> <span class='ocrx_word' id='word_1_829' title='bbox 1455 5186 1577 5243; x_wconf 88' lang='lat' dir='ltr'><strong>difficilis</strong></span> <span class='ocrx_word' id='word_1_830' title='bbox 1594 5193 1636 5243; x_wconf 89' lang='lat' dir='ltr'><strong>est</strong></span> <span class='ocrx_word' id='word_1_831' title='bbox 1653 5187 1787 5260; x_wconf 83' lang='lat' dir='ltr'><strong>quaestio,</strong></span> 
     </span>
     <span class='ocr_line' id='line_1_58' title="bbox 94 5273 1787 5354; baseline -0.005 -15"><span class='ocrx_word' id='word_1_832' title='bbox 94 5298 260 5354; x_wconf 88' lang='lat' dir='ltr'><strong>repugnare,</strong></span> <span class='ocrx_word' id='word_1_833' title='bbox 272 5284 306 5335; x_wconf 88' lang='lat' dir='ltr'><strong>nt</strong></span> <span class='ocrx_word' id='word_1_834' title='bbox 319 5279 464 5350; x_wconf 82' lang='lat' dir='ltr'><strong>episcopus</strong></span> <span class='ocrx_word' id='word_1_835' title='bbox 478 5277 559 5333; x_wconf 91' lang='lat' dir='ltr'><strong>simul</strong></span> <span class='ocrx_word' id='word_1_836' title='bbox 574 5277 611 5332; x_wconf 91' lang='lat' dir='ltr'><strong>sit</strong></span> <span class='ocrx_word' id='word_1_837' title='bbox 626 5277 743 5333; x_wconf 87' lang='lat' dir='ltr'><strong>maritus</strong></span> <span class='ocrx_word' id='word_1_838' title='bbox 757 5283 785 5334; x_wconf 88' lang='lat' dir='ltr'><strong>et</strong></span> <span class='ocrx_word' id='word_1_839' title='bbox 797 5278 984 5334; x_wconf 69' lang='lat' dir='ltr'><strong>emlesiaeiin</strong></span> <span class='ocrx_word' id='word_1_840' title='bbox 1013 5294 1070 5350; x_wconf 87' lang='lat' dir='ltr'><strong>qua</strong></span> <span class='ocrx_word' id='word_1_841' title='bbox 1098 5294 1132 5332; x_wconf 84' lang='lat' dir='ltr'><strong>ex</strong></span> <span class='ocrx_word' id='word_1_842' title='bbox 1160 5282 1279 5348; x_wconf 83' lang='lat' dir='ltr'><strong>utroque</strong></span> <span class='ocrx_word' id='word_1_843' title='bbox 1314 5281 1395 5345; x_wconf 88' lang='lat' dir='ltr'><strong>parte</strong></span> <span class='ocrx_word' id='word_1_844' title='bbox 1431 5279 1596 5346; x_wconf 85' lang='lat' dir='ltr'><strong>argumenta</strong></span> <span class='ocrx_word' id='word_1_845' title='bbox 1623 5273 1787 5330; x_wconf 76' lang='lat' dir='ltr'><strong>elimentur.</strong></span> 
     </span>
     <span class='ocr_line' id='line_1_59' title="bbox 95 5357 1788 5434; baseline -0.006 -10"><span class='ocrx_word' id='word_1_846' title='bbox 95 5368 201 5424; x_wconf 89' lang='lat' dir='ltr'><strong>doctor.</strong></span> <span class='ocrx_word' id='word_1_847' title='bbox 238 5366 373 5421; x_wconf 87' lang='lat' dir='ltr'><strong>Producit</strong></span> <span class='ocrx_word' id='word_1_848' title='bbox 384 5365 568 5420; x_wconf 85' lang='lat' dir='ltr'><strong>Bellarminus</strong></span> <span class='ocrx_word' id='word_1_849' title='bbox 585 5362 712 5433; x_wconf 83' lang='lat' dir='ltr'><strong>exempla</strong></span> <span class='ocrx_word' id='word_1_850' title='bbox 720 5364 930 5433; x_wconf 83' lang='lat' dir='ltr'><strong>Mslclissdsci,</strong></span> <span class='ocrx_word' id='word_1_851' title='bbox 955 5363 1035 5420; x_wconf 82' lang='lat' dir='ltr'><strong>Facti</strong></span> <span class='ocrx_word' id='word_1_852' title='bbox 1064 5361 1170 5434; x_wconf 87' lang='lat' dir='ltr'><strong>species</strong></span> <span class='ocrx_word' id='word_1_853' title='bbox 1195 5360 1359 5434; x_wconf 87' lang='lat' dir='ltr'><strong>proponitur</strong></span> <span class='ocrx_word' id='word_1_854' title='bbox 1383 5360 1527 5431; x_wconf 85' lang='lat' dir='ltr'><strong>ejusmodi.</strong></span> <span class='ocrx_word' id='word_1_855' title='bbox 1568 5365 1695 5417; x_wconf 80' lang='lat' dir='ltr'><strong>Susanna</strong></span> <span class='ocrx_word' id='word_1_856' title='bbox 1712 5357 1788 5414; x_wconf 81' lang='lat' dir='ltr'><strong>&#39;litio</strong></span> 
     </span>
     <span class='ocr_line' id='line_1_60' title="bbox 95 5444 1788 5533; baseline -0.006 -23"><span class='ocrx_word' id='word_1_857' title='bbox 95 5455 199 5522; x_wconf 76' lang='lat' dir='ltr'><strong>Nonii,</strong></span> <span class='ocrx_word' id='word_1_858' title='bbox 220 5454 385 5517; x_wconf 78' lang='lat' dir='ltr'><strong>Adralams&#39;,</strong></span> <span class='ocrx_word' id='word_1_859' title='bbox 404 5452 517 5520; x_wconf 83' lang='lat' dir='ltr'><strong>Jocoli,</strong></span> <span class='ocrx_word' id='word_1_860' title='bbox 536 5451 656 5520; x_wconf 74' lang='lat' dir='ltr'><strong>Moysis,</strong></span> <span class='ocrx_word' id='word_1_861' title='bbox 680 5451 752 5505; x_wconf 85' lang='lat' dir='ltr'><strong>Heli</strong></span> <span class='ocrx_word' id='word_1_862' title='bbox 767 5458 793 5504; x_wconf 85' lang='lat' dir='ltr'><strong>et</strong></span> <span class='ocrx_word' id='word_1_863' title='bbox 812 5452 929 5506; x_wconf 86' lang='lat' dir='ltr'><strong>Macco·</strong></span> <span class='ocrx_word' id='word_1_864' title='bbox 941 5504 943 5533; x_wconf 61' lang='grc' dir='ltr'>Ι</span> <span class='ocrx_word' id='word_1_865' title='bbox 956 5449 1107 5506; x_wconf 84' lang='lat' dir='ltr'><strong>solenniter</strong></span> <span class='ocrx_word' id='word_1_866' title='bbox 1126 5455 1155 5504; x_wconf 90' lang='lat' dir='ltr'><strong>et</strong></span> <span class='ocrx_word' id='word_1_867' title='bbox 1167 5447 1280 5519; x_wconf 86' lang='lat' dir='ltr'><strong>publice</strong></span> <span class='ocrx_word' id='word_1_868' title='bbox 1296 5449 1488 5518; x_wconf 83' lang='lat' dir='ltr'><strong>desponsatur,</strong></span> <span class='ocrx_word' id='word_1_869' title='bbox 1503 5450 1568 5517; x_wconf 89' lang='lat' dir='ltr'><strong>poet</strong></span> <span class='ocrx_word' id='word_1_870' title='bbox 1585 5444 1726 5518; x_wconf 82' lang='lat' dir='ltr'><strong>sponsalia</strong></span> <span class='ocrx_word' id='word_1_871' title='bbox 1743 5460 1788 5501; x_wconf 83' lang='lat' dir='ltr'><strong>oe·</strong></span> 
     </span>
     <span class='ocr_line' id='line_1_61' title="bbox 95 5531 1787 5614; baseline -0.005 -18"><span class='ocrx_word' id='word_1_872' title='bbox 95 5543 236 5609; x_wconf 85' lang='lat' dir='ltr'><strong>lasorum,</strong></span> <span class='ocrx_word' id='word_1_873' title='bbox 255 5541 306 5610; x_wconf 86' lang='lat' dir='ltr'><strong>qai</strong></span> <span class='ocrx_word' id='word_1_874' title='bbox 321 5541 441 5606; x_wconf 76' lang='lat' dir='ltr'><strong>fuenmt</strong></span> <span class='ocrx_word' id='word_1_875' title='bbox 463 5538 548 5593; x_wconf 64' lang='lat' dir='ltr'><strong>amul</strong></span> <span class='ocrx_word' id='word_1_876' title='bbox 566 5536 713 5614; x_wconf 75' lang='lat' dir='ltr'><strong>principa</strong></span> <span class='ocrx_word' id='word_1_877' title='bbox 731 5544 757 5590; x_wconf 85' lang='lat' dir='ltr'><strong>at</strong></span> <span class='ocrx_word' id='word_1_878' title='bbox 771 5535 1065 5606; x_wconf 78' lang='lat' dir='ltr'><strong>ponts&#39;fiaa.!lebrata</strong></span> <span class='ocrx_word' id='word_1_879' title='bbox 1092 5535 1123 5590; x_wconf 89' lang='lat' dir='ltr'><strong>in</strong></span> <span class='ocrx_word' id='word_1_880' title='bbox 1150 5534 1233 5591; x_wconf 82' lang='lat' dir='ltr'><strong>aliam</strong></span> <span class='ocrx_word' id='word_1_881' title='bbox 1259 5531 1445 5605; x_wconf 79' lang='lat' dir='ltr'><strong>proficiscitur</strong></span> <span class='ocrx_word' id='word_1_882' title='bbox 1475 5532 1629 5604; x_wconf 72' lang='lat' dir='ltr'><strong>regionem«</strong></span> <span class='ocrx_word' id='word_1_883' title='bbox 1642 5537 1671 5586; x_wconf 91' lang='lat' dir='ltr'><strong>et</strong></span> <span class='ocrx_word' id='word_1_884' title='bbox 1685 5546 1787 5602; x_wconf 87' lang='lat' dir='ltr'><strong>sponso</strong></span> 
     </span>
     <span class='ocr_line' id='line_1_62' title="bbox 1372 5635 1432 5695; baseline 0 -18"><span class='ocrx_word' id='word_1_885' title='bbox 1372 5635 1432 5695; x_wconf 68' lang='lat' dir='ltr'><strong>pgr</strong></span> 
     </span>
    </p>
   </div>
   <div class='ocr_carea' id='block_1_3' title="bbox 0 0 2014 6022">
    <p class='ocr_par' dir='ltr' id='par_1_3' title="bbox 0 0 2014 6022">
     <span class='ocr_line' id='line_1_63' title="bbox 0 0 2014 6022; baseline 0 0"><span class='ocrx_word' id='word_1_886' title='bbox 0 0 2014 6022; x_wconf 95' lang='lat' dir='ltr'><strong> </strong></span> 
     </span>
    </p>
   </div>
  </div>
 </body>
</html>
