4020 6022
825 218 1093 280 uncoutnmo.
1740 233 1800 295 too

112 370 185 430 idem
206 375 316 432 omnino
329 374 480 447 judicium,
500 390 564 432 cnm
583 390 677 433 omncs
700 376 729 432 in
751 382 874 433 seeundo
894 396 938 433 ae·
971 380 1007 431 de
1024 396 1081 433 non
1098 378 1227 433 discenda
1247 395 1333 433 urere
1351 378 1455 443 fream
1473 380 1571 435 neoris
1588 398 1664 448 cuae,
1682 398 1754 453 quae
1773 385 1801 438 in

112 460 208 528 mans
226 462 319 517 lineae
341 466 437 530 produ
456 462 694 536 consanguinitate
718 464 773 521 sint
797 463 944 537 conjuncti
971 466 1092 519 &metis
1113 472 1232 534 prostat.
1277 464 1452 537 Argumenta
1475 467 1583 537 potiora
1606 467 1674 523 haec
1692 474 1758 523 sunt
1778 476 1801 525 l.

112 545 181 601 Jurc
201 548 296 601 diuino
316 550 431 603 eteisiii
447 549 518 605 tales
533 550 741 621 conjunctiones
761 558 827 606 suat
842 551 944 617 licitas,
970 565 1004 605 es
1020 551 1121 619 reputa
1139 554 1269 621 superine
1289 554 1453 626 proposita:
1482 554 1517 609 Si
1539 555 1670 609 remotior
1695 558 1802 624 produt

114 639 144 687 ut
167 638 247 704 patet
271 650 304 688 ex
327 634 528 707 superioribus,
554 638 619 707 jure
643 644 735 693 autem
758 638 891 694 canonico
916 644 945 695 et
966 638 1143 708 prohibetur,
1177 640 1263 694 multo
1295 640 1385 709 napis
1415 640 1603 710 propinquior
1633 642 1802 711 intetbipitur

114 719 254 773 Scsaonieo
276 727 341 775 sunt
363 717 533 792 prohibitae,
559 739 593 778 ex
619 740 673 796 quo
701 740 870 797 consequens
895 730 944 791 est,
967 723 1133 792 prohibitus.
1166 723 1195 780 si
1212 724 1300 779 filiam
1317 725 1457 781 nonlicet
1474 725 1585 797 ducere,
1606 727 1692 782 multo
1710 728 1801 783 minna

118 813 137 860 1.
155 806 348 878 magistratum
366 807 395 861 in
413 807 466 863 hoc
485 809 573 879 gradu
592 827 674 881 posse
694 811 862 882 dispensare,
880 829 943 867 cum
956 830 958 913 q
970 816 1093 865 matrem.
1130 810 1176 864 Ad
1194 810 1295 866 viduus
1314 829 1367 867 nou
1381 817 1472 882 potest
1491 812 1690 868 duaerefilinm
1706 813 1801 868 fratris

113 892 262 961 prohibitio
287 893 405 964 positiva
431 896 566 951 duntaxat
590 897 652 969 lege
680 898 799 968 nitatur,
834 897 1012 953 iuterim-vel
1031 895 1130 952 sororis
1151 896 1300 953 defunctae
1317 915 1384 953 suae
1404 897 1511 969 uxone,
1531 905 1563 953 ut
1581 899 1729 971 probatum
1748 900 1802 956 fuit

112 986 287 1034 tamencum
304 980 349 1036 hic
368 982 473 1052 gradus
491 983 527 1038 sit
540 986 662 1039 seeundo
681 985 944 1055 lineaeinaequobis
969 988 1075 1054 quaest.
1094 988 1117 1039 2.
1165 984 1240 1056 Ergo
1267 985 1354 1039 multo
1379 984 1469 1039 minus
1488 984 1588 1040 ducere
1608 986 1709 1056 poterit
1727 984 1801 1041 filiae

113 1067 221 1133 prasini
242 1065 374 1121 divinittm
395 1068 534 1140 prohibito
558 1070 714 1141 proximus,
736 1071 798 1127 ideo
816 1088 900 1143 paros
916 1078 945 1127 et
970 1068 1044 1123 illius
1074 1074 1206 1134 matrem,
1236 1069 1289 1126 hoc
1319 1076 1362 1125 est
1390 1069 1503 1125 viduam
1529 1071 1620 1126 fratris
1652 1071 1801 1129 defunctae

113 1168 168 1205 uon
186 1151 239 1205 uisi
259 1152 427 1224 gravissimis
445 1155 537 1209 causis
554 1156 717 1228 urgentibus
734 1156 762 1210 in
784 1172 817 1211 eo
834 1150 1071 1229 disper-luxeris.
1119 1159 1144 1213 2.
1175 1159 1222 1212 Ea
1251 1157 1403 1212 liberorum
1429 1159 1641 1228 propinquitate
1658 1159 1800 1230 prorima.

113 1243 196 1293 setus.
240 1243 264 1293 t.
282 1238 345 1297 Non
369 1255 451 1310 posse
470 1258 521 1295 uec
542 1242 642 1297 debore
661 1242 806 1313 illegitima
824 1236 1092 1314 pronun-*Quarum
1127 1258 1307 1314 personarum
1346 1242 1425 1298 liberi
1455 1261 1511 1298 non
1536 1250 1653 1316 possunt
1683 1245 1801 1300 invicem

113 1323 176 1377 tiari
197 1324 371 1381 matrimonia
394 1344 491 1398 regum
515 1344 548 1382 ac
566 1327 721 1399 principum
739 1330 768 1383 in
784 1329 836 1385 hoc
854 1290 1115 1402 graduiconjuugi,
1152 1329 1217 1384 illae
1236 1330 1314 1400 ipsae
1347 1331 1429 1385 ctiam
1461 1331 1633 1387 matrimonio
1670 1331 1801 1403 conjungi

114 1417 264 1477 conuecta,
285 1425 347 1466 cunr
363 1411 418 1483 ipsi
439 1413 494 1467 siut
512 1413 623 1485 legibus
646 1414 700 1469 illis
718 1416 843 1485 positivis
864 1434 944 1488 supe·
956 1400 959 1465 Ϊ
970 1422 1124 1486 nequeuut3
1141 1416 1213 1471 ratio
1234 1422 1286 1486 est,
1307 1416 1373 1487 quia
1391 1416 1539 1471 liberorum
1555 1417 1747 1488 propinquitas
1767 1434 1801 1471 ex

114 1497 207 1552 riores.
239 1497 283 1552 Sic
301 1498 506 1554 Maximilianus
525 1496 616 1572 p'atrui
635 1502 678 1557 sui
697 1501 788 1557 Caroli
802 1503 837 1560 V.
849 1474 1115 1573 filiam,!psrontum
1143 1501 1350 1575 propinquitate
1378 1503 1528 1559 descendit.
1571 1503 1611 1558 At
1630 1503 1709 1558 liberi
1726 1503 1801 1557 illius

114 1584 165 1637 hoc
187 1592 228 1638 est
245 1586 397 1654 patruelem
415 1601 501 1654 suam,
521 1586 550 1640 in
568 1604 681 1642 uxorem
693 1588 778 1644 duxit.
809 1589 945 1660 Exempla
969 1587 1053 1652 vidui,
1071 1588 1118 1660 qni
1137 1589 1250 1644 viduam
1267 1592 1493 1660 γοναικαδέλφου
1513 1588 1608 1659 ambit,
1623 1607 1676 1644 uon
1686 1596 1803 1660 possunt

115 1670 234 1724 esacris
253 1671 338 1726 literis
356 1671 478 1727 adducta
496 1679 562 1728 sunt
587 1676 722 1745 superins.
751 1673 1073 1747 Hemmiugius=ducerc
1101 1673 1174 1729 illius
1205 1675 1306 1729 viduae
1335 1674 1450 1745 liberos,
1479 1674 1582 1746 quippe
1610 1692 1673 1730 oum
1699 1676 1803 1730 sintin

114 1756 150 1811 de
168 1757 277 1828 conjug.
295 1775 321 1829 p.
344 1764 353 1813 l
359 1764 406 1813 0¹1:
424 1760 539 1825 Jurlico,
558 1770 631 1815 reete
648 1762 772 1816 ‹b'seerni
789 1764 859 1816 inter
878 1764 944 1817 ittu-
956 1724 960 1841 i
971 1757 1094 1814 s'eeundo
1113 1760 1201 1832 gradu
1220 1761 1467 1833 consanguinitatis
1490 1760 1606 1815 iniicem
1622 1762 1728 1832 juncti,
1755 1762 1802 1834 qui

114 1851 185 1895 strae
199 1860 345 1914 personae,
360 1847 530 1917 praesertim
543 1864 600 1917 ests,
617 1863 703 1917 penes
714 1866 784 1917 quos
796 1857 837 1903 est
850 1866 943 1903 rerum
956 1848 959 1867 ¹
971 1847 1075 1917 gradm
1096 1846 1162 1903 licet
1186 1849 1215 1902 in
1238 1846 1331 1903 dinuo
1358 1852 1385 1904 et
1404 1847 1477 1902 cirili
1492 1848 1556 1918 jure
1572 1846 1728 1920 prohibitus
1746 1864 1803 1903 non

114 1947 232 1998 summa,
248 1938 273 1983 et
292 1931 374 1985 olias.
405 1933 457 1985 Est
474 1934 546 1986 enim
560 1934 647 2002 piane
664 1934 811 2003 indipnum
826 1952 944 1989 commis·
971 1934 1016 2003 sit,
1029 1942 1122 1989 tamen
1140 1935 1168 1989 in
1186 1935 1318 1990 canonico
1338 1941 1366 1989 et
1385 1933 1548 2005 provinciali
1565 1935 1629 2004 jure
1645 1934 1803 2005 prohibitus

115 2018 195 2069 nibus
219 2016 326 2085 lepibus
349 2019 494 2087 principes
518 2020 724 2090 constringere,
752 2029 782 2076 ut
803 2022 891 2077 nullis
915 2022 945 2075 in
971 2026 1019 2074 est.
1052 2020 1127 2092 Ergo
1146 2038 1197 2076 nee
1216 2022 1316 2077 viduus
1331 2022 1443 2078 viduam
1456 2022 1683 2095 yurnunndtipou
1702 2023 1803 2079 ducere

115 2103 198 2157 rebus
214 2103 254 2156 eis
278 2104 445 2173 quidquam,
473 2107 550 2173 qrsod
579 2114 671 2160 tanuen
698 2108 764 2173 fieri
775 2109 868 2180 possit
885 2109 945 2162 sina
971 2107 1080 2176 poterit.
1119 2109 1166 2161 An
1186 2126 1240 2162 non
1257 2110 1382 2163 insolens
1399 2108 1494 2162 rideri
1511 2117 1603 2179 quem,
1614 2109 1710 2165 scribit
1726 2108 1803 2165 Men-

115 2190 266 2261 offensione
296 2191 355 2243 Dei
372 2199 397 2243 et
422 2192 530 2260 injurio
561 2193 744 2263 asbelitarum,
769 2198 945 2265 concertatur,
970 2198 1072 2261 taetus,
1089 2208 1137 2247 sas
1152 2211 1302 2267 personas,
1320 2213 1438 2267 qunrum
1452 2194 1538 2248 biberi
1552 2195 1717 2250 contrahere
1730 2196 1804 2249 iuter

115 2277 174 2330 nisi
202 2279 279 2346 quod
313 2277 418 2345 infimis
457 2279 622 2332 cerdonibus
648 2286 675 2333 et
697 2281 801 2350 bajulis
825 2299 857 2335 ea
886 2283 945 2351 lepe
971 2296 1001 2332 se
1017 2281 1225 2334 matrimonium
1245 2300 1300 2336 non
1313 2289 1447 2352 possunt,
1465 2283 1579 2353 nuptiae
1596 2282 1670 2335 inter
1687 2298 1717 2335 ec
1734 2282 1804 2337 uelle

118 2365 257 2418 romutuni
276 2365 450 2434 conceditur,
486 2383 548 2419 eum
576 2375 667 2421 tamen
697 2368 793 2423 multis
824 2370 946 2438 priuatis
972 2366 1145 2419 conciliaret
1191 2369 1217 2421 3.
1250 2368 1296 2421 Ea
1325 2368 1548 2437 appellationum
1578 2367 1743 2431 confinium
1779 2374 1804 2421 0¹

111 2460 233 2521 propter
261 2452 421 2520 sinpelario
450 2453 479 2505 in
511 2455 709 2522 rempublicam
739 2462 768 2509 et
801 2456 945 2510 secusiam
972 2453 1147 2520 aequationie
1165 2454 1331 2508 turbatione.
1362 2453 1454 2525 siqui
1473 2453 1612 2526 exprimo
1631 2454 1803 2510 matrimonio

115 2539 216 2591 merita
242 2542 320 2607 justo
359 2541 547 2593 concedantur
580 2541 736 2611 prioiiepia
765 2550 815 2597 etc.
866 2543 945 2597 Inter
973 2537 1104 2609 utrinque
1122 2539 1243 2609 suscepti
1267 2545 1333 2594 sunt
1350 2539 1444 2609 liberi,
1462 2547 1527 2595 sunt
1544 2540 1615 2594 inter
1635 2556 1665 2595 se
1683 2539 1803 2605 amitini3

116 2624 242 2678 illustres
260 2626 348 2691 ipitur
363 2642 502 2695 personas
525 2628 638 2697 nuptiae
657 2629 775 2682 concedi
784 2630 864 2699 juste
878 2647 944 2699 pos·
974 2623 1168 2695 subsequentis
1189 2624 1311 2696 conjugii
1329 2625 1447 2697 pignora
1463 2624 1536 2680 fiunt
1558 2626 1614 2681 suis
1633 2625 1753 2680 amitinis
1770 2640 1803 2680 ae
1828 2686 1832 2694 ⁸

117 2711 226 2763 suntin
246 2712 370 2763 ominibus
391 2713 527 2780 qradibrs
553 2713 687 2767 desinitur
713 2732 770 2769 non
784 2716 944 2787 prohibitis,
974 2709 1142 2766 consobrinis
1162 2710 1260 2766 fratres
1272 2710 1372 2781 partim
1386 2708 1560 2785 ὁμοπάτριοι,
1577 2713 1679 2783 partim
1697 2710 1802 2785 ὁμομὴ-
1885 2712 1888 2719 '

113 2798 290 2866 potissimum
319 2815 380 2850 eum
408 2799 474 2851 inde
505 2798 604 2852 bonnm
633 2801 777 2869 pubiicum
812 2810 947 2875 speretur,
974 2816 1051 2871 rpem.
1090 2797 1173 2853 Pater
1196 2815 1247 2868 per
1264 2814 1366 2853 novum
1383 2796 1454 2852 illud
1474 2798 1676 2853 matrimonium
1699 2797 1731 2852 fit
1748 2796 1804 2852 illis

117 2884 192 2937 Nam
220 2885 247 2937 si
271 2885 347 2937 idem
374 2885 439 2948 finis
462 2887 618 2939 monstrari
636 2889 741 2957 peteris
763 2891 946 2945 concessioni,
974 2883 1096 2953 vitricus,
1115 2884 1216 2955 quibus
1231 2886 1289 2955 jam
1306 2890 1370 2940 ante
1390 2891 1449 2939 erat
1468 2884 1529 2939 loco
1546 2885 1685 2956 parentis,
1702 2883 1804 2940 amitae

116 2970 277 3040 nuptiarum
296 2972 325 3023 in
349 2971 505 3025 illrum-ibus
518 2975 664 3043 per-roris,
689 2976 740 3045 qm·
761 2984 802 3031 em
822 2978 946 3047 prohibi.
973 2970 1079 3025 seilicet
1097 2971 1223 3038 maritus,
1251 2976 1279 3024 et
1302 2969 1421 3024 vicissim
1448 2976 1536 3025 mater
1559 2988 1610 3041 prr
1633 2970 1803 3041 subsequens

116 3059 201 3114 tionis
227 3059 257 3112 in
281 3059 363 3126 aliis,
393 3061 497 3129 poterit
520 3069 547 3114 et
570 3064 718 3133 concessio,
745 3071 772 3117 et
793 3065 945 3137 probibitio
973 3056 1042 3111 illud
1061 3056 1525 3122 maffim0ssiumfiiilli⁸¹10vef⁰⁸›
1544 3056 1719 3128 (inibu'iffl
1737 3063 1802 3113 ⁸¹¹st

116 3148 200 3202 simut
218 3154 296 3201 stare
313 3147 374 3200 sine
391 3147 453 3201 uilo
465 3148 537 3216 lepis
553 3151 704 3203 comntunie
721 3152 837 3220 injuria.
871 3152 946 3205 Nom
972 3151 1031 3201 erat
1048 3144 1110 3198 loco
1135 3144 1238 3212 matris,
1256 3142 1385 3197 avunculi
1405 3142 1509 3198 scilicet
1534 3161 1611 3198 uxor.
1648 3148 1671 3197 t.
1691 3146 1738 3198 Er
1751 3162 1802 3214 pe·

117 3245 148 3288 ut
170 3234 310 3290 concessio
337 3251 392 3287 non
412 3252 547 3304 pnqnans
572 3253 632 3288 eum
661 3237 742 3290 uerbo
773 3238 833 3291 Dei
857 3238 946 3306 serpit
972 3231 1077 3285 autari
1107 3231 1190 3300 hujus
1229 3230 1383 3299 affinitatis
1416 3237 1530 3285 natura.
1588 3231 1653 3283 Etsi
1684 3231 1803 3300 proprie

117 3336 201 3391 saepe
218 3320 248 3373 in
262 3319 406 3388 publicum
417 3321 514 3375 bonum
529 3322 558 3375 in
575 3322 733 3376 illustribus
747 3325 886 3394 personis,
905 3324 947 3378 ita
973 3318 1125 3388 loquendo,
1150 3316 1191 3373 ait
1207 3316 1377 3384 ldcutzerus,
1402 3332 1473 3369 uxor
1485 3317 1593 3385 fratris
1610 3332 1687 3371 meae
1706 3318 1804 3371 moris

114 3407 268 3478 prohibitio
299 3407 423 3460 humanu
449 3408 479 3461 in
510 3408 578 3462 aliis
607 3411 647 3461 ad
676 3410 775 3463 bunum
803 3411 946 3480 publicum
973 3405 1043 3458 mihi
1059 3422 1113 3459 non
1129 3404 1166 3457 cit
1179 3404 1279 3472 affinia
1295 3404 1325 3456 in
1335 3403 1547 3472 primopenere,
1564 3404 1803 3475 tamenerirtimo,

117 3496 249 3561 refertur.
974 3509 1035 3546 eam
1056 3491 1225 3558 affinitatem
1235 3492 1367 3545 accerime
1384 3508 1468 3559 quom
1481 3490 1611 3559 prouime
1622 3493 1663 3545 aei
1671 3498 1803 3545 namnam

20 3577 57 3617 ¹¹¹
109 3634 113 3641 ,
153 3584 211 3635 356.
253 3577 399 3642 Quaeritur
426 3586 449 3634 a.
499 3580 545 3632 An
581 3581 682 3634 uiduus
723 3584 824 3637 dure-re
856 3584 948 3652 possit
974 3579 1053 3633 iltius
1077 3585 1199 3648 propter
1225 3577 1359 3631 unitatem
1389 3577 1472 3630 iilam
1495 3577 1598 3631 carnis.
1639 3577 1679 3630 Et
1702 3578 1804 3642 nucia,

10 3630 71 3721 hii:
119 3667 233 3719 uiduam
257 3667 484 3737 penetrabilem·
508 3666 615 3731 fratris
635 3669 785 3731 defisnrtae
806 3671 901 3723 umoris
922 3678 947 3723 et
975 3666 1045 3737 quid
1060 3664 1216 3733 circularis
1237 3663 1462 3734 propinquitatis
1485 3679 1544 3717 esre
1566 3663 1676 3716 uidetur
1698 3664 1728 3716 in
1752 3664 1804 3717 hac

10 3733 239 3825 {Quietum
255 3770 291 3805 au
318 3752 406 3805 uidua
429 3753 532 3806 uerbere
543 3753 636 3824 possit
653 3755 737 3808 viduo
756 3753 948 3829 &numanum
975 3752 1131 3822 affinitate,
1160 3751 1237 3819 meod
1265 3750 1295 3803 in
1323 3751 1390 3803 aliis
1416 3751 1534 3803 scwndi
1551 3757 1577 3803 at
1602 3749 1678 3803 tertii
1695 3750 1805 3815 penoris

10 3836 80 3875 '⁰⁸¹¹'
118 3841 225 3895 sororis
243 3839 372 3904 defuncti
390 3839 437 3892 eui
452 3840 551 3892 mariti
557 3842 571 3892 i
976 3837 1107 3906 exemplis
1127 3844 1237 3906 eaeepto
1263 3851 1310 3905 eo,
1335 3835 1369 3889 dc
1388 3851 1443 3905 quo
1468 3835 1497 3887 iu
1514 3853 1539 3906 q.
1556 3835 1681 3905 proxima
1700 3841 1726 3892 4.
1748 3853 1804 3889 non

10 3889 62 3928 arla

10 3941 105 3980 naeus

353 3959 468 4014 Schema
490 3968 548 4013 „w
569 3961 708 4014 swod,
973 3924 1064 3991 sorite
1088 3923 1235 3993 reperitur.
1273 3922 1399 3994 Apparet
1416 3921 1468 3976 hoc
1495 3938 1527 3976 ex
1557 3922 1693 3993 pressiore
1721 3922 1804 3994 hujus

10 3991 72 4032 “¹''
312 4063 318 4076 ,
578 3978 595 4028 J
709 4001 715 4016 ’
769 4065 775 4077 ,
975 4009 1118 4065 affinitatis
1135 4009 1360 4066 consideratione.
1395 4008 1522 4079 Exempli
1540 4007 1630 4080 gratia
1649 4015 1680 4063 ut
1694 4010 1722 4064 iu
1742 4026 1804 4080 pro·

256 4078 407 4181 &Q
444 4062 644 4182 mm·
666 4079 846 4184 EQ
975 4098 1064 4168 posito
1088 4095 1227 4151 schemate
1244 4096 1437 4167 persistamus:
1461 4093 1607 4151 Petrucius
1633 4112 1695 4149 cum
1722 4094 1806 4149 Clara

170 4202 324 4265 Petruciur,
377 4199 467 4254 C'tora
591 4202 681 4256 Titius
734 4200 902 4272 Sempronia
976 4200 1025 4254 per
1048 4182 1209 4254 conjugium
1231 4182 1320 4238 lactus
1345 4188 1464 4279 estana
1489 4198 1566 4252 caro,
1592 4181 1683 4236 Titius
1706 4181 1806 4236 Clarae

459 4272 815 4298 ··············'
976 4268 1060 4324 irater
1081 4286 1143 4323 cum
1167 4268 1329 4339 Sempronia
1351 4267 1447 4322 itidem
1466 4283 1516 4338 per
1533 4267 1694 4338 conjugium
1716 4267 1806 4321 factus

117 4359 281 4427 Quaeritur,
316 4374 351 4411 an
374 4356 520 4411 Pstrucius
550 4356 682 4413 defuncta
706 4373 791 4412 uxore
809 4356 890 4413 Clara
921 4362 949 4412 et
977 4362 1019 4409 est
1043 4373 1100 4410 uua
1123 4372 1194 4410 caro.
1231 4354 1324 4420 Quare
1350 4371 1411 4408 cum
1432 4353 1514 4410 Clara
1530 4352 1605 4407 Titio
1622 4353 1727 4408 sororia
1743 4368 1806 4422 pro·

117 4443 209 4500 uxone
233 4443 317 4498 fratre
342 4443 416 4497 Titio
449 4442 573 4497 relictum
601 4443 669 4497 Titii
693 4443 806 4497 viduam
824 4446 949 4515 Sempro·
975 4441 1130 4514 pinquitatc
1158 4443 1194 4496 sit
1211 4442 1371 4511 conjuncta,
1396 4440 1463 4495 Titii
1486 4457 1555 4495 uxor
1573 4456 1623 4510 per
1642 4438 1805 4494 affinitatem

118 4532 192 4585 niam
212 4531 314 4585 ducere
332 4530 427 4601 possit.
466 4527 616 4584 Affirmant
633 4529 761 4602 plurimi,
777 4546 838 4584 cum
862 4546 895 4585 ca
913 4532 949 4585 sit
976 4530 1055 4602 quasi
1072 4529 1146 4584 illius
1165 4545 1241 4584 soror
1258 4533 1300 4583 est
1315 4526 1399 4582 iacta.
1428 4526 1507 4592 Quae
1524 4525 1602 4581 fratri
1620 4525 1711 4580 uxoris
1729 4541 1806 4580 meae

117 4617 239 4674 affinitas
252 4618 364 4675 secundi
380 4618 514 4671 duntaxat
529 4617 645 4687 generis,
663 4635 734 4690 quse
746 4617 947 4672 matrimonium
975 4616 1080 4687 nupsit,
1107 4617 1135 4670 in
1151 4632 1237 4671 unum
1258 4633 1359 4687 corpus
1376 4632 1438 4669 eum
1457 4631 1490 4670 eo
1507 4613 1622 4682 coaluit,
1639 4630 1672 4668 ac
1692 4612 1806 4684 proinde

118 4723 174 4761 non
212 4706 335 4776 impedit.
397 4705 562 4777 Negativam
607 4706 709 4759 rectius
745 4704 948 4775 amplectuntur
975 4721 1030 4759 non
1056 4704 1169 4775 quidem
1192 4703 1447 4774 consanguinitate,
1477 4701 1526 4755 sad
1554 4707 1645 4756 tamen
1670 4698 1806 4755 affinitate

117 4794 277 4848 ltlentzerus
303 4793 338 4847 de
360 4793 471 4864 conjug.
496 4809 525 4861 p.
552 4798 592 4847 80.
617 4791 708 4863 Major
727 4791 796 4860 disp.
816 4791 851 4845 de
871 4797 946 4862 nupt
975 4791 1048 4845 iactu
1067 4796 1109 4844 est
1128 4789 1208 4844 uxori
1228 4806 1305 4845 meae
1324 4806 1415 4856 soror,
1432 4794 1464 4842 ut
1482 4787 1605 4858 loquitur
1623 4786 1698 4843 Besa
1717 4805 1744 4858 p.
1764 4791 1805 4842 to.

117 4897 180 4950 cap.
203 4886 242 4935 13.
260 4896 287 4950 q.
308 4886 331 4935 3.
352 4895 384 4934 cx
400 4878 603 4949 jurisconsultis
615 4877 710 4934 Alber.
722 4877 840 4933 Goutilis
858 4877 906 4935 lib.
923 4884 947 4932 5.
974 4883 1004 4931 at
1020 4893 1038 4930 a
1050 4892 1141 4931 sorore
1158 4875 1250 4931 uxoris
1267 4891 1345 4930 meae
1362 4874 1428 4928 mihi
1445 4871 1651 4937 abstinendum,
1669 4872 1727 4926 siva
1743 4888 1807 4927 oon·

117 4972 237 5036 cap.19.
265 4982 291 5035 p.
310 4971 368 5021 579.
410 4966 475 5020 Non
494 4972 573 5033 nant,
594 4964 699 5035 iuquit,
719 4965 815 5018 licitae
833 4964 947 5034 nuptiae
975 4962 1174 5034 sanguinitate,
1200 4962 1257 5016 aive
1281 4959 1416 5015 affinitate
1442 4960 1478 5013 sit
1503 4975 1586 5015 soror.
1626 4958 1701 5029 Ergo
1722 4958 1806 5012 etiam
1819 4970 1866 5012 xv.
1879 4967 1925 5010 tlt

117 5071 178 5107 eum
208 5070 255 5122 ea,
286 5068 356 5121 quae
373 5068 468 5107 socrus
491 5050 555 5119 suit
573 5050 670 5103 neoris
698 5066 784 5115 meae,
802 5068 857 5104 non
887 5038 1103 5117 uemlPetrucio
1131 5049 1166 5104 ab
1201 5066 1245 5119 ea,
1284 5064 1354 5119 quae
1388 5045 1523 5101 affinitate
1554 5044 1701 5100 defunctae
1728 5044 1806 5100 uxori

117 5156 205 5194 uxore
222 5140 296 5208 ejus,
318 5139 368 5207 qui
383 5154 473 5191 meam
493 5154 619 5192 sororem
636 5136 733 5190 habuit
750 5152 873 5202 uxorem,
893 5129 1074 5235 nonlclarae
1101 5154 1178 5191 soror
1195 5136 1272 5191 iacta
1290 5139 1345 5204 est,
1369 5131 1571 5189 abstinendum.
1611 5131 1673 5195 Qun
1697 5132 1807 5204 propin·

118 5244 181 5281 oum
205 5238 256 5292 ea,
286 5242 356 5294 quae
386 5242 468 5279 soror
487 5224 523 5278 sit
540 5224 625 5295 sajus,
656 5225 738 5293 oujsn
755 5240 806 5292 epo
836 5242 949 5279 uxorem
962 5240 964 5247 ·
977 5224 1083 5295 quitata
1096 5219 1392 5277 'litiusuxorisirater
1405 5218 1697 5289 attingitPetrucium
1710 5217 1806 5272 eadem

117 5321 203 5369 anna
222 5312 322 5382 habui,
345 5330 400 5365 non
427 5312 490 5365 lieet
509 5314 610 5366 durem
633 5326 733 5364 risores
750 5312 870 5365 duorum
886 5312 950 5379 fra·
977 5308 1266 5366 PetruciiuxcrOlara
1280 5323 1391 5362 uxorem
1403 5305 1471 5360 Titii
1483 5305 1673 5377 Semproniam
1687 5304 1808 5377 attingit.

116 5409 207 5465 trum,
231 5417 286 5454 non
312 5398 377 5453 licet
396 5398 497 5453 nubere
519 5398 589 5452 viru
612 5400 733 5452 duonum
756 5412 885 5451 sororum
901 5404 951 5456 ete.
979 5397 1064 5469 Atqui
1082 5396 1173 5451 'l'itius
1200 5393 1292 5450 uxoris
1311 5393 1396 5448 irater
1413 5392 1526 5465 attingit
1543 5392 1702 5447 Petrncium
1721 5390 1811 5445 affini-

119 5487 161 5542 Et
173 5492 268 5556 putem
287 5502 350 5555 epo,
376 5494 452 5539 stare
470 5486 619 5539 etiamnum
633 5484 851 5555 prohibitionem
868 5484 950 5539 stiam
978 5490 1036 5539 tate
1055 5482 1115 5553 tali,
1133 5496 1205 5554 qnae
1225 5482 1253 5534 in
1267 5481 1341 5537 linea
1354 5478 1505 5535 collaterali
1516 5483 1559 5535 est
1574 5477 1706 5549 proxima
1736 5474 1812 5549 Ergo

177 5580 278 5623 buhun
291 5579 340 5623 nn
365 5579 411 5623 vu
1451 5588 1483 5640 lt
