4020 6022
809 192 862 249 DE
878 190 1079 253 consucta.

95 358 155 397 uon
174 350 215 398 cst
232 352 401 414 certamen
419 362 452 400 eo
470 346 573 417 animo,
590 355 622 402 ut
642 348 704 417 ejus
723 366 811 405 uxore
824 350 947 421 potire-t

96 436 153 500 tear,
171 448 239 486 uam
258 440 341 486 antea
360 448 446 503 saepe
465 441 582 487 conatus
598 441 661 488 erat
679 435 813 491 iuducere
828 424 947 515 Uriam}
1098 436 1122 496 P
1140 437 1168 497 Δ
1186 434 1251 495 RS
1286 434 1312 496 P
1329 438 1353 499 0
1375 437 1479 499 ΗΕ
1497 438 1526 498 R
1543 440 1560 501 1
1578 442 1602 503 0
1622 440 1659 500 R.

96 524 129 571 at
145 520 189 571 ad
206 536 320 574 acorem
336 522 454 591 rediret,
471 528 503 575 at
520 538 553 575 eo
572 524 655 576 modo
673 522 845 578 adiutorium
860 522 948 593 iope-i

96 613 185 661 ..m
944 590 1792 707 :unnrsrnnrrarnunrnruonruu

49 700 69 739 n
134 696 194 749 ast.
230 692 273 747 Do
290 692 351 748 aliis
371 698 481 764 praeter
499 693 708 750 fornicationem
722 703 749 749 et
766 695 947 775 auritteriumg
1203 694 1544 767 IMPEDIENTE,

49 752 72 790 '¹'
100 776 263 833 criminibus
282 780 443 835 canonistas
462 781 502 835 sic
522 787 656 849 statuunt,
676 781 818 835 homicidii
829 781 932 835 crimen
1803 850 1814 893 1
1837 852 1856 891 D

1817 880 1823 891 .
1858 862 1871 893 0

99 863 160 920 siue
177 864 314 920 adulterio
333 866 360 919 in
381 883 434 921 uno
453 868 587 922 duntaxat
611 885 675 923 casu
696 869 822 923 dirimere
839 814 947 949 matri-i
993 866 1051 917 387.
1086 862 1203 933 Egimns
1237 864 1370 921 hactenus
1414 867 1450 922 de
1480 870 1693 939 propinquitate
1731 877 1790 925 tum
1803 904 1902 954 dnm.

96 950 236 1019 monium,
267 951 379 1022 qnando
401 952 532 1007 videlicet
553 954 584 1007 ia
611 962 701 1007 morta
729 954 847 1007 alanus
869 970 929 1005 rou·
944 948 1090 1017 itnnssta,
1110 955 1167 1004 ium
1188 950 1346 1016 inionem,
1362 968 1399 1006 8¹1
1418 958 1446 1007 ti
1466 960 1602 1024 quatenus
1616 955 1912 1047 matimonioffiff·

88 1036 193 1105 jupam
227 1041 414 1106 procurando
449 1040 627 1108 eunomiam,
673 1049 729 1093 tom
764 1041 808 1093 m'r
847 1008 1097 1108 qsmrnicertarnm
1115 1052 1294 1105 personarum
1313 1038 1540 1108 impedimentum
1557 1039 1686 1113 objiciat,
1703 1049 1919 1101 maternum.

69 1123 220 1189 ¹femina,
250 1125 437 1192 gortimerus
457 1127 617 1195 conjugium
644 1126 718 1179 inire
741 1127 863 1195 raptast.
901 1123 930 1179 P.
943 1094 946 1183 i
959 1126 989 1173 ut
1025 1120 1060 1175 de
1095 1121 1265 1189 disparitate
1300 1122 1423 1195 legitimo
1459 1127 1630 1184 matrimonio
1672 1111 1918 1183 adtema⁹⁰⁶¹⁸m

97 1209 288 1265 Laudabilem.
309 1218 377 1267 extr.
394 1211 430 1267 de
450 1228 574 1270 convers.
591 1212 708 1269 inlidat:
732 1212 841 1275 Quodn·
859 1196 1081 1341 ‹riteriogamua
1129 1206 1285 1277 Disperitas
1314 1209 1363 1263 illa
1392 1211 1499 1266 ratione
1525 1214 1641 1284 triplicis
1670 1215 1788 1285 generis,

96 1303 205 1349 tontum
235 1297 416 1350 trunniairtium
443 1308 614 1369 procuraret
643 1301 734 1353 altaro
766 1300 871 1363 inscio,
905 1307 932 1351 et
958 1291 1091 1346 bonorum
1112 1293 1207 1362 mimi,
1225 1294 1348 1365 (3οψοὼ
1367 1304 1396 1351 ei
1413 1297 1556 1364 f⁰ri1¹¹¹802
1581 1307 1672 1371 Ρθῒθῠῐ
1689 1300 1787 1370 ῐῐῑΡῙθῐ

96 1382 268 1435 adulterium
288 1401 343 1435 uon
358 1386 531 1454 praecessit,
556 1386 763 1439 matrimonium
782 1404 837 1439 nors
860 1386 931 1438 ‹liri-
957 1379 1055 1431 statui:
1078 1380 1266 1448 trutmannia
1286 1389 1311 1433 ct
1330 1383 1434 1445 multus,
1464 1388 1491 1437 2.
1510 1387 1624 1456 mmsis,
1649 1391 1677 1443 3.
1698 1395 1788 1441 matus

95 1469 187 1523 rainu.
213 1468 397 1523 Bellarminus
417 1470 452 1523 de
470 1472 585 1527 matrim.
604 1490 627 1526 c.
640 1476 680 1527 tt.
693 1472 720 1545 ξ.
755 1472 866 1525 Crimen
879 1480 930 1525 ctc.
956 1473 982 1516 ti
1002 1466 1179 1521 conditionis.
1207 1474 1226 1521 1.
1239 1466 1284 1521 Do
1300 1468 1441 1539 religionis
1461 1487 1493 1525 ac
1511 1472 1603 1527 cultus
1625 1473 1787 1544 disparitate
1800 1464 1916 1569 {iffa

98 1552 202 1610 Glossa
219 1554 248 1609 in
265 1572 289 1611 c.
326 1556 378 1619 Qui
405 1558 597 1627 presbyter-nm
621 1566 689 1615 extr.
718 1560 752 1612 de
781 1558 930 1628 poenitent,
956 1550 1097 1606 Pontificii
1125 1558 1267 1623 statuunt,
1304 1556 1379 1626 quod
1411 1556 1447 1611 sit
1477 1558 1704 1628 impedimentum
1733 1577 1788 1616 non
1801 1570 1881 1613 curtus.

96 1647 125 1696 et
149 1642 253 1697 remiss.
278 1651 406 1697 numeru
434 1662 482 1695 nr
510 1645 648 1713 nuntia,
678 1661 750 1716 quac
775 1645 932 1716 impediunt
956 1638 1043 1692 solnm
1069 1639 1285 1695 neumnensium
1317 1641 1520 1697 matrimonium
1544 1645 1710 1716 impediens,
1739 1646 1788 1701 sed

96 1728 301 1783 matrimonium
335 1729 552 1785 contrahendum
585 1731 619 1785 ue
651 1732 742 1802 rigum
766 1733 850 1802 jurii,
881 1732 929 1787 md
956 1725 1038 1779 ctiam
1060 1732 1232 1781 contractum
1253 1726 1413 1783 dissolvens.
1450 1729 1507 1784 Nos
1519 1732 1596 1799 prius
1612 1732 1789 1788 concedimur

97 1821 270 1870 conuectum
301 1832 356 1870 non
385 1815 526 1871 dirimunt.
581 1818 704 1872 Primum
733 1826 776 1872 est
803 1818 930 1881 incestus,
957 1810 1073 1881 adjectis
1110 1818 1203 1868 umen
1239 1814 1321 1867 costis
1363 1814 1528 1885 quibusdam
1569 1815 1789 1888 limitationibus,

95 1901 247 1955 secundum
290 1904 494 1967 mortatalium,
530 1903 640 1958 tertium
673 1912 773 1972 raptas
811 1922 931 1974 moneas
956 1898 1094 1966 posterius
1127 1915 1269 1970 negamus.
1325 1900 1365 1955 tu
1393 1918 1437 1957 res
1466 1907 1526 1956 tota
1562 1903 1599 1957 sit
1626 1904 1789 1974 evidentior,

97 1988 230 2054 numm,
264 1996 391 2059 quartum
432 1990 533 2042 nuntio
560 1992 678 2059 propi-n·
707 1991 765 2056 filii
790 1991 931 2046 multumt,
957 1983 1175 2038 examinabimus
1211 1991 1331 2055 quatuor
1368 1986 1429 2041 illas
1467 1990 1682 2059 propositiones,
1718 2008 1788 2062 quas

95 2074 178 2135 suma
208 2075 245 2127 du
271 2092 355 2128 ramo
380 2078 476 2141 sonte,
509 2075 635 2146 quintum
663 2077 930 2145 pronepus-iniamus,
955 2069 1203 2125 Bellarminuslib.
1224 2071 1533 2129 donantnouant.
1555 2074 1787 2148 dehocimpedi·

99 2166 206 2215 sextum
231 2161 356 2229 acceptio
380 2159 513 2214 nronr'als‘a
538 2160 568 2213 ln
593 2180 715 2218 risorem.
754 2162 811 2219 'De
829 2164 930 2234 quibus
957 2163 1049 2210 mento
1072 2156 1182 2213 format.
1230 2155 1385 2229 Propositio
1408 2160 1499 2230 prima
1527 2160 1567 2215 sic
1593 2160 1690 2217 babet:
1722 2164 1788 2216 Non

96 2246 162 2317 quid
182 2246 359 2301 statuendum
380 2246 423 2310 sit,
441 2252 538 2316 patere
556 2254 648 2317 potest
680 2250 928 2320 exsuperioribus.
956 2243 1022 2295 litt!
1040 2245 1173 2309 fidtiiiut
1193 2263 1252 2298 tvm
1274 2246 1442 2315 itlstdtiiimt'r
1460 2256 1509 2300 ⁰²¹²
1528 2248 1611 2301 cuam
1637 2249 1788 2303 limittit

96 2331 195 2387 Varias
231 2331 409 2386 limitationes
456 2332 539 2402 hujus
583 2334 771 2404 impedimenti
805 2343 931 2392 recenset
956 2330 1137 2383 matmmom'a
1162 2332 1333 2386 contraiera-
1373 2331 1453 2387 Circa
1476 2331 1547 2387 bono
1571 2335 1787 2404 propositionem

96 2433 203 2471 summu
230 2418 368 2489 Angelius.
396 2418 423 2471 iu
452 2434 519 2473 voce
535 2418 741 2474 Matrimonium
777 2422 878 2493 impeti,
904 2431 928 2479 u,
955 2416 1093 2470 notandae
1112 2424 1177 2471 sunt
1198 2424 1343 2488 sequentes
1356 2418 1553 2475 distinctiones.
1586 2419 1786 2492 LConjuginm

95 2503 186 2574 Leges
219 2504 313 2557 civiles
342 2503 436 2557 itidem
461 2504 608 2574 prohibent
631 2506 834 2562 matrimonium
858 2509 930 2564 inter
954 2502 1091 2571 ejusmodi
1119 2503 1224 2574 duplici
1255 2508 1382 2574 respectu
1401 2503 1532 2557 illicitam
1551 2504 1607 2558 dici
1623 2511 1722 2575 potest,
1742 2508 1786 2561 vel

95 2598 234 2660 raptorem
249 2598 276 2644 et
289 2598 405 2661 raptam.
418 2590 435 2642 l.
450 2590 520 2644 unic.
534 2589 564 2645 C.
584 2592 618 2645 de
636 2598 716 2662 raptu
730 2595 830 2666 virgin.
850 2594 878 2667 ti.
898 2603 928 2652 1:
955 2588 1029 2658 quod
1054 2589 1207 2643 conuectui
1223 2588 1364 2659 conjugali
1384 2605 1436 2643 sua
1454 2606 1509 2643 non
1528 2597 1635 2646 constet
1662 2591 1785 2655 firmitas,

95 2677 161 2730 Non
180 2677 216 2729 nt
234 2678 360 2738 fatuans
377 2684 477 2745 raptae
499 2678 604 2746 vimen·
622 2680 666 2732 vot
692 2682 795 2734 retortae
812 2682 855 2735 rot
871 2683 928 2735 rus·-
954 2674 996 2728 vel
1018 2674 1090 2745 quod
1110 2674 1330 2730 corttrahentium
1349 2674 1446 2745 pietati
1467 2680 1495 2729 et
1513 2676 1626 2731 utilitati
1647 2677 1716 2733 illud
1736 2680 1785 2735 sd-

94 2761 163 2815 libot
182 2763 296 2816 milliari
311 2771 456 2831 raptorem
466 2780 547 2817 mum
559 2763 615 2817 sibi
630 2766 760 2820 maritum
773 2783 929 2837 capescere,
955 2765 1086 2815 vertetur·
1129 2760 1277 2816 posteriori
1302 2761 1383 2814 m0d0
1407 2761 1436 2815 id
1455 2760 1582 2816 illicitum
1611 2778 1671 2819 osso
1688 2780 1785 2821 oonoe·

94 2850 147 2901 sect
165 2848 213 2902 oui
235 2858 370 2919 parentes
399 2850 546 2919 voluerint,
577 2860 689 2923 excepto
716 2861 842 2923 raptore,
867 2872 928 2908 sam
954 2847 1058 2914 dimus,
1089 2847 1174 2917 priori
1205 2863 1347 2917 negamus.
1400 2854 1422 2902 t.
1453 2846 1687 2920 Distinguendum
1713 2852 1785 2905 inter

94 2935 219 3003 legitimo
240 2936 369 3005 copulant
387 2938 574 3003 matrimonio,
594 2939 725 3007 quonium
747 2941 825 2996 nullu
844 2945 928 2997 ‚nudo
954 2934 1082 2999 infideles
1100 2932 1211 3003 proprie
1230 2934 1269 2987 sic
1289 2933 1378 2987 dictos
1399 2940 1427 2988 et
1443 2935 1607 2993 haereticos.
1655 2936 1784 2993 infideles

94 3021 229 3091 millenam
246 3030 369 3092 tempore
389 3025 476 3077 datur
490 3042 509 3075 a
527 3033 624 3079 nostra
641 3026 797 3081 Serenitate
812 3027 927 3082 licentio
955 3019 1064 3090 proprie
1088 3019 1218 3074 dicuntur
1242 3036 1349 3085 ⁰ffl1108,
1380 3019 1427 3091 qui
1452 3027 1517 3075 timi
1540 3028 1619 3076 extra
1640 3022 1784 3078 ecelesiam

94 3108 157 3161 illis
175 3110 339 3178 consentire,
361 3111 410 3179 qui
426 3110 525 3165 hostili
541 3129 618 3166 more
630 3112 660 3166 in
672 3122 769 3166 nostra
783 3114 928 3182 republica
953 3104 1116 3159 tacit-monii
1140 3103 1280 3174 bapiitiiei
1299 3114 1441 3175 exportet,
1471 3113 1502 3160 ut
1519 3108 1639 3179 imni,
1668 3108 1784 3177 Torone,

97 3196 279 3249 matrimonia
296 3196 351 3248 citri
369 3199 480 3250 stridant
499 3199 676 3267 conjungere.
710 3198 764 3254 Sed
783 3198 927 3269 pontifices
952 3192 1068 3259 ludaei,
1096 3192 1143 3261 qui
1167 3191 1193 3243 in
1212 3197 1270 3245 tota
1292 3190 1426 3261 religione
1446 3192 1613 3249 dissentiunt
1638 3212 1656 3249 a
1671 3194 1784 3251 Christi·

95 3280 245 3336 voluerunt
271 3282 343 3336 hunc
370 3284 487 3354 rigorem
513 3284 657 3354 mitigare,
681 3283 745 3339 inde
763 3291 928 3355 statuerunt,
954 3280 1031 3347 anis3
1060 3278 1193 3333 baeretici
1212 3284 1289 3344 sunt,
1323 3278 1369 3349 qui
1389 3296 1440 3350 per
1460 3280 1626 3352 baptismum
1652 3284 1784 3338 ecclesiae

95 3368 302 3422 matrimonium
330 3370 405 3422 iuter
431 3378 574 3439 raptmum
603 3377 629 3424 ot
654 3380 782 3440 raptam,
812 3373 839 3424 ai
850 3380 928 3441 poet·
954 3367 1031 3437 prius
1048 3366 1157 3433 inserti,
1186 3365 1234 3419 sed
1260 3364 1288 3418 in
1313 3364 1439 3421 haeresin
1462 3367 1637 3437 postmodum
1663 3369 1784 3441 prolapsi

94 3456 207 3509 modam
230 3456 397 3524 consentiat,
427 3458 557 3509 contrairi
583 3473 678 3525 posse,
704 3457 769 3510 licet
792 3467 928 3527 parantes
954 3453 981 3507 in
1018 3452 1113 3523 aliqua
1142 3450 1277 3505 duntaxat
1303 3451 1444 3522 religionis
1472 3459 1552 3522 parte
1578 3470 1596 3508 a
1623 3453 1785 3511 Christianis

94 3542 286 3596 reclamarunt
304 3560 327 3599 c,
365 3541 434 3595 Cum
466 3559 549 3597 carisa
582 3548 635 3597 etc.
686 3542 831 3599 Accedenu
858 3552 927 3601 extr,
954 3537 1097 3594 dissident.
1133 3542 1158 3592 3.
1179 3536 1320 3591 Haeretici
1339 3538 1377 3603 (in
1395 3538 1566 3609 generaliore
1583 3540 1785 3611 significatione

95 3629 130 3684 de
147 3629 306 3699 raptoribus
325 3633 353 3683 et
371 3628 555 3698 incendiariis,
574 3646 657 3699 quam
677 3630 847 3686 sanctionem
866 3650 927 3686 cuns
954 3625 993 3679 sic
1017 3624 1096 3691 dieti)
1122 3622 1150 3677 in
1170 3623 1274 3693 duplici
1299 3629 1365 3678 tuni
1383 3624 1553 3696 differentia,
1579 3627 1692 3698 quidam
1712 3629 1784 3683 cuim

95 3716 177 3769 mun
196 3716 267 3783 Dei,
293 3716 434 3783 unnnnmu
453 3716 583 3770 naturali
603 3724 628 3769 m
641 3718 760 3786 pnilinn
785 3718 928 3771 pungnam
955 3712 1045 3780 r‘pmem
1079 3709 1227 3779 relipiouia
1246 3712 1469 3777 frondameutum
1502 3719 1641 3781 evertunt,
1672 3715 1784 3785 quidam

94 3818 220 3873 pugnare
239 3819 293 3856 non
313 3801 448 3855 immerito
466 3801 528 3871 quis
546 3802 652 3859 dixerit
688 3802 771 3859 Unde
788 3804 927 3857 Lutlrcrus
955 3802 1060 3852 retento
1096 3794 1277 3851 fondamento
1313 3799 1458 3865 quanam
1492 3798 1639 3865 roiioionis
1670 3810 1784 3869 partem

49 3889 75 3935 u.
95 3888 207 3956 statuit,
242 3894 348 3958 raptam
379 3893 460 3943 etiam
487 3895 550 3959 post
578 3889 705 3959 copulam
727 3888 843 3943 liberam
868 3908 928 3946 csse
954 3884 1127 3954 impugnant·
1191 3888 1214 3936 4·
1250 3881 1486 3953 Distinguendum
1518 3883 1589 3938 inter
1632 3884 1784 3940 haereticos

95 3974 342 4045 pronuntiandam,
378 3975 430 4027 nisi
452 3975 610 4044 persuaderi
636 3976 737 4046 possit,
769 3984 801 4030 ut
820 3977 923 4046 raptori
949 3972 1111 4039 pertinaces
1130 3973 1158 4023 ei
1176 3968 1247 4022 inter
1261 3967 1390 4023 eductos
1402 3970 1500 4023 doceri
1506 3978 1644 4041 parctos3
1674 3978 1697 4027 5.
1712 3973 1785 4027 inter

95 4062 234 4115 condonet
261 4061 404 4131 eidemque
429 4061 577 4116 cohabitet.
632 4062 713 4128 Quod
737 4062 826 4131 ipsum
844 4062 927 4117 etism
953 4054 1078 4110 infideles
1096 4055 1154 4109 sive
1172 4053 1326 4109 haereticos
1338 4071 1431 4109 orares
1445 4054 1576 4111 ducentes
1593 4063 1622 4113 et
1632 4057 1785 4114 haereticas

96 4148 130 4203 de
153 4146 316 4218 parentibus
335 4154 432 4217 raptae
450 4148 676 4219 intelligendum,
699 4147 829 4203 videlicct
853 4150 927 4218 quod
953 4143 1076 4208 fomlam
1114 4142 1258 4199 nubentes.
1316 4142 1448 4207 Quamvis
1486 4143 1571 4215 igitur
1608 4145 1785 4217 tutissimum,

95 4234 222 4288 dissensu
245 4250 294 4286 suo
311 4233 516 4287 matrimonium
533 4234 603 4287 illud
622 4233 728 4288 irritum
757 4234 848 4289 facere
865 4253 927 4306 pos·
954 4230 1088 4300 optimum
1106 4245 1138 4283 ac
1156 4229 1390 4284 consultissimum
1411 4230 1552 4298 ducamus,
1569 4239 1601 4286 ut
1611 4233 1784 4290 matrimonio

94 4322 167 4387 sint,
187 4320 209 4373 si
228 4320 271 4373 rel
290 4321 408 4374 maxime
431 4327 556 4391 stuprum
574 4322 767 4378 intercesserit.
800 4322 828 4378 Si
841 4323 927 4394 magi·
954 4317 1118 4388 copulentur
1135 4316 1205 4371 tales
1222 4332 1371 4387 personae,
1394 4333 1464 4387 quae
1489 4317 1518 4371 in
1535 4335 1601 4373 vera
1620 4336 1701 4375 verae
1721 4322 1784 4374 reli-

94 4413 196 4459 stratus
221 4424 300 4459 suum
325 4405 411 4461 fareiae
437 4406 558 4461 officium
583 4414 610 4463 et
628 4425 745 4477 poenam
770 4409 928 4481 raptoribus
954 4404 1043 4476 gionis
1062 4404 1220 4475 cognitione
1240 4410 1269 4458 et
1286 4402 1457 4474 professione
1470 4403 1588 4460 invicem
1601 4407 1785 4473 consentiunt,

94 4492 273 4548 comtitutam
294 4494 461 4548 exsecutioni
481 4493 547 4548 dare
564 4495 679 4565 jubent,
702 4512 757 4549 non
782 4495 834 4550 erit
857 4512 927 4565 opus
954 4498 984 4545 ut
1013 4507 1068 4545 uno
1096 4506 1143 4545 ore
1167 4496 1197 4546 et
1223 4490 1306 4545 corde
1334 4506 1429 4545 verum
1468 4490 1560 4546 Deum
1588 4493 1670 4562 juxta
1705 4510 1783 4564 prae·

95 4579 144 4634 ills
172 4578 344 4650 quaestione.
396 4579 467 4634 Vide
497 4581 570 4633 Pctr.
596 4580 747 4653 Martyrem
770 4582 799 4636 in
828 4577 1085 4658 commiseriptum
1109 4575 1187 4630 verbi
1211 4575 1338 4631 coelestis
1362 4576 1489 4631 invocare
1510 4582 1539 4632 et
1561 4578 1651 4633 colare
1670 4581 1784 4649 possint,

95 4683 118 4720 c.
137 4672 178 4722 st.
228 4665 320 4721 ludic.
347 4665 490 4721 Benstium
516 4674 585 4735 part.
612 4674 632 4721 t.
657 4668 692 4721 de
718 4685 809 4739 spons.
834 4685 857 4722 c.
885 4674 925 4724 39,
939 4664 980 4717 ¹id
1003 4663 1078 4735 qnod
1105 4663 1133 4715 in
1151 4664 1277 4733 sequenti
1295 4659 1323 4737 ξ.
1344 4662 1400 4719 late
1426 4663 1620 4735 probabimus;
1649 4666 1784 4721 tamensi

95 4752 251 4807 biolradum
270 4752 304 4807 de
323 4753 439 4808 matrim.
457 4771 485 4823 p.
510 4759 564 4807 tri.
606 4752 776 4808 Harbartum
803 4753 838 4807 de
862 4765 1070 4833 con-,persona
1099 4747 1219 4802 infidelis
1249 4749 1292 4803 vel
1313 4749 1453 4805 haeretica
1477 4766 1532 4804 non
1557 4750 1594 4804 sit
1612 4750 1693 4806 simul
1711 4753 1783 4809 blas·

90 4838 151 4910 jug.
172 4856 199 4907 p.
219 4826 276 4893 ret.
315 4838 488 4894 lientaerum
510 4838 543 4893 de
563 4841 674 4910 conjug.
694 4856 720 4908 p.
740 4844 796 4895 155.
812 4845 842 4893 et
853 4839 941 4903 hunc,
952 4836 1054 4905 phema
1080 4840 1108 4887 et
1134 4835 1277 4905 pertinax,
1309 4836 1359 4890 scd
1399 4852 1476 4907 spem
1493 4836 1579 4890 faciat
1600 4839 1785 4895 conversionis

94 4924 182 4994 iprum
202 4931 350 4979 mactatum
370 4922 396 4997 ξ,
419 4930 473 4980 tna,
520 4996 524 5003 ἱ
953 4938 1041 4993 paene
1066 4926 1184 4985 certam,
1213 4927 1273 4976 tum
1308 4923 1332 4975 si
1362 4922 1451 4978 altera
1479 4940 1545 4994 pars
1569 4922 1728 4981 Cirristiana
1756 4934 1785 4983 et

954 5007 1106 5064 orthodoxa
1129 5006 1270 5078 religionis
1291 5006 1464 5063 Christianae
1492 5009 1673 5065 fundamenta
1697 5012 1785 5083 probe

953 5095 1279 5167 tencat,necpericulum
1295 5096 1332 5151 sit
1351 5096 1519 5151 seductionis
1537 5113 1571 5153 ac
1589 5100 1784 5169 persuasionis,

953 5183 1074 5255 permitti
1095 5189 1189 5253 posset
1205 5182 1424 5253 matrimonium,
1449 5183 1610 5253 praesertim
1628 5186 1652 5239 si
1671 5186 1784 5241 meritus

954 5272 990 5325 sit
1016 5269 1188 5325 Christianus
1215 5275 1243 5323 et
1263 5268 1448 5336 orthodoxus,
1476 5269 1522 5325 cui
1548 5270 1579 5327 in
1594 5271 1725 5329 feminam
1744 5274 1784 5327 in·

954 5356 1062 5411 fidelem
1087 5356 1131 5410 rel
1156 5354 1323 5410 haereticam
1349 5355 1500 5433 dominium
1518 5374 1570 5428 per
1592 5359 1704 5430 nuptias
1735 5360 1784 5413 ob·
1798 5365 1844 5407 xv.
1856 5362 1902 5407 tn.

939 5442 1045 5513 tingit,
1066 5460 1121 5513 quo
1139 5442 1234 5496 referri
1255 5442 1376 5514 quodam
1394 5444 1477 5500 modo
1495 5450 1596 5516 potest,
1616 5446 1690 5516 quod
1708 5445 1785 5503 Deus

148 5532 251 5575 (lethardi
264 5532 313 5575 loci.
332 5532 378 5575 vu,
1417 5552 1446 5607 ¹5

1827 5618 1857 5641 l.

1834 5646 1875 5674 1¹.
