4020 6022
214 311 274 369 400
808 296 932 355 meus
948 293 1155 383 stabamus
1173 295 1343 363 QUINTUS

212 455 317 511 malum
335 452 483 524 permittit,
512 467 547 506 ne
574 450 681 508 scilicet
706 450 933 507 irreconciliabile
951 449 1045 507 odium
1057 446 1061 533 1
1074 449 1176 520 quibus
1201 450 1294 506 adbuc
1319 450 1392 507 mica
1418 450 1555 523 quaedam
1573 451 1687 522 pietatis
1707 457 1738 507 et
1756 451 1910 524 aequitatis,

212 541 374 598 maritorum
399 538 429 593 in
462 537 576 594 caedem
605 554 722 593 uxorum
751 538 864 593 tandem
897 536 1251 612 desinereticogitatione
1265 537 1393 608 perpetui
1409 536 1484 592 illius
1510 537 1610 592 excidii
1629 542 1658 593 et
1676 538 1814 594 exclusae
1831 540 1910 594 omnis

211 632 238 682 3.
259 627 356 697 Ipsius
378 625 527 679 Moesicae
548 624 620 694 lepis
645 623 904 679 considerationem.
940 622 1046 687 Quodsi
1073 623 1133 692 spei
1150 623 1185 678 de
1203 639 1287 678 uxore
1310 623 1469 680 revocanda
1494 623 1648 680 adivortio
1667 624 1802 680 abstrahi
1820 630 1908 695 potue

213 713 286 769 enirn
306 712 396 782 legem
408 709 570 778 Mosaicsm,
588 725 645 780 qua
660 708 763 765 Judaei
780 709 861 765 unice
877 708 1046 773 nitebantur,
1072 714 1145 763 runt
1175 707 1278 772 Quinto
1291 708 1321 762 in
1332 708 1381 764 illo
1391 708 1500 780 repudii
1511 709 1606 766 libello
1616 726 1720 764 nomes
1739 710 1910 781 repudiantis

211 797 334 854 erardus
352 796 525 861 iutueamur,
551 795 710 867 apparebit,
734 795 853 866 Moysen
870 807 1046 866 nequaquam
1073 793 1278 863 exprimebatur
1295 811 1329 849 ac
1342 802 1434 862 testea
1452 795 1554 866 quibus
1572 796 1774 866 praesentibus
1795 797 1910 852 animum

209 882 370 955 praecipere
387 881 433 938 vel
451 882 608 953 approbare
626 881 745 937 divortia
761 880 977 950 illstemeraria,
997 880 1045 934 sed
1073 879 1238 949 repudiandi
1267 885 1454 951 expresserat,
1482 882 1523 937 illi
1539 882 1752 949 inserebantur,
1782 881 1825 937 sic
1852 897 1910 953 crgo

210 970 289 1024 frena
305 969 398 1039 potius
415 985 449 1023 sc
477 983 598 1023 remorae
620 966 762 1024 iudaeis'
755 966 881 1037 mjicere,
906 982 941 1021 ne
963 967 1047 1036 juxta
1073 965 1185 1034 publice
1204 966 1278 1038 apud
1296 983 1391 1022 omnes
1416 984 1496 1023 suam
1520 967 1706 1040 profitebatur
1725 967 1910 1024 morositstuu

210 1054 327 1110 aliarum
350 1055 475 1126 gentium
502 1053 658 1151 exemplum
682 1059 740 1108 mm
766 1051 849 1107 facile
874 1053 910 1106 ad
928 1052 1062 1145 divortia
1073 1065 1107 1104 ac
1138 1067 1205 1106 suae
1236 1052 1447 1108 existimationis
1478 1055 1617 1124 jacturam
1650 1069 1708 1107 uon
1748 1053 1910 1110 mediocrem

210 1146 401 1210 properarent.
435 1141 530 1195 Primo
548 1139 620 1195 enirn
638 1156 694 1194 non
711 1139 834 1208 qnalibet
851 1154 885 1193 er
901 1156 998 1203 causa,
1016 1143 1049 1192 ut
1059 1106 1202 1192 faciebat.
1248 1136 1363 1194 Sexto'
1355 1156 1384 1192 ιιι
1408 1138 1489 1193 illa
1481 1155 1543 1210 rpsa
1566 1139 1630 1211 lege
1654 1138 1784 1194 Moesica
1802 1139 1912 1208 pollata

209 1225 381 1282 Pharisaei
372 1243 402 1280 m
427 1244 478 1284 sua
504 1225 665 1298 quaestione
685 1225 800 1292 dicunt,
820 1224 970 1281 divortium
988 1223 1048 1279 ficri
1075 1221 1177 1277 dicitur
1196 1222 1302 1293 mulier,
1325 1240 1397 1296 quae
1414 1223 1444 1279 in
1457 1224 1561 1295 duplici
1580 1223 1714 1296 conjugio
1731 1229 1844 1280 anteat
1855 1230 1912 1295 post

85 1308 139 1350 1111·
155 1308 178 1352 11
180 1309 198 1353 ¹·
210 1311 362 1383 permittrt,
387 1312 436 1367 sed
461 1320 581 1385 propter
598 1311 798 1374 foeditatem
791 1329 820 1365 m
847 1328 932 1367 uxore
951 1311 1047 1381 depre
1073 1307 1221 1378 repudium
1246 1309 1327 1379 vixit,
1359 1326 1414 1381 quo
1443 1310 1504 1381 ipso
1535 1310 1596 1365 viro
1624 1310 1781 1365 dimittenti
1808 1310 1912 1366 occasio

210 1397 335 1453 hensam.
370 1397 405 1451 In
423 1397 552 1453 Hebraeo
580 1402 623 1452 est
640 1397 733 1471 ⁵223,
753 1397 828 1468 qnod
843 1396 954 1468 proprie
965 1396 1048 1467 signi·
1074 1392 1234 1462 pollutionis
1262 1410 1318 1448 non
1344 1394 1462 1450 obscure
1481 1396 1641 1452 asscribitur
1669 1402 1699 1451 et
1733 1395 1910 1451 divortiorum

211 1483 278 1538 fleat
313 1483 475 1539 nuditatem
530 1484 683 1555 burgensis
718 1483 747 1537 in
762 1483 862 1538 addit.
889 1483 925 1538 ad
943 1482 1047 1554 Lyran.
1073 1478 1258 1550 frequentiam
1282 1479 1344 1536 Deo
1372 1498 1428 1536 non
1451 1481 1563 1552 probari
1587 1481 1807 1553 intelligendum
1834 1482 1910 1537 relin-

211 1569 295 1627 Deut.
316 1575 358 1625 24.
379 1569 498 1635 Densius
515 1569 576 1624 libr.
600 1575 639 1625 14.
654 1568 792 1625 observat.
813 1585 874 1640 cap.
899 1575 953 1626 10.Ι
973 1567 1047 1624 Gen-
1060 1608 1062 1613 .
1075 1564 1176 1635 quitur.
1225 1564 1350 1636 Septimo
1368 1565 1438 1620 illud
1457 1583 1567 1639 quoque
1586 1566 1813 1623 observationem
1832 1584 1910 1624 ruere

211 1655 268 1710 tilis
286 1655 348 1711 libr.
364 1661 387 1711 6.
400 1655 435 1710 de
454 1663 533 1726 nupt.
553 1671 614 1725 cap.
634 1659 673 1710 11.
690 1654 852 1710 foeditatem
870 1672 926 1710 non
943 1654 997 1708 nisi
1011 1657 1046 1708 de
1074 1657 1127 1719 tar,
1146 1651 1221 1721 quod
1239 1651 1358 1707 divortia
1371 1653 1446 1708 leves
1460 1653 1497 1707 ob
1513 1668 1612 1708 causas
1628 1653 1707 1709 facta
1725 1669 1746 1709 a
1764 1652 1910 1724 sapientie

213 1742 355 1795 adulterio
392 1741 584 1811 accipiendam
616 1744 731 1812 putant,
759 1740 809 1797 sed
836 1740 963 1796 Christus
991 1757 1047 1795 non
1073 1735 1149 1791 ribus
1167 1737 1306 1794 Hebraeis
1327 1755 1469 1809 nunquam
1486 1738 1591 1794 fuerint
1609 1739 1739 1810 probata.
1789 1738 1862 1795 Nam
1878 1739 1910 1795 dc

211 1834 320 1882 tantum
335 1827 372 1882 sd
390 1827 566 1895 adulterium,
584 1842 679 1881 verum
697 1826 735 1881 ad
752 1843 861 1882 omnem
879 1832 1046 1902 σκιηροκαρ-
1073 1825 1136 1877 Bes
1164 1822 1248 1889 Sira,
1277 1840 1359 1895 quem
1382 1830 1484 1896 putant
1510 1825 1596 1881 fuisse
1621 1832 1754 1895 nspoum
1771 1825 1910 1881 Jsrssrias

212 1915 278 1968 dtur
300 1928 413 1968 causam
433 1912 543 1967 divortii
563 1929 581 1966 a
597 1912 695 1982 Moyse
713 1911 839 1982 permissi
856 1920 976 1983 revocat,
994 1931 1046 1969 nec
1071 1909 1236 1980 propbetas,
1265 1918 1508 1981 commemoratur,
1540 1913 1617 1982 qaod
1634 1929 1697 1966 eum
1716 1912 1908 1981 interropctss

212 1999 348 2069 potuisset
364 1998 477 2068 Moyses
494 2014 512 2053 a
529 1998 619 2068 prima
635 1996 809 2053 institutione
826 2000 949 2072 conjugii
967 2000 1046 2072 quid·
1071 2002 1141 2048 esset
1159 2013 1177 2049 a
1197 1998 1328 2065 modam,
1346 1999 1396 2066 qui
1408 2000 1513 2053 malam
1524 2014 1639 2053 acorem
1650 1999 1781 2068 babebat,
1800 2017 1840 2053 as
1851 2016 1908 2054 east

213 2085 279 2139 dam
304 2083 443 2139 diversum
468 2083 635 2139 concessisse
655 2082 720 2154 dici,
738 2083 789 2137 sed
807 2089 915 2138 tantum
934 2091 1048 2156 propter
1072 2081 1213 2136 dimittere
1232 2083 1352 2152 deberet,
1372 2087 1563 2158 παροιμιακῶι
1580 2083 1628 2139 illi
1645 2073 1908 2154 emissarium,

213 2169 381 2226 adulterium
413 2169 530 2225 divortia
558 2168 618 2223 fieri
653 2169 831 2240 permisisset.
887 2170 972 2226 Deut.
1004 2176 1047 2241 2³,
1073 2169 1150 2235 qnod
1169 2168 1270 2222 cecidit
1287 2170 1316 2222 in
1335 2176 1479 2233 nortatus,
1491 2172 1570 2240 rode,
1588 2169 1809 2241 idestssscrem,
1828 2189 1907 2241 quast

212 2274 236 2311 r.
259 2261 300 2314 14.
319 2260 470 2326 usurpatur
489 2254 525 2310 de
542 2255 714 2325 turpitudine
735 2260 764 2310 et
783 2254 960 2310 immundicie
981 2271 1048 2326 quo·
1072 2260 1171 2306 namus
1188 2270 1231 2322 ιι,
1250 2255 1307 2308 sice
1322 2256 1396 2309 bona
1407 2255 1516 2324 fuerit,
1541 2256 1599 2310 sius
1616 2255 1705 2322 mala,
1724 2257 1827 2311 retiae.
1865 2256 1907 2313 stc

212 2341 315 2395 rumsis
337 2346 524 2410 peccatorum.
572 2340 678 2395 Sancta
703 2347 784 2394 erum
808 2348 904 2395 castro
921 2348 983 2409 tue,
1012 2357 1047 2395 ne
1073 2336 1146 2391 enim
1164 2337 1237 2394 bano
1260 2340 1427 2396 sententiam
1455 2340 1653 2411 interpretatur
1673 2340 1711 2408 is,
1737 2341 1788 2412 qui
1805 2342 1907 2398 scholis

212 2427 354 2481 Dominus
379 2425 410 2479 in
426 2433 453 2480 te
469 2429 565 2481 cidem
580 2426 707 2496 aliquam
723 2426 888 2482 nuditatem.
922 2427 1046 2498 Targum
1072 2422 1213 2480 Hebraica
1240 2425 1269 2479 in
1297 2425 1374 2480 illum
1403 2431 1544 2482 auctorem
1572 2426 1668 2481 edidit
1714 2428 1771 2481 Tot
1793 2426 1947 2483 circen-¹¹¹

212 2511 335 2566 reddidit
366 2510 462 2585 Εξηῠ,
484 2512 597 2586 tim,
617 2514 869 2580 compressionem
899 2514 955 2581 rei,
988 2528 1047 2566 rem
1071 2511 1200 2576 sterilis,
1221 2510 1312 2581 inquit
1328 2510 1433 2583 Fagius
1451 2511 1478 2568 d.
1499 2511 1517 2566 1.
1536 2512 1687 2582 repudium
1707 2521 1861 2580 creatur,
1879 2521 1906 2567 ut

206 2599 328 2666 foedam
348 2604 515 2666 deturpent.
544 2597 715 2668 intelligitur
732 2614 798 2669 ergo
815 2613 867 2669 per
883 2597 1046 2653 foeditatem
1074 2597 1194 2650 maritae
1220 2598 1345 2667 alicujus
1368 2599 1430 2668 spei
1452 2598 1544 2662 facile
1573 2601 1775 2654 admometrsr
1798 2600 1907 2669 prinas

212 2683 271 2738 sive
286 2682 441 2737 nuditatem
459 2698 544 2754 grave
563 2681 677 2752 aliquod
696 2682 842 2751 delictum,
862 2684 936 2755 quod
954 2689 1048 2739 tamen
1075 2681 1257 2737 institutionis
1284 2700 1319 2736 oc
1350 2685 1500 2738 mutandae
1531 2685 1568 2737 de
1595 2683 1719 2753 repudia
1749 2683 1908 2740 voluntatis.

212 2767 331 2838 publicis
355 2767 464 2839 legibus
490 2784 546 2823 non
571 2773 632 2823 erat
661 2769 788 2839 capitale.
834 2769 962 2826 Secundo
991 2786 1047 2824 non
1074 2771 1098 2824 4.
1119 2767 1216 2836 Ipsius
1243 2768 1349 2825 Obsisti
1371 2770 1600 2825 declarationem.
1651 2771 1786 2841 Mopse,
1817 2769 1909 2842 inquit,

211 2853 372 2909 conceditur
390 2854 504 2924 marito,
529 2861 561 2908 ut
586 2871 700 2910 uxorem
722 2856 850 2926 protinus
874 2872 906 2911 ac
925 2855 1047 2922 libuerit,
1070 2860 1189 2922 propter
1210 2854 1342 2909 duritiem
1360 2854 1457 2909 cordis
1477 2856 1563 2909 uestri
1576 2855 1709 2925 prendit
1735 2856 1815 2910 ociis
1832 2874 1909 2926 seps·

210 2957 229 2994 a
255 2939 336 2995 domo
361 2939 503 3006 exturbet,
529 2940 578 2994 sed
610 2939 687 3011 prins
714 2942 829 3010 repudii
851 2942 964 2996 libellus
988 2947 1048 2997 crat
1075 2940 1166 2995 diors.
1213 2939 1299 3010 Apud
1322 2940 1448 2996 Marcum
1466 2941 1672 2997 concessionem
1692 2940 1849 2998 Mosaicanr
1866 2959 1908 2999 vo·

211 3025 434 3082 conscribendus.
469 3025 614 3098 Fagiusd.
630 3026 648 3080 l.
668 3026 760 3091 refert,
778 3027 881 3082 marito
898 3044 1046 3083 suamanu
1073 3027 1120 3079 cat
1138 3023 1264 3096 tirolis,
1285 3035 1485 3099 paeceptum,
1517 3028 1566 3084 sed
1588 3027 1657 3081 illud
1676 3044 1780 3084 nomen
1796 3045 1906 3100 genere

210 3111 297 3167 fuisse
311 3111 385 3166 hune
402 3111 527 3166 libellum
545 3111 783 3181 conscribendum,
805 3113 854 3168 sed
871 3113 1046 3184 Augustinus
1073 3111 1137 3166 liter
1153 3111 1200 3166 bic
1223 3113 1351 3189 usurpari
1375 3129 1426 3183 pro
1444 3113 1560 3184 pelides
1586 3112 1708 3185 quadarn
1734 3115 1908 3172 concessione

213 3196 276 3252 libr.
297 3202 337 3253 te.
360 3201 457 3252 contra
482 3197 616 3252 Faustum
638 3214 659 3254 e.
676 3203 717 3255 26.
736 3198 835 3267 refert,
861 3200 930 3254 solbs
947 3201 1048 3255 scribis
1073 3195 1214 3268 colligitur
1226 3215 1259 3252 ex
1270 3197 1421 3267 Mattbaeo‚
1439 3199 1514 3269 apud
1528 3215 1612 3271 quem
1627 3204 1747 3255 roeatuu
1759 3200 1907 3271 permissis

211 3280 295 3336 hasce
312 3281 405 3336 literas
422 3282 540 3338 formare
567 3283 673 3338 licitum
690 3282 784 3341 fuisse.
820 3284 866 3338 llli
885 3302 951 3355 ergo
972 3291 1047 3355 pote·
1073 3282 1235 3337 Ambrosius
1254 3281 1302 3340 lib.
1316 3288 1340 3339 8.
1359 3283 1388 3337 in
1400 3284 1510 3341 Lucil:
1532 3285 1644 3353 Moyses
1651 3286 1789 3355 permisit
1809 3285 1906 3357 (inquit

117 3356 121 3362 ’
213 3370 276 3420 rant
295 3367 546 3422 reconciliationem
564 3369 641 3438 prius
659 3375 765 3424 tentare
785 3385 818 3424 ac
838 3371 987 3440 propositis
1005 3372 1046 3425 in·
1074 3367 1219 3437 Christus),
1235 3386 1292 3422 non
1310 3371 1389 3423 Deus
1406 3370 1498 3438 imeit.
1528 3369 1666 3440 Exprimit
1677 3369 1766 3427 etiam
1783 3370 1905 3429 Christus

212 3450 363 3505 commodis
386 3453 515 3507 maritum
533 3469 550 3506 a
567 3453 682 3523 repudio
711 3454 863 3523 dehortari,
883 3471 1001 3526 cumque
1019 3458 1048 3510 in
1073 3470 1186 3508 causam
1204 3454 1497 3525 illius'permissionis,
1524 3455 1656 3511 videlieet
1683 3459 1905 3533 σκληροκαρδίαν

212 3536 382 3593 conficiendo
401 3537 510 3608 repudii
525 3536 620 3593 libello
639 3539 776 3593 interdurn
794 3555 871 3594 mora
884 3541 951 3594 satis
962 3541 1048 3612 longa
1071 3539 1236 3609 iudaicamJ
1260 3539 1310 3595 illa
1332 3541 1429 3595 cordis
1447 3541 1582 3606 durities,
1601 3539 1637 3596 de
1655 3557 1714 3612 qua
1732 3543 1817 3599 toties
1834 3543 1904 3599 Deus

210 3622 296 3678 inerit
313 3623 425 3694 inJ'ecta,
443 3622 506 3676 ideo
526 3622 580 3678 bac
597 3624 741 3679 occasione
760 3623 846 3679 mulia
860 3625 978 3680 divortia
987 3627 1046 3682 fue·
1072 3625 1133 3695 ipse
1157 3625 1348 3696 conqueritur,
1375 3626 1489 3682 extorsit
1506 3625 1598 3697 Moysi
1625 3625 1700 3682 banc
1719 3628 1828 3700 legem,
1856 3643 1905 3700 qus

211 3714 278 3762 rant
294 3709 437 3779 impedita.
474 3708 538 3763 Hac
557 3708 592 3763 de
610 3726 640 3764 re
660 3709 836 3780 Augustinus
850 3710 876 3766 d.
895 3711 913 3766 l.
932 3712 972 3766 sic
991 3712 1045 3766 dis·
1072 3711 1194 3765 evitandi
1213 3711 1325 3780 majoris
1351 3712 1417 3765 mali
1437 3728 1522 3767 causa
1541 3710 1688 3782 repudium
1707 3712 1831 3771 iudaeis
1849 3731 1904 3770 cos·

212 3794 294 3848 serit:
330 3796 397 3850 Non
417 3795 486 3848 dicit
504 3795 564 3848 lea.-
582 3796 632 3864 qai
647 3796 774 3863 uoluerit,
791 3791 916 3851 dimittat
933 3815 1046 3852 umorem
1072 3797 1169 3866 cessitf,
1189 3802 1217 3852 st
1234 3803 1266 3851 ut
1284 3795 1497 3868 chrysostomus
1512 3797 1649 3870 loquitur,
1667 3800 1825 3855 dimidium
1843 3800 1905 3856 noli

209 3897 298 3945 suam,
318 3881 365 3934 cui
381 3889 450 3934 esset
469 3881 642 3935 contrarium
667 3899 720 3935 non
740 3881 892 3948 dimittere,
920 3885 972 3937 sed
988 3886 1041 3937 uti·
1068 3883 1216 3951 permisit,
1233 3899 1268 3935 ne
1285 3891 1372 3937 totum
1391 3884 1490 3936 bonum
1503 3886 1644 3952 perderet.
1679 3886 1802 3954 Moyses
1818 3886 1904 3951 (mh

210 3981 263 4034 que
279 3965 398 4035 nolebat,
418 3966 525 4019 dimitti
536 3981 680 4019 urcrema
697 3967 767 4031 siro,
787 3968 837 4036 qui
861 3970 934 4022 banc
960 3970 1044 4023 inter·
1072 3974 1138 4022 sunt
1163 3969 1288 4038 ejusdem
1311 3968 1501 4040 chrysostomi
1526 3968 1555 4024 iu
1584 3976 1607 4026 l·
1624 3969 1688 4026 Cor.
1711 3973 1748 4040 i.)
1772 3991 1831 4029 noa
1846 3974 1902 4027 sin

205 4052 303 4121 posuit
333 4069 454 4120 moram,
480 4059 511 4105 at
539 4051 569 4104 in
598 4053 750 4106 dissidium
774 4055 884 4108 animus
905 4071 1046 4124 praeceps
1070 4056 1186 4123 pliciter
1215 4055 1287 4108 banc
1316 4056 1404 4122 lepem
1432 4055 1513 4126 tulit,
1544 4059 1596 4110 sed
1623 4065 1741 4111 ccccm
1764 4059 1829 4123 fuit
1851 4072 1901 4113 ιιιι

211 4137 303 4192 libelli
337 4138 543 4208 conruptione
569 4140 714 4204 refractus
741 4139 888 4194 obsisteret
924 4150 950 4196 ct
976 4143 1047 4211 qaid
1072 4142 1259 4209 attemperare
1278 4156 1386 4209 eorum,
1404 4141 1503 4209 quidese
1522 4141 1610 4209 lepem
1628 4142 1726 4209 dabat,
1744 4142 1902 4210 infirmitati

212 4224 285 4277 moli
319 4231 389 4277 esset
423 4240 538 4278 urorem
576 4226 716 4280 dimittere
754 4227 899 4293 copitaret.
948 4227 1044 4281 Tertio
1072 4228 1148 4279 Nam
1169 4226 1302 4296 quoniam
1330 4229 1372 4280 cd
1392 4228 1493 4281 caedes
1515 4227 1623 4298 promti
1644 4236 1730 4282 eram
1758 4238 1789 4283 ιι
1813 4232 1901 4285 mass

209 4309 321 4380 Moyses
346 4325 402 4364 non
422 4310 511 4364 utitur
528 4308 614 4365 verbo
632 4311 756 4379 jubendi
778 4312 822 4363 ool
836 4312 1043 4381 percipiendi,
1071 4319 1190 4380 soprato
1212 4313 1362 4382 replebant
1389 4314 1527 4383 sanquine
1555 4320 1580 4366 st
1605 4328 1694 4382 neque
1720 4315 1800 4382 suis,
1823 4330 1900 4387 espa

210 4394 259 4450 sed
277 4395 306 4449 in
324 4395 419 4450 futuro
436 4396 511 4461 dicit,
529 4397 629 4451 scribet
648 4397 773 4451 libellum
786 4399 901 4466 repudii
916 4405 942 4452 ct
966 4399 1046 4453 dabit
1071 4398 1175 4452 alienis
1191 4400 1362 4468 parcebant,
1382 4415 1417 4453 ne
1435 4400 1511 4452 intus
1527 4400 1688 4453 occs'dsrsnt
1703 4418 1822 4470 scores,
1839 4416 1901 4473 quot

211 4481 239 4532 ei
255 4480 286 4534 in
316 4483 505 4550 manassias.
553 4483 685 4546 Quamvis
716 4498 782 4538 vero
815 4483 938 4538 futurum
968 4485 1043 4556 apud
1071 4485 1201 4553 inpralae
1232 4492 1327 4551 moal,
1353 4472 1504 4556 praecepit
1525 4488 1616 4553 foras
1654 4486 1823 4555 redundas,
1852 4504 1898 4559 quo

208 4566 351 4623 Hebraeos
369 4583 453 4638 saepe
470 4573 590 4638 ponatur
607 4585 658 4639 pro
682 4568 861 4640 imperativo,
882 4576 976 4626 umen
992 4589 1044 4642 pro
1069 4571 1184 4640 prastias
1202 4570 1317 4633 matrim,
1328 4586 1425 4639 nempe
1438 4570 1657 4625 bmaicidiorum
1664 4573 1817 4643 sardius,
1831 4574 1899 4629 tolle

207 4650 313 4708 ratione
340 4652 484 4724 subJectae
513 4655 645 4710 materiae
672 4656 755 4710 etiam
776 4657 940 4726 permissive
960 4657 1043 4727 expli·
1069 4664 1153 4711 retur.
1199 4655 1320 4710 semem
1351 4654 1424 4709 bom.
1452 4662 1491 4712 32.
1521 4672 1565 4727 op.
1592 4656 1714 4728 imperia
1748 4660 1899 4730 Propterea

207 4737 265 4791 cari
291 4743 397 4809 potest,
422 4744 454 4794 nt
477 4739 514 4795 sit
539 4755 649 4795 sensus:
670 4741 694 4794 si
715 4740 796 4796 aliter
820 4744 899 4797 uxori
923 4743 1043 4813 prospici
1071 4743 1136 4796 bene
1156 4742 1237 4810 dicit,
1257 4743 1334 4810 qnod
1351 4743 1465 4811 Moyses
1483 4743 1535 4797 boe
1548 4742 1697 4812 penca,
1715 4762 1774 4799 non
1790 4760 1898 4818 praem
1945 4750 1947 4757 '

209 4823 320 4894 nequit,
331 4824 436 4880 scribat
453 4826 497 4880 vel
516 4826 599 4880 scribi
617 4831 695 4882 curet
712 4828 772 4897 ejus
791 4828 906 4883 maritus
919 4829 1042 4883 libellum
1068 4829 1121 4896 pit
1157 4827 1239 4889 Quod
1256 4828 1822 4898 enimpraeeipimas,semperuolumus·
1809 4829 1899 4902 quod

210 4908 318 4977 repudii
334 4916 362 4964 et
380 4910 502 4965 dimittat
520 4928 590 4967 eam
626 4911 733 4975 Quarto
752 4911 816 4967 talis
834 4913 943 4969 libellus
963 4929 1043 4967 voca·
1070 4921 1163 4968 autem
1174 4913 1707 4989 permitteremnolsncmtnaotpsnm,
1720 4917 1792 4985 quia
1805 4918 1900 4972 ndns

208 4996 254 5045 tur
271 4994 342 5048 liber
361 4997 466 5051 excidii
483 4998 526 5051 oel
546 4998 712 5062 acediosis,
731 4999 797 5069 quia
816 4999 884 5054 nibil
902 4999 1044 5054 facultatis
1069 5000 1240 5053 voluntatem
1268 5000 1438 5070 adplenum
1458 4983 1612 5069 probibere
1628 5018 1687 5055 non
1700 5000 1899 5074 possuntne!i
1945 4988 1947 5079 1

207 5077 252 5130 vel
273 5079 333 5147 spei
351 5081 476 5135 relictum
502 5087 562 5137 erat
584 5084 643 5137 viro
662 5083 805 5138 mulierem
822 5084 904 5139 istam
926 5085 1058 5154 posthac
1055 5084 1330 5191 Theopbylactus
1322 5100 1396 5140 rnc
1425 5090 1458 5140 5.
1478 5084 1594 5142 Mssa:
1618 5084 1738 5155 Moyses
1753 5086 1900 5189 prmodpd,
1944 5074 1947 5125 1

208 5163 398 5218 reducendi
377 5183 435 5222 srva
454 5168 611 5233 revocandi,
629 5168 817 5227 undediserte
835 5169 949 5225 additur
967 5187 993 5223 v.
1011 5177 1042 5227 4·
1055 5157 1097 5225 si
1113 5170 1175 5240 quis
1194 5172 1260 5249 odio
1277 5171 1388 5225 baberet
1403 5172 1527 5237 clamem,
1548 5171 1690 5227 dimittere
1711 5168 1785 5244 eust,
1804 5180 1851 5230 tre
1864 5170 1932 5257 f'i..

210 5248 245 5302 Si
259 5250 413 5320 repudiata
435 5253 523 5307 alteri
538 5252 674 5323 nupserit,
693 5272 751 5309 non
764 5256 872 5325 poterit
883 5256 968 5324 prior
982 5272 1056 5324 epus
1055 5262 1123 5327 χιι(
1121 5256 1202 5312 irre
1219 5258 1345 5327 γίνηται,
1369 5256 1537 5330 μισουμένη
1554 5256 1608 5330 γ’ΐιρ
1624 5258 1712 5320 trae
1716 5258 1755 5314 dr
1775 5264 1822 5316 rat
1841 5248 1932 5334 ιιι-1

208 5336 329 5390 mamaea
349 5340 559 5409 conrecipere,
579 5340 661 5395 utsit
674 5342 877 5410 eiinnmrern,
891 5349 1043 5412 postquem
1069 5342 1162 5410 ιει1.ιη
1210 5342 1349 5397 Lutberus
1375 5348 1441 5399 tom
1461 5348 1485 5399 1.
1511 5342 1573 5399 len.
1593 5342 1689 5399 Germ
1717 5344 1786 5403 111).···
1783 5346 1901 5425 desit

208 5431 248 5474 est
268 5420 397 5491 polluta,
427 5425 497 5492 quio
526 5426 696 5481 similando
723 5435 764 5481 est
790 5444 885 5483 coram
909 5429 1041 5483 Derasso.
1068 5426 1210 5500 conjugali
1227 5427 1248 5482 1.
1264 5428 1382 5485 ibitis
1402 5416 1901 5508 lepeMcpstsdupltescprd'possi·

207 5506 285 5563 ldem
302 5507 437 5580 repetitur
454 5509 511 5565 ler.
532 5515 560 5576 t,
583 5526 609 5567 r
634 5516 672 5567 1.
696 5512 789 5570 Mariti
812 5514 905 5584 igitur
925 5512 983 5577 illi,
1013 5514 1056 5574 ln
1069 5522 1115 5570 tar
1132 5520 1301 5586 praecepto,
1324 5513 1503 5585 spiriritalis,
1517 5517 1606 5585 qtrise
1620 5512 1766 5586 pietatem
1786 5522 1820 5575 s't'
1825 5516 1947 5601 jose
