4020 6022
841 232 898 297 los
918 240 1118 303 consumo.
1778 263 1815 320 31

128 394 272 466 politicum
298 394 374 453 vitae
400 412 497 469 genus,
524 395 575 452 sed
594 394 694 452 foedus
717 395 840 453 divium
863 403 892 453 et
916 401 1124 509 respscelerios
1142 419 1162 455 a
1181 402 1245 456 Deo
1262 402 1428 475 omotitotae
1449 421 1505 473 per
1525 406 1610 472 fidem
1634 413 1660 459 et
1682 407 1753 471 fidei
1773 424 1819 462 ra

130 498 215 538 sacra
254 481 329 554 Ergo
346 489 388 538 est
400 489 611 547 sacramentum,
633 483 697 554 quia
714 482 796 555 plura
813 484 849 539 ad
869 501 960 540 sacra·
988 490 1229 557 momentaneae
1247 489 1318 543 sient
1335 491 1474 545 nonlicet
1494 493 1534 545 esis
1546 493 1712 547 constituere
1730 494 1818 548 aliast

129 569 214 624 menti
226 569 337 640 proprie
350 570 389 624 sic
399 570 466 625 dicti
476 569 622 624 essentiam
630 569 815 641 requiruntur.
844 569 960 626 2.Beue·
987 573 1146 639 melonem,
1173 576 1215 628 ita
1238 593 1294 630 non
1320 574 1385 630 lieet
1409 576 1449 630 eis
1473 579 1589 631 madere
1618 579 1706 632 oliam
1724 582 1817 650 fidem,

129 654 213 711 dictio
230 672 364 712 novorum
380 656 531 728 conjugum
555 655 603 726 pio
621 655 735 710 consilio
762 663 790 711 et
814 655 960 712 bonolius
986 675 1073 729 nsqzm
1098 661 1240 714 instituere
1267 661 1328 715 alia
1353 671 1545 733 annumerata,
1575 667 1628 719 secl
1647 683 1702 735 per
1721 682 1817 721 sona

128 740 288 796 introducta
307 748 357 810 est,
375 749 407 800 ut
425 742 548 797 suoloco
566 740 681 797 inferius
694 741 887 812 explicabitur,
904 760 960 798 non
987 753 1092 815 mnia,
1121 762 1192 815 quae
1216 748 1252 800 de
1275 747 1362 801 latere
1387 747 1657 818 Christipsndentir
1682 753 1713 807 in
1737 769 1817 806 mooe

127 833 221 881 temen
250 825 349 880 nititur
373 843 502 896 expresso
526 833 555 882 et
578 827 692 898 speciali
711 827 806 899 aliquo
829 827 961 884 mandato
981 831 1133 900 fluxerunt,
1164 824 1268 886 dieitur
1297 850 1355 887 esse
1380 833 1528 899 fabricata
1554 836 1663 890 Obrists'
1688 838 1815 895 oetam.

128 911 237 980 divino,
262 929 329 985 ergo
349 928 383 967 ex
400 928 434 968 ea
452 930 507 968 non
527 904 747 984 potest'infcrri,
774 914 850 986 quod
867 914 960 969 matri·
986 915 1177 971 Subsumimus
1196 923 1303 988 autem,
1329 919 1445 974 materia
1468 919 1552 992 hujus
1579 924 1744 978 sacrementi
1760 940 1816 979 non

127 999 250 1055 monium
275 1000 311 1055 sit
328 1005 538 1056 sacramentum.
574 1006 596 1056 3.
613 1000 748 1073 Magnum
772 1000 845 1056 enim
865 1000 959 1056 discri-
986 1001 1065 1057 fluxit
1084 1003 1230 1059 exChristi
1246 1002 1340 1059 latere.
1376 1004 1452 1077 Ergo
1465 1024 1520 1061 non
1533 1009 1698 1079 estproprie
1711 1009 1814 1065 dictum

126 1100 191 1139 men
213 1091 255 1140 est
285 1085 358 1142 inter
376 1086 545 1143 ceremonias
564 1086 782 1155 ecclesiasticas,
815 1103 886 1160 quac
903 1104 959 1142 non
986 1088 1020 1145 N.
1038 1089 1072 1146 T.
1092 1095 1300 1144 sacramentum.
1325 1095 1349 1145 ³.
1370 1089 1546 1146 Ostendimus
1567 1111 1617 1149 suo
1635 1095 1704 1160 loco,
1723 1100 1816 1166 patres

126 1170 254 1225 nituntur
271 1171 385 1242 speciali
404 1176 433 1227 et
444 1188 572 1242 expresso
585 1171 639 1228 Dei
655 1173 801 1242 mandato,
820 1173 869 1229 sed
887 1173 959 1229 bono
984 1175 1148 1231 vetustiores
1171 1192 1226 1230 non
1252 1175 1305 1230 nisi
1333 1176 1389 1231 duo
1405 1182 1513 1232 tantum
1539 1178 1572 1235 N.
1591 1179 1625 1234 Τ.
1644 1187 1816 1237 sacramenta

127 1255 243 1311 consilio
268 1256 304 1311 ab
327 1257 443 1313 ecclesia
465 1257 642 1314 introductae
664 1264 730 1314 sunt
752 1263 866 1330 propter
890 1257 959 1315 fines
985 1275 1149 1330 agnoscere,
1178 1260 1288 1316 illorum
1306 1278 1373 1333 crgo
1394 1264 1532 1318 senentio
1548 1264 1746 1334 posterioribus
1767 1267 1815 1322 do·

126 1341 219 1411 utiles,
246 1342 327 1406 τόξιν
345 1348 389 1397 sol
414 1341 626 1416 εὐσχημοσύνην
642 1351 813 1416 spectantem
844 1351 872 1401 et
889 1345 961 1400 inter
984 1344 1107 1401 ctoribus
1126 1345 1314 1417 praeferenda
1351 1347 1434 1403 Unde
1452 1347 1634 1404 Bellarminus
1652 1367 1816 1408 consensum

127 1429 198 1484 ritus
216 1429 445 1500 sacramentales,
471 1431 518 1502 qui
537 1447 696 1503 expressum
723 1437 751 1488 et
774 1431 893 1502 speciale
911 1431 959 1486 hu·
986 1431 1119 1488 ccclesiae
1152 1450 1169 1488 a
1199 1432 1350 1489 Lombsrdi
1385 1440 1510 1504 tempore
1546 1440 1655 1491 tantum
1690 1437 1812 1494 deducit.

128 1515 196 1572 bent
211 1515 266 1571 Dei
283 1516 452 1583 mandatum,
470 1517 570 1588 quibus
589 1533 623 1571 ex
642 1519 704 1589 ipsa
719 1516 775 1574 Dei
786 1517 959 1572 institutione
985 1525 1010 1576 4.
1034 1519 1109 1573 Inter
1132 1519 1207 1590 ipsos
1226 1518 1410 1581 scholasticos
1434 1527 1463 1576 et
1480 1520 1642 1577 Pontificios
1667 1524 1813 1595 scriptores

128 1619 237 1658 annexa
262 1608 306 1658 est
330 1600 475 1673 promissio
510 1602 617 1674 gratiae
652 1603 796 1676 evangelio
822 1602 958 1674 propriae.
986 1603 1021 1660 de
1039 1605 1091 1659 boc
1110 1613 1280 1662 sacramento
1299 1623 1356 1661 non
1376 1613 1419 1662 est
1435 1607 1576 1677 plenarius
1599 1624 1761 1680 consensus,
1783 1617 1817 1667 ut

128 1699 153 1746 4.
171 1688 353 1760 Insugnratio
382 1688 457 1760 regis
486 1682 553 1744 Joas
579 1706 630 1758 per
651 1688 782 1759 lojadam
800 1664 1153 1760 pontificemlostendimus
1175 1694 1309 1763 superins.
1358 1699 1381 1748 t.
1407 1693 1454 1747 An
1480 1700 1509 1749 et
1534 1695 1672 1765 quomodo
1699 1684 1815 1755 ecclesia

128 1775 223 1830 multis
248 1773 458 1829 solennitatibus
484 1773 627 1844 perficitur
651 1781 674 1831 2.
696 1776 767 1847 Bag.
795 1781 840 1843 11,
863 1792 890 1832 v.
917 1780 956 1831 12.
985 1793 1076 1834 errare
1093 1779 1189 1849 possit,
1213 1796 1263 1833 suo
1280 1778 1341 1834 loco
1360 1778 1414 1833 fuit
1438 1778 1625 1850 disputatum,
1652 1783 1815 1843 videncet.

129 1859 269 1915 coromuo
279 1858 451 1929 imperatoris
462 1859 556 1914 multis
574 1860 771 1916 ceremoniisin
782 1860 842 1931 ipso
854 1861 958 1927 templo
984 1864 1020 1920 de
1037 1865 1135 1921 eccles.
1154 1861 1182 1937 ᾖ.
1203 1871 1259 1921 104.
1274 1870 1303 1920 et
1320 1881 1396 1936 seqq.

36 1951 71 1995 rr.
82 1952 114 1995 ta
126 1945 283 2017 panagium
306 1943 411 2000 Romm
430 1945 460 1999 in
478 1945 594 2001 basilica
610 1947 791 2002 Lateranensi
807 1947 899 2018 pictus
917 1951 960 2001 est

127 2031 277 2087 lotharius
296 2031 446 2103 imperator
467 2031 504 2086 ad
528 2048 621 2102 genua
648 2032 785 2102 pontificis
804 2038 959 2104 prosuatus
1299 2059 1332 2065 -
1345 2058 1505 2068 -——-——

128 2122 213 2188 atque
238 2132 257 2172 a
280 2115 412 2188 pontifice
438 2133 568 2172 coronam
592 2119 739 2191 accipiens,
763 2119 808 2173 cui
831 2118 957 2191 picturae

132 2202 161 2257 bi
180 2219 276 2258 versus
293 2210 359 2258 suut
375 2203 521 2273 adscripti:
1254 2206 1276 2268 c
1292 2205 1320 2266 A
1336 2207 1361 2268 P
1378 2207 1450 2268 Π
1485 2208 1545 2269 Π,
1826 2211 1869 2256 xv.
1882 2215 1913 2257 ta

161 2322 958 2480 ggtffloagffflfflnqeffifflgojffiff
1019 2359 1088 2457 nu
1111 2360 1279 2427 clusa
1302 2363 1627 2532 quUsqurnuns
1650 2362 1770 2431 cou-

41 2572 45 2582 ’
128 2548 188 2605 Nec
204 2555 298 2603 tamen
311 2565 345 2604 ex
355 2547 397 2602 his
415 2554 443 2603 et
459 2547 595 2603 similibus
615 2547 714 2602 ritibus
732 2546 854 2602 efficient
868 2562 959 2601 sacra·

128 2641 251 2691 mentum
269 2633 382 2704 aliquod
400 2634 511 2705 proprie
538 2634 651 2689 dictum.
686 2641 709 2689 5.
726 2632 856 2706 Denique
875 2634 958 2689 bene
1253 2632 1357 2696 8Εο
1376 2635 1401 2694 Τ
1417 2635 1476 2697 10
1512 2635 1537 2695 1.

132 2721 218 2777 dictio
230 2719 279 2775 illa
290 2720 477 2776 ecclesiastica
489 2737 622 2775 novorum
640 2721 789 2792 conjugum
803 2736 858 2774 non
872 2718 957 2773 omni-

128 2807 211 2863 mode
230 2806 401 2861 cxsnlarita
419 2806 454 2863 V.
467 2806 500 2861 T.
518 2812 550 2862 nt
569 2824 618 2861 suo
636 2806 698 2862 loco
716 2806 886 2875 ostendetur,
906 2822 958 2861 nec
984 2784 1053 2850 DE
1080 2785 1247 2855 CAUSA
1280 2789 1591 2858 EFFICIENTE
1621 2792 1814 2859 PRINCI-

127 2905 221 2949 tameu
237 2893 398 2965 conjugium
415 2893 444 2947 in
460 2893 495 2950 V.
514 2892 547 2950 T.
565 2892 619 2948 fuit
638 2898 848 2950 sacramentum.
1176 2891 1299 2956 PALI
1323 2892 1384 2958 ΕΤ
1413 2893 1620 2961 ΒΕΜΟΤΑ.

91 2996 115 3024 ¹¹·
163 2988 204 3037 40.
241 2983 265 3034 t.
285 2981 312 3032 A
331 2995 466 3033 conteneo
485 2980 617 3033 melariae
640 2979 769 3033 &aseae
795 2987 821 3032 et
838 2979 958 3034 minae
1867 3042 1870 3047 Ι

31 3047 78 3126 «ἶ.
128 3068 165 3122 ab
185 3066 268 3120 anate
284 3065 383 3119 saltem
400 3065 565 3135 qusinpents's.
599 3067 674 3119 Nam
695 3084 714 3119 a
736 3073 859 3134 tempore
876 3067 957 3119 Iom-
1018 3065 1060 3115 41.
1097 3058 1189 3114 Causa
1207 3059 1331 3116 efficiens
1356 3061 1480 3133 conjugii
1505 3067 1548 3117 est
1571 3064 1616 3117 vel
1630 3064 1896 3136 praepetem-n.

130 3153 218 3206 bardi
231 3169 323 3207 omnes
342 3151 466 3221 tlteolopi
481 3169 587 3205 worma
607 3158 709 3204 conatu
728 3152 898 3218 dammone,
915 3165 957 3204 ee·
979 3147 1132 3215 primaria,
1151 3156 1258 3201 remota
1278 3164 1313 3201 ac
1326 3165 1450 3217 somma5
1465 3147 1508 3202 rel
1523 3150 1754 3220 instrumentalis,
1771 3167 1813 3206 se·
1825 3129 1928 3220 fflffl

123 3247 200 3309 ptem
225 3255 284 3291 esse
309 3254 396 3291 novae
427 3239 498 3307 non
522 3245 700 3290 sumomonte
724 3244 751 3290 et
776 3237 958 3306 comprobata
984 3234 1131 3298 andario,
1145 3235 1309 3304 propinqua
1327 3243 1354 3289 et
1368 3235 1543 3291 immnerito.
1579 3235 1671 3292 Causa
1689 3231 1938 3323 efficiensffiflgff

127 3334 168 3380 eat
184 3341 279 3378 eornm
296 3325 436 3378 sententio-
451 3341 470 3376 a
490 3323 578 3377 Lucio
596 3323 659 3380 III.
676 3324 810 3392 pontifice
828 3323 956 3377 Romano
983 3319 1144 3391 principalis
1171 3336 1204 3376 ac
1229 3321 1376 3391 primarius
1398 3322 1522 3393 conjugii
1545 3327 1643 3378 auctor
1666 3328 1709 3377 est
1731 3338 1812 3378 verus
1824 3333 1893 3378 nour.

127 3430 149 3466 e.
170 3414 211 3465 ad
226 3410 393 3465 abolendam
418 3410 453 3463 de
476 3410 626 3463 Moriere
649 3416 675 3462 et
700 3410 820 3464 concilio
838 3411 956 3464 Floren-
984 3406 1068 3472 Deus,
1089 3424 1160 3461 unus
1179 3408 1209 3461 in
1226 3407 1346 3463 essentia
1362 3424 1395 3462 ac
1412 3408 1502 3463 trinus
1520 3408 1549 3462 in
1567 3408 1699 3479 personis,
1718 3386 1944 3477 Poteniiiiss'w'

125 3499 192 3551 tino.
234 3495 457 3566 Respondemus:
484 3500 507 3550 1.
526 3510 624 3549 norma
639 3493 764 3549 veritatis
785 3495 814 3549 in
831 3494 895 3569 fidei
913 3512 956 3550 ar·
983 3491 1071 3547 Filius
1103 3509 1136 3548 ac
1164 3492 1282 3565 Spiritus
1309 3513 1331 3548 s.
1357 3494 1387 3549 id
1410 3495 1484 3564 quod
1503 3495 1603 3566 probat
1629 3503 1650 3552 1.
1687 3496 1814 3565 conjapis'
1825 3485 1926 3588 {offim

125 3584 221 3638 ticnlis
251 3599 306 3637 non
338 3587 380 3636 est
410 3597 561 3636 consensus
591 3582 738 3647 ecclesiae,
774 3583 823 3638 sed
853 3582 956 3637 decisio
983 3580 1118 3633 institutio
1150 3588 1176 3633 et
1206 3580 1363 3646 ordinatio,
1400 3596 1472 3650 quae
1502 3581 1622 3637 breviter
1647 3582 1813 3638 describitur
1825 3590 1914 3632 insutu-

126 3670 285 3740 Scripturas
303 3684 414 3734 sacrae,
441 3668 504 3722 ideo
520 3666 556 3721 de
580 3667 715 3722 ecclesiae
732 3684 867 3723 consensu
881 3668 957 3739 J'udi·
984 3665 1055 3722 Gen.
1074 3670 1097 3735 1,
1111 3683 1137 3720 r.
1156 3670 1203 3720 2¹1:
1225 3666 1333 3718 &eavit
1351 3667 1432 3720 Deos
1448 3668 1584 3721 hominem
1604 3670 1645 3722 ad
1661 3671 1812 3740 inopinens
1824 3643 1926 3734 fffffl

125 3757 247 3814 candum
265 3760 359 3812 estex
376 3755 519 3824 Scriptura
534 3770 720 3825 sacraeque
736 3754 795 3810 sola
814 3762 956 3810 exsnnon-
983 3769 1078 3816 marn,
1104 3752 1259 3805 masadam
1287 3760 1313 3805 et
1340 3754 1477 3816 feminam
1503 3755 1607 3808 creavit
1637 3773 1692 3824 eos,
1716 3773 1742 3809 v.
1771 3747 1910 3846 tam-⁸

125 3841 337 3914 tnrapodictica
348 3845 520 3913 argumenta,
531 3839 652 3895 'lbomas
663 3845 734 3910 part.
750 3846 772 3895 1.
785 3857 813 3912 q.
828 3845 849 3896 1.
861 3847 912 3897 ert.
924 3847 954 3897 8:
985 3838 1177 3907 bmedioitque
1203 3838 1264 3892 illie
1288 3839 1368 3892 Dens
1393 3847 1420 3893 et
1446 3839 1504 3893 ait:
1530 3839 1653 3894 Clresoite
1676 3850 1702 3895 et
1720 3843 1812 3897 molti·
1825 3848 1927 3889 somnus

129 3928 219 3983 Sana
249 3928 379 3982 doctrinm
409 3927 576 3980 acclamate
607 3926 759 3980 canonicae
791 3926 956 3995 Smpturae
980 3922 1132 3994 plicamirn'
1148 3931 1174 3977 et
1192 3925 1298 3993 replete
1316 3932 1438 3993 terram
1460 3931 1557 3996 postea
1583 3942 1648 3982 vero
1667 3926 1749 3983 latius
1769 3899 1957 3992 eximii„

126 4016 216 4069 misr
227 4015 348 4089 proprie
366 4030 399 4066 ea
417 4013 582 4067 morositate
601 4013 834 4080 arpomentandi,
862 4021 956 4068 aomo
984 4008 1104 4080 plicatur
1127 4008 1199 4065 Gen.
1224 4016 1248 4078 1,
1272 4026 1298 4065 v.
1320 4015 1365 4066 18:
1390 4013 1456 4065 Non
1474 4020 1516 4065 est
1534 4012 1646 4080 tonum,
1678 4014 1813 4068 bominem
1826 4003 1948 4095 ggfig{?⁶⁸

128 4102 259 4155 νιϊαΙίὸιιε
286 4108 378 4154 amen
405 4099 528 4153 aliorum
554 4100 701 4152 doctorum
726 4098 871 4164 melenae,
900 4118 957 4154 non
985 4112 1043 4149 esse
1060 4096 1159 4164 solnm,
1175 4095 1318 4161 faciamos
1333 4097 1360 4148 ei
1378 4098 1661 4167 adjutorinmooram
1678 4101 1740 4171 ipm
1759 4106 1812 4157 etc.
1826 4107 1891 4147 nuo.
1979 4154 1986 4167 ι

127 4188 211 4257 puori
231 4187 378 4256 arpuendo
408 4201 441 4238 ea
458 4185 603 4254 propriis,
622 4185 674 4237 sed
702 4200 735 4237 so
753 4184 957 4254 probabsls'boe.
984 4182 1018 4237 In
1034 4182 1089 4238 hac
1105 4181 1247 4253 primaeva
1264 4181 1387 4253 conjugii
1404 4183 1578 4239 institutione
1599 4185 1722 4240 notanda
1739 4196 1813 4241 sunt.

127 4273 262 4326 innititur
288 4271 360 4325 enim
386 4272 456 4332 fides
473 4277 572 4323 matra
595 4269 761 4324 revelationi
776 4271 914 4339 spondis
930 4279 957 4325 et
987 4277 1008 4325 1.
1047 4269 1158 4323 Divina
1176 4270 1212 4322 rie
1230 4269 1346 4322 muliere
1365 4271 1511 4331 condenda
1538 4279 1564 4324 et
1585 4271 1716 4339 conjapio
1735 4271 1813 4325 inati-

124 4360 270 4430 propletis
287 4359 395 4425 sanae,
424 4357 474 4427 qai
497 4357 645 4410 canonicos
668 4356 755 4411 libros
776 4359 957 4427 compserint,
984 4357 1086 4410 tuendo
1105 4353 1282 4410 deliberatio.
1319 4352 1558 4418 Quemadmodum
1577 4355 1654 4411 Deus
1678 4357 1714 4411 ad
1738 4372 1813 4413 crea·

125 4464 183 4500 non
200 4453 292 4499 amem
308 4444 472 4498 revelationi
489 4444 551 4510 illi,
577 4441 604 4496 ei
623 4460 695 4512 quas
705 4445 808 4510 suerat
825 4444 893 4497 aliis
908 4447 957 4498 do·
982 4443 1086 4497 tionem
1104 4439 1186 4512 primi
1205 4439 1322 4494 hominis
1334 4440 1415 4495 Adae
1435 4458 1489 4496 non
1506 4443 1559 4496 nisi
1577 4443 1692 4512 praevia
1711 4441 1813 4498 delibe

126 4535 249 4588 otoribm
266 4532 361 4598 saeta.
396 4529 479 4593 Quod
499 4545 566 4601 ergo
584 4528 769 4584 Bellarminus
792 4529 846 4584 sub
872 4527 955 4585 finem
984 4528 1090 4584 ratione
1110 4532 1267 4583 accesserat
1285 4525 1356 4582 Gen.
1371 4534 1395 4596 1,
1407 4543 1432 4581 v.
1453 4532 1500 4584 26:
1516 4529 1668 4582 Faciamus
1678 4528 1813 4583 bominem
1849 4530 1851 4536 “

126 4619 210 4691 hujus
227 4617 326 4688 capitis
344 4616 433 4681 addit,
450 4616 482 4669 in
500 4616 715 4685 Scriptus-amm
736 4622 763 4668 et
775 4623 892 4683 patr-um
911 4634 956 4671 eo·
985 4617 1026 4669 ad
1043 4615 1192 4682 inopinam
1210 4622 1237 4666 et
1255 4613 1466 4667 similitudinem
1483 4621 1625 4683 nostram·
1647 4614 1687 4668 ita
1703 4631 1813 4687 quoqne

122 4706 280 4778 plicatione
296 4721 347 4758 noa
364 4702 455 4764 facile
469 4718 557 4771 posse
573 4701 647 4769 labi,
669 4701 722 4754 sed
743 4703 820 4770 qood
837 4703 957 4756 ecelesia
987 4701 1023 4755 ad
1035 4699 1162 4756 mulieris
1180 4700 1348 4754 cnutonem
1365 4705 1393 4754 et
1410 4700 1535 4771 conjugii
1552 4699 1752 4756 institutionem
1766 4717 1811 4757 ac·

126 4809 177 4847 nec
194 4792 321 4860 deficere,
338 4806 388 4842 neo
406 4803 503 4842 errore
516 4787 614 4856 possit,
631 4788 666 4841 ici
684 4802 742 4840 esre
760 4804 779 4839 a
801 4787 912 4843 Clrsbto
931 4798 958 4843 et
983 4803 1110 4842 cessurus
1121 4784 1345 4840 deliberationem
1358 4789 1399 4852 (ut
1411 4786 1644 4859 intpunonntoir
1656 4787 1813 4860 loquamur)

126 4877 266 4950 apostolis
285 4875 443 4928 elarmsinse
462 4873 580 4941 metam,
609 4880 638 4928 et
655 4873 708 4928 bac
724 4873 832 4929 ratione
849 4891 867 4930 a
884 4874 956 4931 Sori-
984 4872 1139 4944 praemisit,
1158 4870 1229 4928 Gen.
1246 4876 1271 4936 2,
1288 4890 1313 4928 u.
1336 4879 1380 4930 18:
1397 4875 1463 4927 Non
1481 4883 1521 4928 est
1541 4875 1654 4940 bomon
1678 4876 1813 4931 bominem

127 4972 212 5037 ptura
228 4962 265 5016 ad
286 4960 440 5029 ecclesiam,
459 4959 551 5028 idest,
567 4959 712 5015 utnltima
728 4959 850 5030 unalysis
867 4967 957 5017 osten-
985 4975 1044 5014 esee
1057 4960 1156 5027 solnm,
1177 4957 1283 5018 faciam
1296 4960 1324 5013 ei
1335 4960 1518 5030 adjutorium,
1535 4962 1611 5017 unde
1628 4961 1712 5018 LXX
1730 4963 1813 5019 inter·

127 5052 183 5119 dit,
212 5048 248 5103 ad
268 5044 427 5118 pontificem
444 5045 600 5101 Romanum
618 5062 668 5100 nos
692 5045 828 5101 deducere
846 5047 958 5119 satagit,
984 5051 1077 5116 protes
1095 5051 1124 5100 et
1140 5051 1237 5100 auctor
1263 5044 1381 5101 latinae
1404 5045 1537 5102 versionis
1562 5048 1697 5119 pluralem
1719 5067 1813 5106 nume

125 5137 155 5192 id
175 5135 252 5191 velat
271 5131 522 5188 Antichristianum
540 5131 638 5186 marito
655 5130 841 5202 repudiamus.
866 5138 889 5188 1.
903 5132 956 5188 Rc·
983 5149 1045 5186 rum
1061 5131 1090 5185 in
1106 5131 1191 5187 verbo
1202 5132 1351 5198 sociamus
1366 5131 1568 5205 repetiverunt,
1587 5142 1619 5191 ut
1636 5137 1673 5195 ad
1692 5137 1811 5207 priorem

125 5224 249 5294 petimus
260 5219 331 5276 illud
345 5218 469 5290 ejusdem
478 5217 601 5272 ibamus
618 5223 688 5287 part.
704 5222 730 5274 t.
750 5235 778 5290 q.
796 5222 838 5273 tt.
854 5223 905 5274 art.
927 5224 958 5274 2:
985 5218 1020 5274 de
1038 5218 1149 5273 homine
1169 5216 1288 5272 creando
1305 5217 1531 5276 deliberationem
1557 5239 1608 5279 nos
1633 5223 1813 5290 remitterent,

132 5308 227 5365 Virtus
244 5308 415 5362 sacramenti
428 5314 468 5360 est
484 5305 576 5360 osolo
594 5305 666 5357 Deo.
699 5305 866 5372 Eroosoluo
876 5305 958 5359 Dares
984 5305 1032 5360 sed
1056 5305 1084 5358 in
1108 5303 1237 5359 Hebraeo
1262 5309 1340 5358 textu
1365 5309 1393 5358 et
1416 5304 1569 5363 cnutum
1590 5309 1755 5380 paraphrasi
1772 5315 1814 5366 est

127 5406 168 5453 ert
192 5403 430 5451 commentorum
461 5393 610 5446 instiutor.
653 5391 787 5459 Apostoli
810 5399 837 5445 et
863 5408 958 5447 eornm
984 5390 1124 5462 singulare
1140 5392 1257 5456 sacram.
1301 5391 1538 5455 Quemadmodum
1554 5394 1640 5465 igitur
1657 5412 1690 5450 er
1708 5412 1741 5451 eo
1758 5413 1812 5451 non

126 5498 296 5538 neeusorer
312 5488 376 5535 raet
392 5480 496 5533 nonus·
519 5477 591 5544 Dei,
615 5483 748 5545 pomisne,
771 5478 815 5531 ad
835 5476 959 5547 repinsu
987 5477 1041 5533 Dei
1059 5475 1166 5548 opificis
1187 5475 1340 5546 infirmitas,
1358 5477 1409 5533 sed
1427 5483 1525 5549 operis,
1544 5481 1629 5536 mesti
1641 5481 1748 5538 scilicet
1765 5481 1812 5537 lno-
