4020 6022
783 240 788 248 '
811 259 864 317 na
882 256 1084 315 consumo.
1738 264 1798 323 aar

97 415 150 486 qui
164 429 293 468 sororem
311 420 557 485 comtemneret,
578 416 666 470 alteri
684 415 746 470 uiro
763 415 885 482 nubemt,
913 413 940 466 si
966 412 1069 467 mulier
1094 411 1257 481 infirmitate
1284 416 1415 481 correpta
1440 428 1496 465 non
1520 411 1643 466 caluerit
1664 411 1726 466 ciro
1751 412 1800 466 de-

102 500 245 555 continere
272 501 368 558 nollet.
418 501 516 556 Refert
543 501 597 557 lroc
624 501 766 556 deemtum
791 499 939 556 mirariue
965 499 1051 553 mium
1067 501 1195 565 reddere,
1213 498 1285 568 quid
1303 499 1365 567 ejus
1383 497 1477 559 iaciat
1496 497 1676 568 conjugaleis!
1701 498 1800 552 bonum

98 585 251 643 Gratianus
264 603 288 642 c.
316 584 497 642 Concubuisti
509 591 560 642 etc
573 591 614 642 32.
632 604 658 659 q.
679 594 702 642 7.
717 586 745 641 in
759 587 828 642 haec
841 586 939 642 verba:
964 592 1043 654 meet,
1061 585 1088 639 ri
1104 585 1146 638 sic
1159 591 1347 654 permaneret,
1365 591 1396 638 ut
1412 584 1597 638 abstinentiae
1606 590 1728 653 uacaret,
1749 585 1801 638 red
1813 584 1866 628 bil
1880 582 1924 627 ¹³¹·

99 673 282 729 Oanmbtriets'
309 691 370 728 cum
402 691 498 730 acrore
528 675 625 728 uaeris
656 675 746 730 tunel
772 675 800 728 ci
830 673 934 740 fecisti,
963 671 1032 740 quia
1049 669 1101 725 boc
1114 688 1278 739 mapnorum
1294 678 1342 740 est,
1359 669 1410 724 ille
1421 671 1471 740 qui
1486 686 1542 723 nan
1552 670 1799 741 poteritraconti·

97 767 225 814 nsutram
245 759 362 824 babeat,
390 767 418 817 et
436 761 464 814 si
482 760 553 828 iila,
573 776 645 829 quae
661 776 734 815 uror
759 767 809 814 tua
836 758 934 824 fueri,
962 773 1037 821 nere,
1055 757 1141 810 nubat
1156 757 1256 826 mapc'e,
1274 774 1331 811 non
1348 763 1439 810 tamen
1458 757 1486 810 ei
1503 755 1626 810 rubeidii
1641 772 1721 825 opem
1737 758 1799 810 sub·

96 847 212 905 coneda
229 847 347 901 scelmis
365 847 512 911 nonfuit,
542 848 569 901 si
585 862 615 900 re
633 845 773 901 continere
792 863 849 917 nan
868 846 934 910 ruit,
952 842 1070 906 trabat,
1089 859 1174 912 queam
1193 841 1346 906 infirmitat
1360 843 1523 913 praepedit,
1540 858 1595 894 non
1616 847 1709 896 tamen
1727 845 1799 897 dete·

98 932 184 986 nubm
202 932 233 985 in
250 933 384 1001 Domino,
403 933 451 986 cui
466 933 540 988 uelit.
579 935 623 986 Tu
639 939 731 986 autem
757 940 783 986 et
801 933 934 986 adultera
961 928 1073 983 stabilis
1091 929 1178 998 culpa
1195 928 1328 983 secludit.
1363 926 1430 995 (Ubi
1449 932 1529 993 uota,
1554 944 1605 982 nos
1622 944 1799 1000 nequaquam

96 1018 158 1072 erne
178 1035 228 1089 epe
245 1019 374 1087 coniupii
385 1019 577 1091 permaneatis
595 1026 628 1083 et,
645 1018 783 1088 quamdiu
799 1018 933 1082 vireta,
960 1014 1033 1071 hauc
1052 1013 1181 1085 Gregorii
1203 1013 1370 1070 decisionem
1387 1013 1514 1085 probare,
1536 1014 1604 1085 quin
1624 1014 1718 1085 potius
1736 1031 1799 1070 cum

89 1107 178 1175 jueta
208 1112 392 1173 praeceptum
423 1106 580 1159 secedatis
612 1104 813 1175 poenitentiam
849 1104 932 1173 cpite.
961 1099 1094 1156 Gratiano
1118 1100 1251 1164 dicimus,
1278 1101 1355 1155 iilud
1380 1101 1471 1155 sacris
1488 1101 1642 1154 canonibus
1662 1119 1697 1155 ac
1715 1117 1798 1156 man-

96 1190 208 1262 Excipit
229 1189 418 1246 Bellarminus
446 1190 515 1246 satis
533 1190 667 1246 audacter
690 1197 718 1246 et
736 1189 934 1262 imprudenter,
960 1186 1067 1256 pelices
1085 1194 1112 1240 et
1128 1186 1303 1257 apostalicae
1321 1187 1468 1242 doctrinas
1484 1186 1597 1256 penitus
1615 1187 1737 1241 inveniri
1747 1190 1798 1242 ad·

99 1277 320 1346 intellipendnm
338 1292 396 1330 esse
416 1277 585 1346 conjupium,
604 1279 681 1347 quod
694 1277 778 1345 parti
795 1277 935 1329 innocenti
960 1289 1078 1341 emtum,
1096 1272 1146 1326 sed
1165 1271 1236 1326 illud
1254 1275 1363 1326 tautum
1382 1289 1420 1327 er
1435 1288 1468 1327 eo
1487 1271 1625 1343 colligere,
1642 1272 1717 1344 quod
1730 1271 1797 1328 Gra·

97 1363 261 1417 conceditur
272 1370 339 1433 port
357 1370 473 1417 mortem
488 1362 602 1431 prioris
620 1363 755 1431 ceniupie.
792 1362 833 1417 At
849 1361 933 1431 hujus
962 1357 1056 1430 gorius
1071 1358 1256 1429 Judicarerit,
1283 1358 1407 1430 conjugii
1425 1359 1567 1413 vinculum
1584 1358 1613 1411 in
1631 1358 1798 1430 quibusdam

96 1447 267 1518 exceptionis
279 1447 387 1502 nullum
401 1447 436 1521 ‚in
448 1448 559 1502 decreto
571 1447 727 1519 vestigium,
745 1464 837 1519 neque
853 1464 887 1503 ea
898 1448 934 1503 de
960 1443 1072 1498 casibus
1090 1443 1202 1498 dissolvi
1221 1458 1316 1513 poteo,
1346 1444 1385 1498 lta
1404 1450 1437 1499 ut
1453 1445 1526 1515 parii
1544 1443 1702 1514 innocenti,
1727 1460 1799 1517 quae

98 1551 129 1589 re
145 1533 297 1590 Zachauae
316 1535 442 1606 quaestio
458 1535 602 1605 proposita
619 1541 687 1602 erat,
708 1551 799 1607 neque
817 1533 875 1588 ulla
892 1550 933 1589 re·
960 1545 990 1584 se
1015 1528 1158 1584 continere
1184 1529 1296 1600 nequit,
1321 1529 1397 1583 uliud
1415 1530 1620 1585 matrimonium
1637 1530 1799 1587 contrahere

96 1620 227 1692 quirebat
258 1621 407 1677 necessitas
432 1638 490 1677 rem
513 1637 547 1675 ex
572 1619 723 1692 Scripturis
754 1620 933 1682 notissimam,
960 1615 996 1669 sit
1012 1613 1138 1682 licitum.)
1175 1613 1361 1670 Bellarminus
1380 1615 1497 1685 excipit,
1517 1617 1645 1670 macres
1664 1617 1735 1670 lunc
1752 1634 1799 1670 ca-

95 1706 228 1762 videlicet
256 1705 332 1777 quod
360 1712 425 1777 post
449 1711 565 1762 mortem
593 1707 721 1778 nouJugie
741 1706 856 1777 nuptiae
878 1705 935 1759 sint
959 1718 1058 1756 nonem
1077 1701 1235 1770 intellipere
1249 1702 1285 1754 de
1300 1702 1486 1769 cepritudine,
1507 1718 1579 1770 quae
1592 1704 1690 1756 reddit
1700 1703 1798 1757 maic-

95 1790 203 1860 liaitae,
229 1791 350 1846 definue.
384 1791 570 1846 Bellarminus
595 1791 657 1864 ipse
677 1809 739 1863 cap.
770 1797 808 1848 lb.
832 1790 935 1846 refellit
959 1805 1017 1841 rem
1032 1788 1163 1857 ineptam
1180 1789 1222 1840 ad
1236 1787 1415 1856 caniupr‘um,
1446 1795 1474 1841 et
1489 1788 1611 1856 perinde
1624 1788 1662 1842 rit
1679 1788 1798 1857 impedi-

95 1875 275 1945 Durandum,
291 1876 338 1947 qui
356 1876 467 1944 statuit,
494 1876 636 1931 Gbrrturm
661 1877 741 1947 loqui
759 1878 840 1947 apud
856 1877 933 1930 Mat-
960 1882 1081 1928 mentum
1109 1873 1245 1926 dirimens
1263 1880 1438 1929 contractum
1456 1874 1671 1931 matrimonium.
1709 1876 1797 1946 Atqui

96 1962 208 2017 tbaerem
216 1961 618 2032 praesupponitalepeueteri,
632 1979 705 2032 quac
714 1964 838 2032 jubebat,
851 1962 933 2016 adul-
960 1958 1036 2014 aliud
1059 1963 1103 2021 est
1125 1958 1266 2029 frigiditas
1291 1963 1320 2014 et
1345 1958 1520 2023 inhabilitas‚
1543 1960 1620 2014 alind
1639 1976 1704 2015 vero
1724 1959 1797 2016 infir·

95 2055 175 2102 teras
194 2047 295 2114 occidi,
311 2048 365 2101 lac
382 2047 455 2100 mum
472 2047 531 2114 laps
551 2055 666 2105 ramata
683 2048 785 2102 licebat
800 2048 831 2102 in
847 2064 934 2102 cauea
961 2045 1056 2114 mins,
1077 2044 1214 2116 quidquid
1232 2044 1277 2112 eit,
1296 2051 1391 2099 manet
1408 2045 1518 2100 interim
1533 2044 1612 2114 illud,
1631 2044 1797 2118 Gregorium

93 2127 299 2196 fornicationis
315 2149 431 2187 uxorem
449 2133 591 2187 dimittere
612 2141 638 2187 et
652 2134 741 2188 aliam
753 2135 863 2189 ducere.
894 2133 935 2187 At
958 2130 1112 2202 judicasse,
1139 2130 1214 2203 quod
1239 2132 1269 2184 iu
1289 2131 1409 2202 quodem
1429 2147 1497 2185 casu
1512 2130 1654 2211 vinagium
1671 2132 1796 2205 conjugii

95 2218 187 2290 inquit
212 2218 410 2288 Bellarminus,
434 2237 489 2274 non
512 2226 629 2288 poterat
653 2235 712 2273 erse
729 2219 871 2289 pasnadio,
896 2238 933 2274 an
960 2216 1075 2271 diuelri
1087 2216 1182 2287 possit.
1210 2215 1287 2272 Libr.
1300 2222 1323 2272 t.
1343 2216 1379 2271 de
1392 2215 1470 2273 Rom
1490 2214 1589 2286 pontii.
1602 2233 1662 2287 cap.
1678 2221 1719 2275 ll.
1733 2232 1798 2273 ean·

93 2306 194 2358 liceret
220 2321 309 2358 acore
328 2305 362 2359 cb
379 2304 552 2360 adelarium
568 2303 701 2373 lapidata
718 2305 807 2359 aliam
826 2305 934 2360 ducere.
961 2303 1024 2357 dem
1050 2301 1240 2371 exceptionem
1258 2300 1444 2356 Bellarminus
1461 2301 1576 2371 repetit,
1600 2302 1675 2373 quod
1694 2300 1799 2358 scilicet

95 2389 202 2445 Eodem
216 2390 299 2444 modo
317 2406 367 2444 nos
386 2389 586 2460 respondemus
603 2388 785 2456 Bellarmino,
809 2407 864 2445 nou
881 2405 933 2460 po·
960 2386 1113 2458 Gregorius
1131 2392 1199 2457 agat
1216 2401 1273 2441 nou
1293 2386 1328 2442 de
1346 2403 1512 2456 quacunque
1526 2386 1727 2453 imbecillitate,
1747 2388 1797 2443 sad

96 2482 170 2530 terat
185 2491 245 2530 essa
263 2475 399 2546 quaestio,
417 2491 454 2530 sn
474 2476 569 2531 liceret
587 2492 672 2531 uxore
691 2480 755 2546 post
765 2475 931 2531 adulterium
960 2474 996 2529 de
1019 2473 1184 2544 impotentia
1206 2480 1345 2541 perpetua
1370 2480 1396 2526 et
1413 2473 1543 2526 naturali
1548 2512 1555 2536 ,
1580 2490 1732 2544 perquam
1754 2479 1797 2530 est

96 2566 205 2616 mortua
228 2560 310 2615 aliam
330 2560 440 2615 ducere.
482 2559 549 2630 Ipsa
568 2560 673 2616 decreti
692 2560 778 2617 verbs
796 2561 933 2633 exceptio·
959 2558 1054 2630 inepta
1078 2559 1114 2613 ud
1134 2556 1297 2635 conjugium
1313 2557 1418 2612 mulier.
1465 2558 1570 2612 Videns
1596 2568 1688 2614 eutem
1714 2560 1798 2630 hujus

96 2662 160 2703 nem
176 2644 338 2701 Bellarmini
361 2645 519 2703 excludunt
551 2645 696 2712 Quomodo
721 2647 794 2703 enim
814 2647 849 2702 de
869 2664 933 2702 con·
959 2644 1084 2716 responsi
1096 2644 1139 2699 sui
1155 2642 1352 2711 infirmitatem,
1372 2643 1466 2699 statim
1478 2643 1605 2715 suincit:
1626 2645 1686 2699 Sed
1698 2655 1797 2701 contra

92 2731 174 2804 jugia
191 2734 387 2802 postmortem
404 2730 525 2786 adulteri
537 2733 689 2802 repetendo
701 2732 819 2804 intelligi
831 2739 933 2804 potest,
959 2733 1011 2785 boc
1027 2738 1080 2800 eat,
1107 2731 1185 2800 qreod
1206 2730 1363 2799 Greporius
1385 2730 1497 2785 uidetur
1510 2731 1657 2800 judicare,
1672 2732 1799 2801 primurn

65 2812 70 2819 ’
95 2816 171 2889 quod
193 2816 355 2872 conceditur
379 2816 454 2887 parti
477 2816 615 2872 innocenti
633 2816 739 2890 nubere
756 2818 785 2872 in
804 2819 932 2885 Domino,
956 2816 1048 2882 faiam
1072 2833 1168 2870 rerum
1190 2816 1397 2870 matrimonium
1419 2823 1445 2870 et
1471 2833 1529 2871 nan
1549 2823 1608 2871 tam
1624 2818 1796 2887 solvendum,

96 2903 163 2956 dum
185 2901 296 2958 adulter
319 2901 493 2957 intcstuoeus
519 2907 614 2957 manet
637 2902 697 2958 sine
719 2920 770 2975 epe
788 2902 931 2975 conjugii?
958 2921 1042 2974 queam
1068 2903 1095 2957 ei
1114 2904 1269 2957 secundum
1296 2904 1560 2974 neperaddendum,
1590 2902 1689 2957 scribit
1714 2906 1797 2970 enim,

93 3005 161 3044 num
179 2987 288 3043 adulter
306 3004 417 3045 manem
434 2988 549 3058 iubetur
566 2989 626 3045 siue
642 3004 692 3061 spe
707 2991 840 3062 conjugii,
856 2998 931 3062 post·
957 3007 1013 3043 non
1033 2989 1132 3042 debere
1144 2988 1235 3041 cirum
1253 2987 1387 3057 apriare
1398 3005 1487 3042 arere
1499 2989 1656 3043 nebridium
1667 2991 1796 3057 auferre,

94 3091 179 3146 qnam
207 3072 289 3130 deaiit
312 3089 395 3144 posse
420 3074 623 3131 matrimonium
650 3081 813 3132 contraham
836 3075 865 3130 in
888 3093 930 3132 se·
957 3076 991 3129 id
1006 3081 1047 3129 eet
1064 3074 1164 3130 debem
1182 3090 1243 3128 eam
1263 3073 1356 3127 cabaa
1374 3082 1406 3128 ut
1425 3091 1537 3129 unoren
1556 3075 1634 3129 alere
1653 3084 1679 3130 et
1691 3083 1797 3131 eusten-

92 3160 211 3232 pulcro?
229 3158 426 3215 Consideretur
438 3159 521 3216 etiam
533 3159 604 3232 legis
615 3161 695 3227 ratio,
712 3163 739 3216 si
749 3178 778 3216 re
790 3162 931 3218 continere
956 3168 1027 3227 tare,
1036 3160 1102 3214 ideo
1110 3166 1206 3229 poscet
1218 3159 1302 3213 etiam
1315 3159 1375 3214 dici
1382 3177 1445 3213 cum
1452 3160 1548 3227 plocen
1558 3161 1588 3215 in
1597 3162 1644 3218 32.
1655 3170 1761 3230 quaest.
1773 3167 1796 3217 7.

93 3263 150 3301 non
158 3253 260 3318 potest,
269 3246 365 3299 nubat.
382 3245 469 3316 Atqui
478 3244 537 3300 lieri
547 3251 647 3317 potest,
656 3252 689 3303 nt
697 3264 727 3304 se
735 3248 875 3304 continere
883 3262 929 3303 ne
955 3246 1113 3316 pmtificem
1134 3248 1206 3299 darc
1222 3245 1380 3314 consilium,
1397 3263 1453 3299 nan
1462 3255 1654 3315 praeceptum,
1674 3257 1706 3301 ut
1723 3265 1794 3317 eam,

93 3337 196 3404 queat,
217 3331 284 3385 dum
301 3331 411 3385 adulter
429 3330 523 3386 adhuc
540 3332 569 3386 in
587 3332 658 3387 viris
678 3339 728 3389 est.
764 3332 931 3390 (lancaistre
957 3347 1029 3401 prae
1045 3331 1193 3386 ridebatur
1210 3330 1301 3393 fuisse
1317 3348 1397 3400 uror,
1418 3332 1511 3384 adbuc
1528 3340 1668 3401 smtentet,
1686 3334 1713 3386 si
1726 3353 1794 3404 pro·

94 3434 149 3472 non
169 3417 209 3471 ita
228 3415 432 3488 periricnerunt
447 3414 580 3487 stentem,
600 3417 664 3472 ideo
682 3417 763 3474 aliter
781 3419 930 3491 excipiunt,
955 3417 1081 3473 ridentia
1105 3416 1196 3487 ipsine
1218 3416 1355 3486 indipeat.
1402 3415 1437 3471 Iu
1460 3417 1600 3486 prioribus
1625 3418 1794 3477 editionibus

90 3521 147 3559 non
169 3505 205 3557 de
229 3502 371 3557 adrelterio
386 3500 529 3574 eimplice‚
551 3506 603 3558 sed
618 3505 774 3559 incertucse
795 3520 854 3559 esee
871 3521 929 3560 ser·
956 3503 1081 3572 additur,
1110 3502 1279 3570 Greporium
1298 3518 1331 3557 ea
1348 3504 1512 3572 ipnorantia
1528 3504 1574 3558 bic
1592 3519 1718 3570 masse,
1746 3507 1795 3562 sed

89 3603 207 3650 manem,
224 3587 254 3641 in
273 3604 328 3656 quo
346 3586 455 3642 licitum
473 3587 511 3642 eit
524 3588 611 3657 parti
628 3589 769 3643 innocenti
778 3590 862 3644 aliud
871 3608 928 3644 ma·
956 3587 984 3643 in
1007 3587 1175 3643 editionibus
1198 3587 1396 3658 posterioribus
1424 3587 1494 3642 illud
1518 3587 1574 3642 tuit
1591 3589 1736 3659 omissum,
1760 3609 1794 3647 ex

89 3672 261 3737 trimetriam,
279 3689 341 3727 crem
358 3673 440 3728 nulla
457 3673 699 3729 reconciliationis
718 3690 782 3744 epse
800 3677 927 3744 supersit.
956 3691 1012 3747 quo
1037 3680 1168 3745 apparet,
1193 3674 1362 3730 Bellarmino
1389 3690 1491 3746 aquam
1507 3674 1637 3731 haeaime.
1675 3680 1699 3731 2.
1723 3677 1794 3732 Gon-

92 3757 181 3830 Atqni
203 3757 380 3813 nihilomiuus
406 3757 517 3813 firmum
543 3763 652 3827 manet,
683 3761 757 3830 quod
779 3760 929 3831 aliquando
956 3760 1086 3814 cilionem
1111 3761 1225 3814 decreta
1244 3759 1274 3813 in
1292 3761 1355 3829 jure
1373 3759 1507 3814 canonico
1527 3761 1684 3830 approbata
1704 3768 1732 3817 et
1749 3779 1794 3818 aa·

91 3843 233 3899 vinculum
250 3843 418 3899 matrimonii
435 3845 559 3900 solvatur
576 3861 609 3901 ae
629 3845 746 3916 proinde
764 3845 929 3903 fundamen-
957 3843 1093 3900 uonisatn.
1131 3843 1282 3899 Gratianus
1305 3844 1334 3897 in
1354 3859 1429 3898 cans.
1457 3849 1485 3899 et
1502 3852 1611 3914 quaest.
1630 3846 1727 3902 iisdem
1745 3849 1793 3903 ad·

91 3936 152 3984 tum
171 3928 309 3999 opinionis
327 3929 467 3993 adversae,
486 3928 561 4000 quod
577 3929 607 3984 in
625 3929 755 3985 absoluta
773 3931 876 3987 vinculi
888 3933 928 3987 in·
956 3930 1034 3986 ducit
1068 3937 1090 3985 l.
1120 3930 1263 3985 decretum
1298 3930 1406 3985 aoncilii
1442 3931 1598 3986 Elibertini
1633 3933 1793 4002 permittens

91 4013 305 4070 dissolubilium
331 4019 360 4070 et
381 4014 545 4070 mmameuti
560 4013 691 4071 firmitate
709 4016 847 4086 consistit,
878 4016 930 4073 erit
956 4015 1062 4083 marito,
1082 4022 1114 4070 ut
1130 4015 1242 4084 ebJecta
1258 4032 1353 4084 uxore,
1380 4034 1451 4088 quae
1470 4033 1533 4072 cum
1547 4018 1633 4073 fratre
1652 4020 1743 4074 mariti
1762 4037 1793 4076 se

91 4101 246 4156 subrutum.
285 4096 379 4155 Sixtus
402 4098 531 4155 Senensis
552 4099 579 4157 d.
604 4100 622 4156 l.
649 4101 699 4157 dat
721 4101 811 4157 rictas
829 4118 928 4158 manus
956 4102 1135 4166 commiscuit,
1146 4103 1259 4156 altemm
1274 4102 1365 4159 ducat.
1382 4120 1407 4158 c.
1420 4101 1562 4166 Quaedam
1575 4109 1628 4161 etc.
1656 4111 1678 4161 2.
1690 4105 1791 4163 Decre-

89 4201 124 4240 ac
152 4184 315 4241 Zaclueriam
344 4190 475 4241 accenset
503 4183 574 4253 illis,
615 4185 662 4256 qui
693 4185 750 4241 tale
779 4190 929 4257 repudient
956 4192 1014 4242 tum
1033 4186 1143 4242 mucilii
1166 4188 1363 4253 Triburicnsis,
1383 4189 1427 4242 vel
1446 4189 1536 4243 utalii
1557 4190 1656 4260 legunt
1676 4192 1789 4246 Tribur·

90 4273 191 4341 moad
208 4270 351 4326 uinculum
366 4271 556 4341 permiscrtmt
577 4280 603 4327 ct
620 4274 760 4328 interdum
772 4274 930 4343 jusserunt,
955 4273 1022 4340 tini,
1039 4272 1136 4328 itidem
1154 4274 1317 4343 permittens
1338 4275 1411 4342 siro,
1432 4274 1479 4343 qui
1499 4292 1611 4331 uxorem
1628 4293 1645 4331 a
1662 4277 1790 4348 privigno

86 4356 279 4428 peremptas
295 4373 380 4425 super
397 4357 467 4413 baec
479 4358 670 4415 sandionibue
688 4365 715 4415 et
727 4359 855 4429 deorum
873 4377 930 4416 non
955 4374 1140 4429 compressam
1157 4359 1307 4429 dimiserat,
1327 4367 1359 4415 ut
1370 4361 1486 4415 alteram
1503 4361 1623 4432 accipiat
1634 4363 1790 4434 conjugem,

88 4442 201 4512 quidem
227 4443 405 4510 praecibus
433 4450 460 4496 et
481 4445 644 4515 perpetum,
673 4447 726 4500 sed
748 4447 790 4500 ad
813 4454 931 4516 temper,
956 4461 979 4502 c.
991 4443 1019 4500 Si
1032 4444 1094 4515 quis
1107 4451 1160 4502 etc.
1185 4445 1283 4502 Verba
1297 4446 1442 4519 utriusque
1459 4447 1573 4502 canonis
1592 4447 1791 4504 etBellarmini

88 4529 174 4597 idque
191 4527 276 4581 certic
292 4526 453 4583 nationibue
470 4544 505 4582 ac
525 4529 667 4596 gentibue,
691 4539 717 4585 et
735 4531 765 4584 in
783 4531 929 4586 incertibm
955 4530 1093 4587 elusiones
1110 4531 1276 4586 adduximus
1293 4533 1428 4601 superine.
1468 4539 1493 4591 3.
1513 4533 1664 4588 Decretum
1682 4534 1792 4590 concilii

88 4621 196 4668 tantam
215 4620 299 4682 atque
317 4613 387 4667 aliie
405 4614 574 4683 quibusdam
592 4617 734 4671 atrocibus
745 4617 877 4688 ,dapitiia
894 4637 929 4672 ne
956 4616 1183 4686 Mopuntinensre
1197 4634 1218 4672 c.
1231 4616 1336 4688 Siquis
1348 4623 1400 4673 eta.
1415 4617 1540 4688 ejusdem
1552 4619 1663 4674 omnino
1680 4626 1789 4675 senteu-

91 4699 175 4768 lanpe
188 4701 295 4768 pejora
308 4699 491 4770 turpioraque
503 4709 734 4773 perpetrarentur
752 4703 788 4756 ab
799 4703 850 4770 tis,
880 4706 930 4772 qui
953 4701 1010 4757 tiae
1045 4717 1106 4757 esse
1140 4719 1203 4757 cum
1235 4703 1373 4773 prioribus
1403 4703 1501 4759 statuit
1531 4704 1623 4760 Sixtus
1654 4703 1791 4761 Senensis.

90 4792 149 4839 tam
164 4785 255 4849 foeda
275 4785 410 4852 coninpia
427 4787 550 4841 rolmara
569 4804 625 4842 non
637 4794 783 4856 poterant,
802 4804 853 4858 pro
872 4805 927 4858 quo
953 4791 979 4844 3.
1005 4789 1125 4842 Petrum
1159 4789 1238 4842 dicta
1276 4789 1306 4844 in
1330 4790 1395 4858 jure
1422 4791 1553 4845 canonico
1581 4790 1743 4860 approbata.
1767 4807 1790 4847 c.

27 4872 30 4878 ’
93 4868 204 4927 liberali
229 4876 258 4925 et
280 4869 400 4942 ingenuo
423 4887 556 4943 responso
577 4872 692 4930 Senensi
718 4873 824 4930 debitus
850 4891 928 4946 repe·
953 4873 1031 4930 Uxor
1042 4878 1094 4929 etc.
1111 4889 1185 4928 caus.
1199 4882 1228 4929 et
1239 4880 1346 4946 quaest
1356 4875 1419 4930 iisd.
1432 4875 1580 4931 adducitur
1600 4875 1704 4932 dictum
1724 4878 1790 4932 Am·

91 4955 182 5011 nimus
200 4955 306 5027 gratias
326 4960 354 5011 et
374 4957 523 5014 candorem
543 4959 602 5029 ejus
620 4975 688 5029 prae
699 4958 860 5015 Bellarmini
878 4961 928 5015 im·
955 4959 1053 5027 brorir',
1080 4957 1111 5013 in
1129 4976 1183 5029 quo
1208 4960 1267 5014 tiro
1293 4960 1460 5030 permittitur
1477 4966 1541 5030 post
1558 4960 1705 5017 divortium
1724 4963 1792 5034 legi-

89 5040 224 5114 pudentia
241 5041 471 5099 commendamus.
515 5049 539 5099 l.
558 5043 710 5115 Gregorius
730 5044 783 5106 111.
803 5046 832 5101 in
849 5046 927 5117 epist.
954 5046 1021 5103 time
1045 5045 1151 5101 factum
1176 5046 1291 5102 alteram
1315 5046 1425 5103 ducere.
1461 5047 1554 5103 Sixtus
1575 5048 1705 5105 Senensis
1723 5050 1791 5105 Ter-

88 5127 127 5183 ad
157 5125 332 5183 Boniiacium
367 5124 495 5185 concedit
531 5133 682 5186 secundum
719 5132 928 5189 matrimonium
955 5130 1064 5186 tulliani
1095 5136 1124 5186 et
1146 5132 1286 5187 Ambrosii
1313 5132 1477 5203 suffragium
1505 5133 1585 5190 nobis
1613 5136 1731 5208 largitur
1758 5152 1791 5191 ac

88 5212 204 5268 cuidam
239 5214 300 5268 uiro
339 5215 373 5269 ob
404 5216 611 5285 aspritudinem
652 5217 781 5286 coniupie
808 5219 928 5286 prioris.
953 5217 1056 5273 diserte
1084 5216 1176 5289 addit,
1211 5218 1241 5272 in
1272 5219 1325 5272 bac
1352 5219 1490 5272 sententia
1511 5220 1642 5291 plerique
1669 5228 1791 5276 ocimum

89 5300 165 5369 lirgo
184 5315 239 5353 non
255 5298 400 5368 judicarit,
422 5300 590 5359 matrimonii
607 5301 751 5357 vinculum
771 5320 832 5358 esse
850 5304 926 5373 peni·
951 5303 1042 5369 fuiesc
1056 5311 1201 5373 putantur.
1238 5302 1421 5360 Oovamurias
1439 5303 1540 5360 multoe
1560 5312 1715 5369 euummat,
1739 5305 1787 5377 qui

87 5393 134 5441 tus
160 5382 358 5441 indissolubile.
400 5385 499 5443 Exstat
516 5386 658 5443 decretum
678 5403 701 5444 c.
720 5388 802 5453 Quod
825 5405 926 5459 propo·
951 5394 1074 5445 noemam
1106 5388 1308 5459 amplectantur
1338 5389 1512 5446 seutentiam.
1560 5397 1584 5448 t.
1611 5393 1789 5460 Scnptorum

90 5468 172 5525 suisti
183 5473 236 5527 etc.
252 5486 327 5528 caua
346 5477 375 5527 et
386 5476 492 5542 quaest.
511 5472 585 5528 iisd:
608 5472 690 5536 Quod
697 5475 881 5544 proporm'eti,
899 5476 926 5528 si
953 5478 1139 5530 recentiorum
1168 5475 1325 5544 suffrapia:
1360 5478 1383 5528 1.
1411 5477 1550 5533 arama
1576 5478 1605 5530 in
1631 5474 1723 5533 annotss
1750 5479 1787 5535 ad

1405 5580 1461 5633 25*
