4028 6030
245 228 263 283 4
824 215 948 275 Locus
966 213 1170 275 vitamus
1187 215 1356 284 QUINTUS

245 372 431 439 sanctium,
462 372 609 443 purissima
628 378 657 427 et
674 389 787 444 prorsus
806 370 984 427 immaculata
1004 369 1072 425 duc·
1101 370 1233 430 sss'eroe'ee
1257 390 1293 429 cx
1315 373 1411 429 divine
1433 370 1604 426 iheh'tufione
1627 374 1656 426 et
1672 367 1782 441 legibus
1800 365 1932 425 divinitus

245 476 305 513 rum
318 459 347 513 in
363 475 420 513 una
433 474 514 514 earne
528 458 701 530 conjunctim
720 458 769 515 sed
782 465 846 529 post
864 458 972 529 lapsum
985 471 1075 511 acees-
1101 460 1284 532 promulgatis
1295 459 1430 531 pendens,
1448 475 1533 529 quare
1545 456 1664 512 ministri
1674 454 1815 524 eceledae,
1834 456 1931 523 utpote

1102 545 1203 617 quibus
1222 546 1374 600 animarum
1392 560 1426 599 ac
1448 543 1676 599 conscientiarum
1700 558 1768 597 cura
1793 545 1836 596 est
1860 553 1934 593 com·

246 648 300 684 non
320 631 430 701 quidem
448 631 534 702 ipsius
553 631 655 686 ordinis
674 631 837 704 dignitatem
855 638 883 686 et
900 629 1076 685 sanctitatem
1103 633 1195 696 missa,
1213 649 1230 686 a
1247 649 1393 686 oausmum
1404 630 1647 686 matrimonialium
1667 626 1867 700 dijudicatione
1878 640 1934 678 non

246 714 424 777 labefactant
441 716 551 772 interim
569 716 754 789 generationis
773 732 841 787 opus
859 715 888 768 in
907 713 1073 785 conjugibus
1101 722 1217 787 possunt
1231 717 1392 788 simpliciter
1403 716 1543 772 removeri.
1572 717 1654 771 Mic
1666 716 1816 784 §mistura
1827 711 1936 766 doctri·

246 803 455 857 commaculant.
485 801 567 856 Hauc
580 803 766 873 cupiditatum
777 801 894 863 circitor
906 799 1008 855 ethnici
1019 816 1075 854 non
1103 819 1158 856 ooe
1187 804 1272 874 hujus
1291 821 1399 857 nonno.
1437 801 1624 874 Quaecunque
1647 803 1676 856 in
1694 817 1773 857 sacra
1792 797 1936 868 Scriptura

246 895 402 959 agnoscunt
419 905 478 944 em
496 895 649 959 limium,
666 889 716 944 *ed
735 905 785 960 pro
804 886 978 943 mtumlibut
995 883 1075 939 incli-
1104 889 1244 946 docentur
1261 898 1289 945 et
1300 894 1500 960 proponuntur,
1517 905 1611 943 eorum
1626 887 1772 960 explicatio
1785 883 1936 955 praecipue

247 974 405 1029 nationibus
424 974 534 1039 habent,
553 975 582 1029 in
602 975 662 1030 sola
680 991 744 1030 vero
759 973 876 1029 ecelesia
894 971 1006 1028 interior
1025 969 1075 1023 illa
1104 977 1139 1031 cd
1164 977 1307 1049 thcclcgce
1335 983 1363 1032 el
1391 975 1524 1031 eccleciae
1546 975 1686 1031 micietrce
1703 974 1831 1045 pertinet
1869 970 1935 1027 Jam

141 1079 143 1083 ’
237 1061 354 1129 Δραοοαῦ
375 1060 451 1115 labes
467 1059 691 1115 etimmundities
703 1058 811 1131 peceati
828 1063 982 1113 accusatum.
1013 1054 1078 1110 Pari
1103 1079 1168 1118 vero
1188 1063 1313 1118 doctrina
1331 1062 1366 1118 de
1383 1061 1555 1117 institutione
1573 1066 1601 1116 et
1621 1060 1731 1133 legibus
1748 1057 1881 1130 conjugii,
1900 1055 1936 1110 de
1988 1048 2000 1061 “

247 1145 353 1200 ratione
373 1146 475 1201 ethnici
496 1163 529 1200 ex
548 1146 609 1216 ipsa
631 1146 794 1217 quotidiana
819 1145 897 1216 praxi
915 1147 1078 1214 agnoscunt,
1105 1149 1288 1219 prohibitione
1301 1149 1448 1220 graduum,
1467 1147 1502 1202 de
1517 1146 1650 1216 diiortiis,
1664 1147 1698 1202 de
1710 1142 1871 1216 polygamia
1882 1148 1958 1195 etc..

251 1231 336 1286 vitam
355 1233 530 1303 conjugalem
547 1231 639 1285 multis
656 1231 795 1287 aerumnis
820 1247 854 1285 ae
872 1228 1003 1285 molestiis
1020 1243 1079 1283 csse
1105 1235 1134 1289 in
1152 1233 1384 1305 manscriptura
1402 1233 1572 1305 proponitur.
1606 1232 1682 1303 Ergo
1696 1232 1770 1286 illius
1788 1226 1936 1300 explicatio

127 1391 135 1403 .
251 1317 411 1383 obnoxiam,
431 1319 480 1374 sed
505 1335 584 1374 veras
602 1317 710 1372 illarum
729 1334 826 1372 causas
845 1321 873 1370 et
891 1315 994 1370 solidas
1013 1329 1079 1368 con-
1106 1326 1135 1376 et
1153 1337 1186 1376 ex
1207 1337 1240 1375 ea
1258 1321 1416 1392 dependam
1436 1336 1581 1375 causam
1603 1315 1845 1373 matrimonialium
1863 1313 1937 1383 diju-

250 1404 397 1459 solationes
415 1405 448 1457 iis
466 1404 645 1474 opponendae
657 1404 818 1474 neutiquam
838 1408 1030 1474 assequuntur,
1050 1399 1079 1454 in
1106 1406 1209 1463 dicatio
1226 1407 1378 1478 praecipue
1395 1406 1432 1462 ad
1449 1406 1594 1478 theologos
1606 1412 1635 1461 et
1646 1402 1781 1461 eccleciae
1797 1401 1937 1456 ministros

250 1490 309 1544 sols
327 1506 391 1545 vero
410 1491 526 1546 ecelesia
544 1490 715 1562 explicantur
734 1505 833 1544 causae
851 1488 959 1542 illarum
974 1486 1080 1541 mireri-
1105 1494 1232 1565 pertinet.
1260 1497 1288 1548 3.
1300 1495 1347 1548 Eo
1353 1493 1444 1563 praei
1456 1493 1618 1548 Obriosooo
1629 1500 1655 1545 ct
1669 1489 1833 1561 apostolico.
1856 1486 1938 1543 Chri·

250 1592 335 1645 mum,
342 1577 416 1648 quod
426 1577 532 1631 scilicet
539 1584 652 1648 propter
661 1576 768 1646 lapsum
777 1575 1007 1646 protoplastorum
1017 1589 1079 1628 eon·
1105 1586 1164 1634 etc.
1181 1579 1278 1635 Meeth,
1294 1586 1324 1648 5,
1350 1598 1376 1634 v,
1395 1585 1437 1636 31,
1454 1587 1483 1634 er
1501 1583 1544 1634 32,
1565 1577 1719 1633 doctrinam
1735 1575 1771 1630 de
1790 1590 1874 1629 causa
1894 1572 1938 1627 di-

161 1668 204 1711 11.
217 1662 362 1734 &jugibus
378 1663 443 1718 illae
463 1663 518 1717 sint
540 1662 684 1733 impositae
704 1661 775 1718 Gen.
795 1666 825 1731 ³,
845 1679 871 1716 v.
893 1665 934 1717 16.
950 1658 1080 1730 quodque
1105 1666 1186 1723 cce-cil
1206 1666 1348 1737 expeciit,
1372 1671 1401 1719 ct
1417 1683 1481 1721 cum
1498 1663 1595 1719 March,
1617 1670 1664 1730 19,
1687 1680 1713 1716 v.
1733 1669 1758 1718 3,
1793 1658 1938 1715 Pharisaei

250 1749 310 1819 pios
339 1752 472 1821 conjuges
495 1751 652 1813 conformes
679 1748 799 1804 reddant
824 1748 944 1817 imooirsi
976 1745 1081 1800 Christi
1104 1752 1291 1825 qmeelichem
1315 1751 1543 1807 mehimchiclem
1567 1749 1603 1804 ed
1633 1765 1697 1805 cum
1714 1747 1861 1815 deferrent,
1880 1761 1936 1800 non

249 1839 326 1890 Rom.
345 1841 369 1903 8,
388 1854 413 1890 ν.
432 1841 473 1890 29.
492 1842 521 1890 et
539 1835 595 1889 sint
613 1834 744 1890 exercitia
763 1834 837 1897 fidei,
857 1831 1016 1905 patientiae,
1034 1831 1077 1886 in-
1104 1839 1201 1909 rejecit
1220 1856 1281 1894 eam
1299 1854 1317 1893 a
1333 1855 1363 1894 se
1381 1838 1417 1893 ad
1436 1837 1643 1909 magistratum,
1667 1834 1739 1890 ocos
1766 1833 1801 1888 de
1827 1830 1938 1887 beredi-

248 1921 411 1986 V00⁸fi0ssi⁸r
442 1921 604 1976 humlliissiit
631 1929 681 1977 eic-
707 1920 854 1975 traduntur
878 1919 961 1975 etim
979 1917 1078 1974 funda·
1104 1925 1169 1980 tatis
1188 1925 1322 1989 divisione
1336 1924 1477 1980 consultus
1489 1922 1562 1980 11ch
1576 1928 1615 1992 12,
1634 1938 1659 1975 v.
1675 1928 1714 1979 lt.
1734 1917 1936 1991 respondebat:

249 2013 343 2064 menta
361 2024 443 2064 serae
468 2014 496 2063 et
522 2007 626 2063 solidae
648 2006 842 2064 consolationis
868 2004 1078 2061 difficultatibus
1105 2013 1196 2066 Hosne
1212 2012 1276 2082 qois
1294 2028 1337 2065 ms
1355 2012 1496 2066 cosroe
1505 2011 1635 2080 jadicem
1652 2017 1702 2063 aut
1720 2007 1871 2062 divisorem
1888 2023 1939 2059 αι·

248 2099 277 2149 et
299 2093 435 2149 aerumnis
468 2095 527 2148 istis
556 2092 749 2164 conjugalibus
776 2091 973 2162 opponendae,
1003 2090 1079 2163 quod
1100 2115 1155 2168 per
1174 2100 1246 2153 occ!
1268 2099 1317 2153 ecd
1333 2098 1449 2153 eolidam
1476 2099 1536 2169 ejus
1560 2094 1770 2167 explicationem
1794 2112 1828 2150 ex
1846 2090 1939 2148 verbis

248 2178 325 2235 Deua
355 2180 409 2251 piis
433 2179 599 2250 e0niueibu=
621 2196 753 2249 craeseus
784 2179 859 2233 adsit
883 2194 917 2232 se
935 2193 1080 2232 aerumnas
1108 2184 1218 2240 uoto
1240 2183 1419 2240 usoooou
1440 2182 1589 2254 procoso
1628 2181 1733 2236 Ρααιαα
1762 2186 1784 2235 1.
1817 2178 1880 2234 cor.
1913 2185 1940 2244 r,

192 2330 195 2335 .
250 2281 344 2320 omnes
356 2266 421 2320 velit
434 2265 570 2337 mitigare,
581 2281 684 2335 aquam
700 2264 886 2319 tribulationis
894 2261 1080 2318 convertendo
1106 2290 1132 2327 v,
1148 2278 1186 2327 ιο,
1205 2277 1319 2342 ereeqq,
1337 2270 1524 2341 quaestionem
1541 2269 1576 2324 dc
1594 2267 1766 2323 matrimonio
1779 2267 1850 2321 inter
1866 2263 1938 2320 fide-

250 2352 279 2406 in
295 2352 389 2406 vinum
402 2351 601 2419 exsultationis,
618 2350 682 2405 Joh.
702 2357 726 2418 2,
746 2367 771 2405 v.
791 2357 814 2407 9.
840 2357 892 2405 etc.
909 2366 965 2420 quo
985 2347 1081 2404 reterri
1106 2358 1159 2413 lem
1179 2363 1207 2413 ct
1226 2356 1365 2412 infidelem
1386 2355 1572 2427 pertractarit,
1610 2353 1645 2409 In
1661 2353 1801 2424 primitiva
1819 2351 1939 2408 ccclesia

250 2445 342 2510 potest
360 2436 429 2491 illud
446 2435 595 2492 Clementis
611 2435 746 2491 Aiefflid.
773 2436 822 2491 lib.
844 2443 865 2493 i.
884 2443 977 2492 strom.
999 2432 1013 2499 ἦ
1033 2437 1079 2486 πί·
1105 2444 1145 2516 pii
1179 2443 1301 2515 epiceopi
1334 2443 1363 2498 in
1393 2442 1503 2498 cuibus
1533 2439 1783 2496 matrimonialibus
1814 2437 1935 2493 consulti

252 2541 308 2585 oric
326 2531 414 2598 κρίσις
435 2521 556 2594 εὔλογος,
575 2521 644 2578 fidet
662 2521 820 2578 Christiana
837 2522 872 2578 lie
894 2522 1020 2579 omnibus
1036 2536 1078 2574 re·
1106 2547 1184 2586 ouem
1209 2548 1243 2585 ex
1266 2529 1351 2584 verbo
1374 2528 1428 2585 Dei
1452 2527 1675 2598 interpoeuemnt
1697 2525 1862 2581 sententiam
1881 2530 1936 2579 ete.

254 2612 305 2666 bus
324 2618 398 2665 recte
412 2609 529 2680 judieat'
541 2614 570 2664 et
588 2608 680 2664 sentit·
1109 2617 1179 2672 Vide
1197 2615 1374 2671 Ambrosium
1393 2615 1441 2670 lib.
1459 2621 1483 2672 8.
1503 2614 1581 2686 epist
1604 2619 1645 2669 66.
1679 2611 1851 2667 Christianus
1869 2627 1937 2683 ergo

126 2692 233 2742 ”imm
290 2704 313 2750 l.
343 2696 408 2768 11³⁸!
424 2695 539 2765 liwifldss
555 2695 704 2750 ”miili-³
724 2694 853 2764 requirite
884 2701 915 2748 nt
940 2710 1003 2747 0¹1⁰]
1020 2690 1082 2747 iffi!
1107 2702 1284 2774 magistratus
1309 2701 1459 2757 eonstitrat
1486 2699 1703 2756 ecclesiasticum
1732 2698 1936 2763 consistorium,

125 2743 227 2835 i'ii‘ii
253 2781 319 2838 fidei
339 2781 510 2837 Christianae
528 2781 651 2836 articulis
669 2781 752 2836 etiam
763 2780 891 2835 doctrina
903 2780 938 2835 de
950 2779 1081 2850 conjugio
1107 2789 1136 2843 m
1155 2806 1209 2859 quc
1229 2795 1257 2843 ee
1275 2786 1478 2842 ecclesiaticae
1503 2794 1532 2841 ct
1549 2785 1678 2855 politicae
1698 2799 1834 2854 personae
1852 2798 1936 2854 prae-

126 2847 231 2889 ”⁸⁸¹⁸⁸'‘
253 2870 282 2924 in
301 2868 417 2924 eeclfflifl
430 2874 563 2922 tractetur
574 2873 603 2923 ei
617 2866 775 2937 militetur·
795 2866 953 2922 montirssiit
970 2866 1043 2921 verit
1055 2871 1082 2921 et
1107 2875 1224 2943 rideant,
1242 2879 1274 2929 ut
1291 2880 1319 2930 et
1336 2872 1522 2929 conscientiae
1538 2888 1589 2943 per
1607 2869 1750 2942 theologos
1768 2877 1797 2926 et
1814 2867 1936 2941 quaesti·

254 2955 349 3010 solidis
365 2954 534 3008 orthodoxae
550 2953 703 3008 sententiae
723 2953 909 3008 fundamentis
928 2969 962 3007 ac
980 2950 1082 3007 retru-
1108 2960 1208 3015 ccihce
1232 2959 1358 3015 civilibus
1381 2975 1432 3030 per
1452 2957 1664 3030 jorieccmultoc
1687 2954 1816 3011 weicheri
1839 2955 1936 3024 poerit,

253 3041 289 3096 tis
299 3041 497 3096 contrariarum
508 3039 668 3110 opinionum
681 3044 709 3094 et
720 3055 842 3093 errorum
854 3037 972 3096 somniis.
999 3037 1083 3093 Cum·
1109 3063 1164 3119 quc
1181 3048 1215 3103 de
1226 3063 1256 3103 re
1267 3047 1296 3102 in
1311 3045 1470 3117 qccmcicne
1483 3045 1517 3101 de
1534 3061 1679 3101 ccmcmm
1694 3042 1938 3098 matrimonialium

253 3129 349 3199 primi!
368 3145 432 3183 vero
448 3144 504 3182 non
522 3125 821 3196 solumjuriseonsultis
841 3132 869 3180 ei
885 3124 1012 3196 politicis,
1032 3125 1081 3179 ted
1105 3133 1202 3204 judice
1219 3132 1271 3188 eub
1282 3131 1364 3189 finem
1381 3132 1465 3203 huju.
1484 3136 1618 3188 minine
1636 3129 1745 3201 plenius
1764 3129 1939 3184 disseremus,

253 3215 336 3269 eiiam
360 3212 496 3284 theologid
519 3217 548 3268 ei
569 3211 703 3268 0013168186
724 3211 855 3265 ministris
873 3211 1022 3276 incumbit,
1051 3217 1084 3265 ut
1110 3220 1193 3274 Ηίεοθ
1207 3222 1422 3294 προλεγομένων
1432 3217 1494 3272 loco
1508 3216 1664 3290 ρηθωὴιίε
1678 3216 1714 3271 ud
1729 3216 1817 3287 ipsam
1829 3213 1939 3269 articuli

254 3300 408 3356 doctrinam
439 3299 519 3354 istam
549 3298 645 3354 sedula
671 3302 698 3352 et
724 3314 841 3369 operosa
867 3296 1012 3369 diligentia
1029 3295 1083 3352 sibi
1108 3307 1190 3378 lmjue
1211 3307 1344 3379 ἐργασίαν
1362 3303 1584 3376 pertractandam
1600 3319 1740 3359 aceessum
1755 3300 1881 3357 facimus.

255 3392 349 3443 notam
366 3386 486 3455 faciant,
512 3389 544 3439 ut
560 3385 597 3439 ad
616 3401 760 3440 causarum
781 3383 1023 3440 matrimonialium
1040 3383 1083 3439 di·

251 3472 451 3544 judicationem
469 3471 587 3527 adhibiti
604 3471 634 3525 in
655 3470 747 3525 dubiis
769 3476 798 3526 et
814 3470 997 3527 contoversis
1014 3470 1083 3526 casi-

254 3560 307 3615 bus
327 3576 393 3615 vera
408 3558 591 3615 fundamenta
607 3575 641 3613 ex
653 3558 737 3613 verbo
748 3557 803 3613 Dei
814 3557 959 3612 ostendere
970 3562 998 3612 et
1015 3573 1079 3614 con·

255 3639 378 3702 scientiis
397 3652 471 3701 recte
488 3645 630 3700 consulere
646 3645 759 3715 possint.
797 3643 929 3710 Quamvis
942 3643 1015 3698 enim
1026 3660 1083 3698 non

254 3750 398 3805 possumus
411 3732 529 3804 probare
540 3739 776 3805 concremaretur,
795 3730 848 3786 hoe
865 3737 908 3786 est
928 3746 1090 3813 perversam
1395 3730 1417 3792 0
1434 3730 1463 3791 Δ
1480 3729 1505 3791 P
1521 3729 1551 3790 U
1568 3729 1593 3789 Τ
1631 3729 1648 3790 Ι
1954 3742 1996 3786 xv.

253 3820 329 3875 illam
346 3818 553 3874 Pontificiorum
570 3819 726 3891 opinionem
743 3834 776 3872 ae
793 3816 899 3888 praxin,
920 3833 975 3882 qua
992 3817 1022 3871 io
1039 3833 1085 3871 so·

256 3923 335 3962 osseo
349 3905 395 3960 hie
411 3910 538 3976 peccant,
557 3904 668 3976 quando
687 3921 790 3958 enasor
806 3903 1028 3957 matrimoniales
1045 3903 1087 3955 od
1150 3890 1220 3952 ΟΝ
1230 3888 1353 3954 OMA
1364 3889 1475 3952 ΤΟΛ
1484 3886 1549 3950 OF
1554 3887 1658 3951 IAN
1682 3881 1896 3950 DOCTRI-

257 3992 403 4056 Μθῑθθῑαθα
427 3992 477 4046 i0⁶
496 3999 536 4046 ⁶⁸2
557 3990 700 4061 Pffllit'fiffl
726 3996 753 4043 ii
776 3990 985 4059 &Pimpmms
1005 3988 1087 4057 judi·
1130 3989 1232 4056 NAE
1263 3989 1328 4056 DE
1359 3984 1619 4057 CONJUGIO
1649 3983 1922 4056 EXPLICAT.

257 4080 330 4135 dom
347 4080 427 4132 onice
448 4096 482 4132 oc
499 4077 682 4147 simpliciter,
711 4077 755 4130 oei
779 4084 852 4130 certe
879 4077 920 4130 od
938 4075 1088 4145 politicum

257 4166 451 4234 mooistrotoro
469 4184 525 4220 ooo
542 4165 626 4219 aliter
645 4164 703 4217 oiri
719 4181 781 4217 com
799 4161 1028 4217 subordinatione
1048 4162 1089 4215 od
1149 4165 1173 4216 8.
1214 4156 1283 4214 Cum
1299 4151 1335 4214 'ex
1352 4158 1511 4230 cognitione
1526 4156 1722 4215 vocabulorum
1739 4155 1777 4210 ad
1793 4154 1880 4225 ipsius
1900 4155 1941 4211 rei

254 4254 414 4326 prinoipem
431 4253 648 4307 ecclesiasticum
662 4252 805 4321 portinere
824 4250 1007 4317 ooooodoos,
1024 4265 1088 4303 con-
1114 4244 1298 4317 cognitionem
1309 4243 1499 4315 provehamur,
1518 4260 1572 4316 quo
1584 4248 1710 4316 respectu
1722 4239 1847 4316 ὀνόματα
1861 4240 1942 4313 quasi

259 4337 353 4394 aihum
372 4337 567 4395 Tridentinum
593 4354 657 4392 sess.
678 4342 716 4392 24.
741 4352 802 4392 can.
829 4340 869 4390 12.
904 4333 1088 4389 Bellarminns
1114 4333 1169 4385 τῶν
1189 4329 1279 4386 ὄντων
1297 4329 1422 4405 νοήματα
1441 4330 1516 4385 dicta
1542 4327 1750 4403 sonibusdam
1770 4327 1941 4405 judicantur,

259 4425 293 4481 de
319 4425 434 4480 munim.
463 4441 525 4495 cap.
550 4428 590 4478 32.
620 4439 692 4492 quae
716 4421 810 4493 opinio
834 4420 932 4475 nititur
949 4420 1022 4475 falsa
1040 4419 1089 4475 ille
1114 4419 1177 4474 ideo
1192 4418 1274 4489 juxta
1292 4421 1453 4473 consuetum
1465 4422 1589 4472 nostrum
1609 4415 1732 4471 ordinem
1751 4413 1787 4469 ab
1805 4413 1941 4484 ὀνοματο-

258 4510 419 4582 hypothesi,
449 4508 524 4581 quod
542 4509 702 4579 conjugium
721 4507 757 4562 sit
775 4513 976 4562 scemmentum
998 4506 1088 4577 qued·
1113 4510 1194 4576 λογίαι
1206 4503 1315 4560 articuli
1325 4503 1409 4576 hujus
1421 4503 1630 4575 explicationem
1647 4501 1792 4569 ordiemur,
1810 4500 1941 4573 adquam

258 4615 312 4668 qus
329 4594 454 4669 pontifici
474 4599 614 4667 competat
632 4600 754 4664 potestas
764 4593 873 4649 ferendi
885 4593 960 4665 leges
979 4593 1086 4649 univer·
1113 4609 1176 4647 cum
1195 4598 1217 4647 t.
1238 4593 1412 4665 irrrpotoyio,
1434 4597 1458 4647 2.
1478 4589 1638 4664 ὁμωνυμία,
1657 4594 1681 4642 3.
1699 4592 1861 4662 συνωνυμία
1879 4605 1940 4659 per·

257 4684 384 4739 ruralem
402 4681 546 4738 ecclesiam
558 4680 714 4753 obligantes
734 4685 762 4734 et
780 4679 959 4750 dispensandi
976 4679 1006 4733 in
1023 4695 1086 4750 gra·
1112 4679 1231 4747 tineent,
1252 4677 1287 4733 de
1307 4677 1424 4749 singulis
1443 4677 1563 4733 breviter
1582 4674 1753 4730 dbseremus.
1792 4681 1813 4730 1.
1828 4672 1939 4748 Ἐτυμα-
1957 4676 2012 4734 l.‘

257 4768 340 4824 dibus
358 4768 453 4825 divino
466 4769 531 4839 jure
546 4765 705 4837 prohibitis;
730 4772 822 4820 tamen
845 4780 897 4819 nec
916 4782 1086 4839 rosoopooo·
1098 4776 1100 4789 ·
1112 4769 1201 4835 λαμία.
1232 4762 1399 4836 conjugium
1410 4762 1545 4820 Hebraeis
1558 4761 1666 4826 dicitur,
1686 4759 1802 4835 mliii„
1823 4760 1940 4832 despon-
1952 4768 1990 4821 μθ

257 4863 326 4911 otoo
342 4855 419 4909 illam
434 4852 588 4925 approbare
601 4868 754 4923 possumus,
773 4869 829 4923 qua
845 4851 1022 4923 magistratum
1035 4867 1087 4921 po-
1112 4851 1196 4920 satio,
1221 4849 1351 4922 nuptiae,
1384 4849 1513 4918 affinitas,
1561 4846 1640 4904 cmc.
1668 4853 1691 4911 3,
1720 4865 1744 4901 v.
1776 4854 1817 4903 11.
1840 4862 1858 4901 a
1881 4847 1939 4902 rad.
1953 4822 2010 4887 νὼ·

257 4943 348 4997 liticus
366 4941 476 4996 excluso
494 4939 644 4994 ministerio
663 4938 849 4994 eeclesiastico
867 4955 1012 4993 musarum
1030 4954 1086 4992 ma-
1112 4938 1174 5010 ltil]
1196 4939 1375 5006 despmssore,
1392 4936 1524 5007 conjurio
1533 4935 1623 5005 iunci,
1642 4934 1811 5000 affinitatem
1830 4942 1939 4987 contro·
1954 4907 2005 4957 Π,

257 5028 452 5085 trimonialium
477 5027 660 5099 coguitionem
689 5033 719 5080 et
742 5025 908 5080 decisionem
934 5024 1014 5080 unice
1033 5023 1086 5080 sibi
1111 5026 1192 5094 ltere;
1224 5029 1372 5093 usurpatur
1397 5027 1506 5078 tantum
1533 5019 1563 5076 in
1597 5025 1696 5093 quarta
1729 5017 1936 5090 conjugatione.

258 5114 387 5170 vindicat
424 5111 504 5178 Quod
537 5113 611 5169 enim
635 5110 768 5167 ecolesma
796 5109 912 5165 ministri
931 5110 969 5164 ad
986 5127 1084 5166 caum
1111 5110 1183 5167 Gen.
1202 5114 1249 5178 ³4,
1268 5125 1293 5164 v.
1311 5113 1342 5165 9:
1365 5109 1503 5186 itt-iths'l,
1523 5102 1941 5174 ooiootiooooisoomjooeoo,

258 5201 472 5257 matrimoniales
503 5199 695 5270 dijudicandas
723 5197 806 5251 etiam
841 5195 991 5251 adhibendi
1020 5197 1083 5260 sint,
1110 5196 1283 5264 affinitatem
1307 5196 1448 5250 oobs'scom
1475 5193 1645 5261 vocotus,
1675 5196 1742 5247 dote
1770 5192 1849 5247 nobis
1857 5192 1941 5260 filios

258 5288 406 5358 probamus
428 5294 451 5344 1.
465 5304 498 5343 ex
517 5286 641 5356 eoojoois'
651 5292 764 5339 rutero.
794 5281 969 5353 eonjugium,
989 5299 1084 5354 qnam·
1095 5242 1098 5331 i
1110 5290 1218 5336 vestrm
1233 5290 1261 5335 st
1268 5282 1351 5352 filios
1364 5290 1476 5339 onorat
1487 5281 1606 5350 occipite
1620 5279 1702 5335 cobis.
1728 5277 1787 5334 Jos.
1800 5283 1841 5346 23,
1852 5295 1876 5334 v.
1895 5283 1941 5333 12:

258 5375 300 5430 vis
318 5393 375 5431 non
393 5375 430 5428 sit
448 5380 648 5428 sacramentum
668 5370 778 5442 proprie
797 5369 911 5434 dictum,
929 5376 1021 5425 tamen
1041 5336 1097 5469 asti
1111 5368 1147 5424 si
1170 5369 1357 5424 adimerat&
1381 5367 1505 5422 residuis
1528 5367 1655 5436 pertibus
1686 5364 1885 5441 nqilililiili,
1916 5373 1942 5418 et

259 5462 330 5517 ritae
349 5467 438 5517 status
456 5446 585 5515 divinitae
604 5458 747 5514 ordinatus
769 5473 802 5512 ac
820 5456 936 5528 proinde
953 5474 999 5512 res
1016 5474 1095 5511 coo·⁸
1112 5455 1280 5521 affinitatem
1289 5472 1342 5525 per
1361 5454 1494 5523 coriopia
1511 5470 1572 5507 curn
1589 5451 1649 5507 illis
1667 5437 1872 5520 coconem-iiis,
1891 5450 1939 5504 ubi

1428 3530 1633 3539 .-..—--——-
