4020 6022
211 315 275 370 rso
464 387 471 393 .
806 303 930 362 rocus
945 303 1151 363 messurus
1166 305 1336 373 ouruuus

218 460 341 514 monium
358 458 495 530 posterius
512 475 563 529 per
579 427 708 530 copulam
730 467 949 515 consummatum
966 458 1051 531 priori
1076 467 1146 530 rato,
1165 462 1215 518 sed
1231 461 1356 518 nondum
1375 465 1578 526 consummato,
1599 461 1634 517 de
1655 477 1713 532 qua
1732 458 1919 515 Bollnrminns

220 555 284 602 rato
308 547 432 603 fortassis
458 547 588 603 anteferri
614 555 721 621 posset,
745 548 813 604 nihil
837 554 929 604 autam
947 547 993 603 hic
1010 552 1049 602 te·
1076 550 1138 606 libr.
1156 548 1191 604 de
1212 548 1329 604 matrim.
1349 565 1411 619 cap.
1431 552 1472 603 24.
1497 544 1524 620 ξ.
1545 548 1596 605 ult.
1620 546 1735 612 scribit,
1757 563 1824 600 eam
1843 547 1918 600 laad

217 651 290 689 merc
311 633 420 707 definio,
440 633 490 690 sed
505 635 730 705 prudentioribus
750 654 783 691 ac
801 637 847 708 pie
860 635 975 691 eruditis
990 652 1049 691 rem
1077 638 1159 692 dabie
1180 655 1238 692 ease
1265 637 1378 707 aliquid
1407 636 1580 706 persertim,
1607 654 1693 706 qnam
1719 636 1915 688 athanatos

215 719 330 775 ulterius
348 721 549 777 aestimandam
565 722 699 795 relinquo,
718 739 801 796 aegre
820 723 892 778 enim
910 740 942 778 eo
962 721 1049 776 addu·
1076 743 1108 779 ec
1138 724 1316 794 sponsalibus
1345 732 1422 789 orta,
1455 722 1530 778 unde
1557 722 1624 777 Pius
1653 722 1688 779 V.
1723 721 1913 785 declaraverit,

215 824 275 876 car,
305 813 336 862 ut
360 813 495 876 statuam,
524 810 727 866 matrimonium
751 811 920 881 praecedens
946 817 1047 873 ratum,
1075 811 1274 866 restrictionem
1299 809 1429 880 publicae
1444 809 1569 881 justitiae
1589 811 1630 864 ad
1641 811 1772 881 primurn
1792 812 1912 878 praem

214 894 290 966 quod
315 911 408 950 coram
426 895 486 950 Deo
507 912 571 950 vere
594 904 637 951 est
655 897 862 951 indissolubilis
879 897 1046 964 conjunctio,
1076 900 1104 952 in
1125 897 1289 953 Tridentino
1303 896 1418 952 concilio
1435 896 1538 952 factam
1554 913 1610 951 non
1629 895 1735 952 babere
1755 895 1911 952 locumnisi

215 982 388 1038 matrimonio
401 982 547 1053 posteriori
559 993 747 1038 consummato
760 983 858 1039 cedere
870 983 978 1039 debere.
1006 983 1047 1036 Eo
1074 985 1103 1039 in
1123 984 1298 1056 sponsalibus
1316 985 1352 1039 de
1369 984 1471 1041 futuro.

215 1069 307 1140 potius
320 1085 466 1124 causarum
482 1070 722 1126 matrimonialium
736 1071 825 1142 judici
836 1070 1047 1142 respiciendum,
1110 1077 1167 1128 658.
1207 1079 1246 1127 1¹.
1267 1072 1302 1126 a·
1318 1072 1359 1125 ris
1375 1072 1491 1140 affinis,
1510 1071 1538 1126 id
1558 1076 1601 1126 est
1617 1069 1754 1136 affinitas,
1772 1085 1848 1140 quae
1865 1085 1947 1140 perti:

215 1161 247 1208 ut
264 1155 385 1210 animum
398 1155 619 1212 contrahentium
638 1157 771 1225 attendat,
788 1173 825 1211 an
838 1157 993 1226 sponsalia,
1012 1174 1047 1211 an
1075 1158 1214 1214 carnalem
1234 1158 1361 1228 copulam
1381 1156 1541 1229 acquiritur.
1574 1155 1621 1212 Sic
1634 1172 1759 1210 sororem
1779 1157 1851 1225 ejus,
1870 1138 1947 1210 oui⁸OE

214 1257 279 1298 vero
296 1244 504 1297 matrimonium
519 1251 613 1297 ratum
624 1244 786 1299 contrahere
800 1244 1047 1314 voluerint,neque
1075 1252 1201 1315 stuprum
1233 1245 1340 1311 intulit,
1373 1246 1437 1315 jure
1472 1243 1606 1298 cmonico
1636 1248 1777 1298 scortator
1812 1242 1910 1298 ducem

169 1336 174 1343 ·
215 1328 288 1382 enim
315 1329 447 1394 arbitror,
471 1347 522 1401 pro
540 1330 712 1385 matrimonio
735 1335 797 1385 rato
823 1329 852 1383 id
878 1329 1047 1399 habendum,
1075 1331 1249 1403 prohibetur,
1280 1331 1323 1384 sin
1349 1347 1410 1385 earn
1437 1330 1535 1399 ducat,
1566 1329 1775 1383 matrimonium
1807 1329 1910 1384 irritum

214 1416 237 1469 si
256 1417 396 1487 sponsalia
422 1424 567 1487 praesente
584 1417 728 1471 sacerdote
745 1422 774 1471 et
796 1416 907 1471 dextm
933 1417 1046 1487 conjun·
1074 1420 1277 1490 pronuntiatur.
1312 1416 1386 1481 Quid
1404 1416 1439 1472 de
1458 1415 1511 1471 hoo
1528 1415 1727 1486 impedimento
1748 1422 1909 1483 statuamus,

214 1509 298 1574 gente
313 1503 524 1569 contrahantur,
548 1521 605 1559 non
624 1505 696 1560 enim
720 1503 828 1559 animus
849 1511 892 1559 est
910 1503 1047 1558 matrimo-
1074 1506 1199 1577 superins
1218 1505 1273 1560 fuit
1290 1504 1454 1575 expositum.
1487 1509 1527 1560 12.
1541 1503 1576 1558 er·
1587 1504 1664 1568 forte
1682 1504 1762 1558 coire
1779 1505 1944 1573 nemrim

214 1590 298 1658 nium,
318 1591 367 1646 sed
385 1592 522 1663 sponsalis
536 1592 697 1652 contrahere
714 1598 743 1648 st
760 1592 796 1647 de
812 1591 957 1646 individua
974 1591 1047 1645 ritae
1074 1594 1103 1648 id
1130 1600 1173 1648 est
1200 1593 1364 1663 impotentia
1389 1590 1517 1646 coeundi.
1566 1588 1611 1644 De
1633 1589 1685 1645 hoc
1710 1569 1947 1669 inpedimento}

214 1677 347 1733 societate
371 1695 421 1733 suo
445 1684 568 1750 tempore
593 1680 655 1748 (nisi
675 1680 742 1751 quid
760 1679 950 1745 intervenerit,
975 1695 1047 1749 quac
1074 1680 1171 1735 scribit
1199 1679 1339 1734 Lutherus
1365 1678 1394 1733 in
1426 1677 1488 1734 libr.
1516 1677 1552 1732 de
1578 1676 1625 1732 vit.
1652 1678 1769 1748 conjug.
1798 1685 1865 1734 tom.
1888 1683 1911 1733 2

215 1764 336 1819 conditio
355 1782 464 1837 semper
480 1765 707 1838 subintelligitur)
726 1765 916 1821 conhabendo
932 1765 1046 1835 promis·
1073 1767 1186 1823 lenens.
1200 1764 1330 1820 German.
1349 1764 1395 1819 fol.
1418 1769 1480 1820 154:
1500 1765 1567 1822 ‘ioci
1584 1763 1616 1833 tt
1632 1763 1673 1818 bis
1691 1763 1910 1835 morigeratior

214 1852 319 1907 sionem
354 1851 454 1911 facere.
493 1858 517 1910 3.
540 1852 605 1907 Sive
633 1852 774 1923 sponsalia
810 1852 961 1920 duntaxat,
989 1851 1047 1905 sive
1074 1853 1180 1922 ssoede
1201 1852 1241 1907 bit
1259 1853 1312 1921 (lte
1338 1865 1369 1921 ru
1386 1850 1520 1920 emetita.
1557 1850 1632 1907 Nota
1649 1855 1757 1915 autem,
1786 1850 1833 1907 hic
1858 1869 1910 1907 non

214 1944 304 1992 ratum
325 1939 529 1994 matrimonium
547 1944 720 1994 contractum
739 1938 837 2008 fuerit,
862 1939 899 2007 is,
918 1938 965 2008 qui
984 1944 1048 2009 post
1076 1957 1135 1994 esse
1152 1939 1341 2010 quaestionem
1359 1937 1394 1991 de
1411 1938 1576 2006 impotentia
1598 1939 1823 2007 superveniente,
1843 1956 1909 2008 quse

213 2024 296 2079 fidem
314 2026 542 2081 matrimonialem
559 2025 670 2096 puellae
685 2024 731 2081 rel
742 2025 843 2081 viduae
857 2024 952 2079 datam
963 2024 1046 2081 aliam
1075 2027 1181 2081 scilieet
1199 2031 1262 2096 post
1281 2031 1371 2080 ratum
1383 2031 1412 2079 et
1423 2031 1643 2080 consummatum
1655 2025 1867 2080 matrimonium
1877 2043 1909 2081 ex

213 2113 302 2180 ducit,
326 2112 505 2185 gravissimas
532 2113 708 2184 magistratus
728 2129 834 2184 poenae
856 2110 1047 2183 subjiciendus
1077 2113 1220 2168 accidente
1240 2112 1413 2184 supervenit,
1438 2113 1473 2168 de
1497 2129 1554 2183 qua
1573 2112 1641 2182 quid
1661 2114 1846 2169 statuendum
1868 2114 1909 2183 sit,

213 2200 272 2255 erit.
314 2199 420 2268 Quodsi
447 2199 520 2255 enirn
535 2201 600 2271 jure
625 2199 701 2254 civili
725 2206 754 2254 et
780 2198 911 2254 canonico
936 2195 1048 2251 infamis
1075 2207 1173 2272 postea
1191 2199 1366 2269 dispiciatur,
1391 2198 1440 2254 sed
1459 2199 1494 2254 de
1510 2199 1560 2255 tati
1581 2198 1747 2270 impotentis
1766 2216 1820 2254 seu
1837 2199 1910 2255 inha-

214 2294 263 2352 est,
281 2287 329 2358 qui
346 2286 415 2341 bina
434 2286 575 2357 sponsalis
593 2285 748 2355 contrahit,
769 2291 801 2340 ut
819 2301 869 2340 sno
890 2284 950 2340 loco
967 2300 1047 2355 supe·
1077 2287 1193 2357 bilitate,
1215 2303 1288 2358 quae
1308 2286 1344 2340 ab
1363 2285 1441 2340 initio
1458 2285 1549 2341 adfuit
1568 2303 1602 2340 ac
1618 2285 1733 2358 nuptias
1750 2287 1909 2357 praecessit,

213 2375 271 2428 rius
289 2373 443 2442 docuimus,
460 2379 565 2444 quanto
584 2373 683 2444 majori
698 2389 791 2443 poena
806 2371 969 2427 afficiendus
986 2371 1047 2439 crit,
1076 2380 1188 2446 propter
1205 2373 1283 2428 iilam
1303 2372 1442 2444 separatio
1467 2371 1527 2427 fieri
1544 2377 1638 2443 potest
1656 2388 1780 2443 persona
1797 2390 1864 2428 sana
1881 2373 1908 2426 id

213 2461 261 2531 qui
279 2467 343 2530 post
359 2459 498 2532 sponsalia
515 2459 558 2515 vel
575 2466 667 2513 ratum
687 2458 892 2513 matrimonium
912 2474 974 2512 eum
993 2456 1049 2511 alia
1075 2468 1201 2532 petente,
1229 2460 1296 2531 qaia
1314 2460 1386 2514 inter
1403 2458 1540 2515 inhabiles
1559 2466 1588 2514 et
1605 2460 1775 2530 impotentes
1795 2476 1851 2515 non
1870 2466 1909 2515 est

211 2553 383 2603 contractum
414 2545 527 2616 nuptias
554 2544 685 2601 celebrat.
726 2544 803 2600 Deus
830 2544 891 2614 ipse
918 2543 1047 2598 adulterii
1075 2565 1125 2603 nee
1143 2563 1204 2603 osse
1221 2552 1314 2617 potest
1333 2546 1507 2617 conjugium,
1533 2545 1651 2615 proinde
1665 2546 1784 2616 quando
1802 2553 1909 2618 propter

212 2650 330 2705 poenam
359 2631 462 2704 infligit
491 2631 546 2695 illi,
585 2632 632 2703 qui
659 2648 788 2703 sponsam
820 2630 933 2686 alterius
962 2628 1049 2684 violat
1073 2634 1278 2705 impotentiam,
1297 2649 1369 2705 quae
1394 2632 1430 2687 ab
1448 2631 1527 2687 initio
1546 2631 1651 2696 adfuit,
1669 2633 1815 2705 'conjuges
1833 2650 1908 2704 sepa·

213 2721 327 2776 Denter.
347 2726 394 2789 22,
423 2738 449 2777 r.
469 2726 511 2775 23.
529 2736 563 2775 sc
578 2718 717 2790 [divinitus
735 2718 807 2773 tales
827 2717 997 2789 foedifragos
1015 2734 1048 2773 ac
1074 2727 1177 2785 rantur,
1195 2720 1306 2791 proprie
1325 2726 1353 2774 et
1370 2725 1500 2774 accurate
1520 2718 1660 2790 loquendo
1679 2736 1736 2773 non
1758 2726 1803 2774 eat
1822 2720 1908 2776 divor·

213 2808 334 2881 perfidos
354 2808 446 2879 puniri
471 2807 564 2862 multis
589 2805 763 2877 comprobari
786 2810 881 2876 posset
907 2806 1046 2877 exemplis.
1073 2808 1152 2875 tiam,
1173 2806 1223 2862 sed
1241 2806 1376 2860 duntaxat
1396 2804 1563 2875 declaratio,
1589 2805 1752 2877 conjugium
1772 2806 1845 2862 inter
1863 2822 1907 2860 eos

214 2895 307 2952 const.
338 2895 417 2952 elect.
447 2893 566 2965 August
597 2892 784 2948 ecclesiastica
814 2909 873 2963 cap.
900 2892 935 2947 de
956 2892 1047 2947 causis
1073 2893 1180 2949 nullum
1201 2909 1263 2949 essa
1290 2893 1334 2947 rel
1357 2891 1452 2949 fuisse.
1491 2891 1560 2946 Esse
1577 2890 1630 2947 hoc
1646 2891 1806 2963 legitimum
1824 2893 1907 2963 impe·

214 2983 367 3038 matrimon.
394 2982 454 3037 sub.
474 2980 516 3035 tit
537 2980 767 3051 desponsalibus
784 2978 832 3036 fol.
855 2985 918 3035 112:
950 2980 1047 3036 tatros
1073 2980 1225 3035 dimentum
1256 2979 1386 3033 dirimens
1419 2977 1623 3033 matrimonium
1640 2977 1795 3049 probatur,
1823 2983 1848 3034 1.
1876 2995 1907 3032 ea

85 3083 141 3125 rvr.
155 3084 200 3126 sss.
213 3070 258 3141 til)
286 3069 325 3125 tis
342 3070 456 3140 balan,
490 3069 516 3139 l⁰
544 3068 590 3138 ssffl
613 3069 684 3138 mels
710 3068 776 3124 brar
795 3067 865 3123 aare
884 3068 1045 3136 tertiabiirb
1067 3068 1137 3137 jare
1156 3067 1258 3123 divino.
1302 3067 1443 3139 Conjuges
1471 3084 1504 3121 ar
1529 3066 1623 3122 divina
1649 3065 1778 3137 conjugii
1797 3066 1905 3121 institn-

213 3158 334 3225 rsrtrbst,
352 3157 402 3212 mit
420 3159 463 3212 ter
482 3156 565 3224 letter
583 3156 716 3211 rrrtrttm
734 3154 831 3225 merim
852 3155 975 3225 tafalia
993 3154 1046 3210 eins
1072 3155 1147 3210 tione
1165 3159 1230 3208 sunt
1242 3170 1301 3207 nna
1320 3170 1389 3207 raro
1407 3150 1478 3208 Gen
1499 3157 1529 3217 2,
1545 3170 1570 3208 r.
1595 3157 1634 3208 24.
1652 3151 1755 3209 Matth.
1778 3158 1817 3220 19,
1836 3170 1863 3210 s.
1881 3157 1905 3207 t.

212 3247 300 3316 latim,
320 3244 346 3315 ir
365 3244 413 3313 trit
430 3241 534 3310 histriis
552 3256 588 3296 aa
607 3243 654 3296 tm
673 3243 795 3311 hesrom
811 3241 905 3311 geilrut
926 3242 980 3298 unt
999 3242 1045 3296 tet
1072 3239 1187 3312 proinde
1213 3240 1237 3294 si
1261 3256 1312 3310 per
1337 3238 1526 3310 impotentiam
1555 3238 1626 3292 illud
1652 3238 1776 3294 obtineri
1803 3238 1906 3310 nequit,

211 3332 315 3388 arares
333 3329 397 3399 strip
416 3327 560 3396 remisisti,
580 3328 633 3383 aab
653 3326 692 3382 tie
711 3328 814 3393 ortae,
831 3328 928 3396 molem
947 3328 980 3398 ste
999 3329 1045 3398 lib
1072 3326 1232 3398 conjugium
1253 3343 1314 3381 esse
1329 3327 1446 3383 irritum.
1476 3328 1502 3378 2.
1515 3326 1562 3379 Ea
1576 3325 1747 3380 rationibus.
1778 3323 1842 3382 Non
1860 3325 1905 3379 sd·

212 3416 358 3488 mifimttitb
377 3417 421 3471 brt
439 3415 518 3484 after
538 3413 714 3483 ilrriltaiiiel
740 3414 789 3469 mit
812 3415 867 3469 tem
890 3415 1046 3485 bertredam
1072 3421 1115 3469 est
1130 3413 1271 3485 legitimus
1289 3429 1453 3482 consensus,
1480 3411 1530 3467 sed
1554 3410 1634 3465 dolus
1652 3416 1681 3465 et
1700 3429 1779 3467 error
1797 3412 1827 3466 in
1844 3411 1905 3466 sub

211 3507 259 3562 ben
284 3503 360 3574 atat
387 3501 531 3572 targiliosst
561 3500 590 3557 ia
623 3501 782 3571 dtegeitbbe
819 3501 872 3557 aab
907 3501 1047 3572 idiotice
1070 3501 1256 3569 stantialibus,
1275 3499 1411 3571 impotens
1429 3498 1548 3570 turpiter
1568 3497 1679 3568 decipit,
1700 3515 1824 3568 persona
1840 3514 1905 3553 sans

211 3592 323 3661 utrubi
344 3589 511 3659 rirpeiaiitr,
530 3586 579 3642 mit
599 3586 701 3656 pleirbet
721 3587 818 3655 &troie
837 3587 918 3656 belept
937 3588 1045 3645 merten.
1071 3586 1264 3643 miserabiliter
1282 3594 1363 3655 errat,
1378 3592 1408 3640 st
1427 3585 1503 3641 Deus
1521 3601 1573 3639 neo
1590 3584 1710 3653 fraudes,
1729 3602 1784 3640 nec
1802 3602 1904 3642 errores

211 3676 269 3732 Sub
289 3677 331 3731 tit
352 3676 488 3746 depoen.
506 3671 707 3743 stuprif.116:
737 3673 955 3741 mortennani
974 3675 1044 3729 daei
1071 3676 1100 3729 in
1115 3674 1166 3729 hac
1185 3674 1281 3728 divina
1305 3672 1499 3743 conjunctione
1517 3671 1664 3743 approbat.
1702 3670 1856 3727 Praeterea
1873 3674 1947 3725 rim

211 3765 310 3819 orbern
340 3763 442 3829 tironi,
471 3761 514 3830 ebe
539 3760 606 3815 hmo
634 3761 678 3814 ber
706 3759 869 3828 arturiano
895 3760 1045 3831 brigittam,
1071 3762 1098 3815 in
1116 3760 1178 3816 aliis
1203 3759 1391 3816 auraretur
1418 3776 1474 3814 non
1501 3764 1543 3814 est
1568 3756 1737 3813 conveniens
1762 3758 1902 3829 obligato,

211 3847 358 3919 milienttidr
388 3846 540 3917 baldinico,
573 3846 599 3913 lt
631 3845 710 3913 latim
743 3844 812 3900 tribe
841 3847 972 3916 bairam
1000 3862 1046 3917 rur
1070 3848 1093 3901 si
1113 3847 1175 3919 quis
1194 3862 1224 3901 se
1243 3846 1351 3918 obliget
1369 3845 1406 3899 ad
1423 3844 1484 3914 hoc,
1503 3843 1578 3915 quod
1596 3849 1759 3914 nonpoteat
1777 3845 1845 3900 dare
1862 3844 1903 3898 val

211 3936 319 4005 &tante
346 3934 488 4004 geistingen
515 3933 568 3987 unt
605 3932 649 3986 brt
675 3933 777 3988 tentet
813 3933 877 4003 strip
909 3934 1044 4003 bariolen
1072 3934 1178 4003 facere3
1203 3935 1243 3987 ita
1261 3934 1290 3987 in
1308 3938 1453 3988 contractu
1471 3930 1651 3996 matrimonii,
1671 3948 1727 4002 quo
1747 3949 1821 3986 unus
1838 3931 1903 3986 obli·

211 4022 327 4090 merten,
360 4025 389 4076 ra
420 4020 506 4075 notite
530 4020 597 4074 tran
627 4019 671 4072 ter
700 4017 860 4087 triticam
887 4019 927 4075 tir
957 4023 1044 4076 broit
1072 4027 1155 4093 gatur
1172 4020 1252 4075 alteri
1274 4020 1310 4075 ad
1339 4020 1464 4075 debitum
1491 4019 1601 4074 carnale
1618 4010 1784 4073 solvendum
1805 4026 1825 4074 1.
1846 4018 1903 4074 Cor.

212 4110 351 4165 tristatum
371 4108 529 4177 consitam,
549 4106 598 4171 ort
615 4104 710 4174 frider
729 4105 787 4176 {tait
805 4106 839 4172 sn
857 4106 907 4161 mit
928 4107 1044 4179 esling-
1072 4113 1096 4173 t,
1115 4125 1140 4160 r.
1152 4113 1175 4161 4.
1194 4122 1250 4161 non
1268 4113 1311 4161 est
1328 4106 1492 4160 conveniens
1511 4105 1718 4172 controniano
1737 4103 1790 4160 fist
1807 4103 1843 4159 sb
1857 4104 1902 4158 ali-

211 4196 257 4262 rifi
279 4194 384 4265 grftroft
410 4194 463 4248 unt
485 4194 527 4248 ber
552 4191 760 4261 broutidiinber
783 4192 849 4263 nisti
872 4193 973 4249 mirra
998 4195 1046 4250 mit
1071 4209 1140 4265 quo,
1172 4193 1220 4264 qui
1250 4191 1374 4248 debiturn
1407 4191 1514 4247 solvere
1544 4208 1600 4246 non
1628 4194 1731 4261 potest.
1777 4191 1901 4262 Denique

212 4282 449 4351 etaupsnibtogen
469 4282 514 4335 tra
532 4279 635 4336 tontes
655 4279 717 4348 enta
733 4279 870 4349 erratrice
888 4283 996 4339 mabar.
1070 4295 1188 4350 persona
1205 4295 1273 4333 sana
1290 4278 1432 4350 perpetuis
1455 4276 1612 4332 ustionibus
1637 4284 1666 4332 et
1689 4278 1818 4348 periculo
1836 4295 1901 4333 scor·

157 4387 181 4415 ο·
248 4373 307 4422 657.
346 4372 385 4422 10.
401 4367 542 4419 Honorias
557 4364 664 4419 scilicet
673 4365 799 4433 publica,
815 4366 844 4419 id
864 4373 906 4421 est
923 4366 1044 4422 affinitas
1073 4364 1185 4420 tationis
1217 4365 1399 4436 objiceretur,
1430 4364 1484 4418 nisi
1513 4382 1563 4437 per
1593 4362 1763 4418 matrimonii
1792 4364 1900 4420 ineundi

85 4440 98 4466 ¹¹
212 4474 245 4511 er
264 4452 439 4525 sponsalibus
452 4458 521 4521 orta,
538 4468 610 4523 quac
621 4451 921 4521 pnlllcarlonenasir
933 4454 1045 4522 institia
1071 4457 1235 4522 potestatem
1258 4451 1312 4522 ipsi
1341 4450 1544 4518 consuleretur,
1579 4467 1612 4505 ax
1638 4467 1694 4522 quo
1720 4450 1899 4506 fundamento

212 4561 229 4596 a
247 4539 396 4595 canonialis
415 4538 579 4609 appellatur.
616 4537 662 4592 Sic
679 4552 808 4607 sponsam
826 4537 920 4594 fratris
939 4541 1044 4596 demor·
1069 4538 1152 4595 facile
1173 4544 1303 4609 apparot,
1321 4536 1389 4609 quid
1409 4537 1632 4608 respondendum
1651 4537 1688 4592 sd
1708 4544 1899 4611 argumentum

213 4628 255 4683 tui
273 4627 360 4682 frater
378 4627 478 4681 ducere
498 4624 601 4696 nequit,
619 4624 692 4678 acsi
714 4640 775 4679 eam
794 4624 885 4694 ducat,
905 4627 1043 4684 matrimo-
1069 4626 1252 4682 carnarium:
1290 4624 1400 4694 Copula
1427 4624 1555 4678 earnalis
1581 4640 1638 4676 non
1663 4631 1704 4677 est
1724 4627 1762 4679 de
1781 4623 1901 4693 oonjrrpii

211 4715 287 4769 nium
305 4712 500 4783 pronuntiatur
522 4710 637 4766 irritum.
675 4709 734 4766 Nos
759 4710 896 4780 justitiam
916 4713 1044 4783 publicae
1071 4713 1198 4767 essentia.
1241 4712 1322 4781 Erpa
1345 4711 1509 4780 impotentia
1532 4728 1588 4763 non
1604 4710 1678 4774 facit
1695 4712 1900 4765 matrimonium

211 4799 363 4855 honestatis
398 4797 545 4852 statuimus
580 4795 808 4868 impedimentum
840 4798 1043 4854 matrimonium
1070 4801 1192 4855 irritam.
1228 4801 1255 4851 3.
1276 4797 1323 4850 En
1337 4796 1407 4865 jare
1427 4797 1570 4853 canonico.
1601 4813 1623 4850 c.
1642 4794 1773 4852 Decreta
1789 4802 1832 4852 27.
1847 4817 1869 4869 q.
1881 4802 1898 4851 2.

211 4885 428 4941 contrabendum
448 4884 608 4955 impediens,
624 4900 680 4937 non
698 4890 782 4937 auten
800 4891 969 4939 contractum
988 4887 1043 4940 dis·
1070 4887 1116 4939 De
1132 4885 1183 4952 ln,
1201 4883 1252 4952 qai
1266 4900 1353 4937 cansa
1365 4883 1541 4953 frigiditatis
1551 4881 1683 4936 nemitos
1702 4884 1829 4937 &letam
1844 4884 1899 4937 red·

211 4972 334 5036 solvens,
363 4972 442 5042 cujus
470 4969 622 5025 sententiae
649 4974 760 5024 noemae
787 4972 907 5026 rationes
927 4972 1042 5026 adduxi·
1070 4973 1342 5039 derenonposrunt,
1355 4968 1453 5024 statuit
1467 4967 1801 5039 Gmgoriusnnnrerqne
1813 4988 1899 5024 corun

211 5075 272 5112 mus
304 5074 366 5129 cap.
398 5064 422 5113 5.
459 5057 573 5110 membr.
605 5060 629 5112 2.
665 5061 716 5111 art.
746 5061 770 5112 2.
808 5053 836 5131 §-
869 5063 927 5113 ³60.
975 5058 1044 5114 lore
1069 5057 1188 5126 septima
1217 5073 1303 5110 morra
1331 5056 1558 5125 propinquorum
1581 5055 1781 5124 jurejarando
1821 5058 1898 5121 diem

211 5145 343 5198 canonico
357 5142 467 5213 justitia
482 5141 613 5213 publicae
629 5141 781 5197 honestatis
800 5143 865 5197 olim
884 5159 973 5214 aeque
988 5145 1042 5200 late
1069 5146 1145 5213 prod
1163 5160 1305 5212 nanqaom
1326 5159 1382 5212 per
1398 5141 1617 5196 eommr'ationem
1641 5141 1739 5194 earnis
1763 5140 1900 5210 coniuncti

210 5229 325 5301 patebat
355 5245 438 5298 quarn
469 5227 602 5282 naturalis
638 5229 768 5299 cognatio
797 5228 956 5294 affinitatis,
994 5232 1042 5286 sed
1068 5247 1127 5282 ana
1143 5247 1210 5283 earo
1245 5229 1337 5299 effecti
1368 5223 1505 5297 fur'rient,
1536 5236 1601 5280 tnnc
1630 5225 1735 5281 mulier
1766 5231 1899 5283 recondas

210 5315 356 5370 concilium
376 5313 568 5369 Tridentinum
593 5313 659 5368 huic
678 5314 874 5384 impedimento
894 5313 1042 5371 restrictio·
1068 5316 1183 5386 nreptias
1202 5316 1308 5385 poterit
1326 5316 1503 5380 contrahere,
1526 5313 1570 5367 oir
1587 5319 1686 5381 auum,
1707 5314 1758 5383 qui
1768 5317 1900 5386 frips'rloe

209 5419 272 5456 nem
290 5399 407 5468 rddidit,
425 5406 456 5453 ut
474 5399 547 5454 intra
566 5400 684 5471 primum
702 5400 838 5455 duntaxat
849 5400 968 5472 gradum
981 5420 1042 5457 ma·
1068 5409 1188 5456 naturae
1220 5409 1273 5472 est,
1301 5407 1414 5456 maneat
1446 5401 1507 5454 nne
1534 5416 1583 5468 sps
1610 5399 1748 5469 eonjapii.
1775 5419 1801 5458 c.
1825 5401 1898 5467 Quod

210 5485 468 5542 trimoniadirimat.
497 5485 597 5540 Affinis
610 5486 729 5541 esthuio
746 5486 899 5541 honentatis
912 5487 1043 5557 publicae
1069 5494 1160 5543 autem
1178 5505 1253 5544 caus.
1280 5494 1309 5543 et
1327 5494 1433 5559 quaest.
1457 5484 1534 5543 iisd:
1580 5485 1630 5540 Vir
1648 5494 1673 5539 et
1700 5488 1806 5542 molier
1833 5491 1860 5543 si
1874 5502 1898 5541 se

208 5573 404 5647 impedimento
430 5571 566 5643 affinitas,
595 5589 667 5644 quae
693 5574 780 5628 oritur
801 5591 833 5627 ex
859 5574 1038 5632 matrimonio
1068 5576 1269 5644 conjanaerint,
1287 5582 1314 5628 et
1329 5583 1428 5647 postea
1445 5573 1550 5628 sternit
1566 5572 1667 5627 meslier
1682 5575 1719 5628 de
1736 5575 1809 5644 ciro,
1827 5576 1900 5648 qnod
