4020 6022
199 208 257 265 tto
775 202 898 261 Locus
915 200 1120 261 tremamus
1136 202 1306 269 QUINTUS

196 372 284 427 genus
303 356 448 413 affinitatis
471 364 525 427 est,
547 360 626 427 qrrod
646 359 834 435 mediantibus
856 359 945 413 tribus
958 376 1025 429 pcr-
1037 357 1042 414 3
1053 374 1110 413 una
1128 376 1200 415 caro.
1238 360 1284 415 Sic
1303 360 1370 431 quia
1389 359 1481 415 uxoris
1500 359 1586 415 frater
1602 366 1645 417 est
1661 360 1729 414 milri
1749 358 1842 415 allisus
1856 358 1885 413 ia

195 446 273 497 rosels
297 446 486 515 contrabitur,
509 446 553 499 vel
573 447 650 513 quod
663 462 716 515 per
727 462 880 519 personam
904 448 1027 499 seeundo
1038 436 1041 453 ²
1053 443 1142 513 primo
1154 462 1265 515 genere,
1278 446 1341 501 ideo
1357 446 1441 501 etiam
1452 445 1540 515 ipsius
1556 462 1624 499 uxor
1643 452 1686 501 est
1704 446 1772 499 milri
1794 444 1884 499 affinis

195 532 295 601 amari
312 532 464 602 affinitatis
481 533 612 585 additam
630 533 816 588 cosrslilus'lur.
864 532 905 585 Ex
923 536 1027 587 Gracco
1054 528 1082 582 in
1113 530 1202 599 primo
1233 548 1343 602 genere.
1393 530 1535 601 Quidquid
1563 530 1613 593 sit,
1642 548 1705 586 cuns
1728 530 1844 587 secundi
1860 536 1888 585 et

195 614 328 672 Mahalon
345 626 372 673 et
390 618 522 679 Chelion,
550 618 605 672 duo
623 618 736 673 fratres.
767 619 904 673 duxerunt
930 616 1129 673 uxores-tertii
1171 618 1281 687 generis
1322 616 1443 671 affinitas
1484 617 1591 672 nullum
1626 617 1741 686 objiciat
1781 616 1886 687 nuptiis

198 702 375 770 moabiticas,
390 703 504 757 chelion
518 704 890 775 Orphsm,t1anrlonssuth.
907 678 1042 771 auant!
1057 698 1235 775 attolat.
1265 704 1327 759 ssa
1357 720 1413 757 nou
1442 710 1498 771 ess,
1527 703 1602 774 quos
1630 704 1666 758 se
1699 720 1733 758 a
1761 703 1887 775 prunas

197 808 223 843 v.
240 796 265 845 l.
312 790 368 843 Per
399 790 451 843 hoc
485 791 646 860 conjugium
663 790 739 845 Ruth
765 790 840 845 lacta
867 796 909 843 est
935 779 1042 859 affinis!
1058 796 1167 859 agatur.
1215 789 1260 844 De
1284 790 1420 861 gradibus
1442 790 1524 844 etiam
1547 797 1576 845 et
1596 789 1680 846 lineis
1707 790 1736 845 in
1754 790 1888 845 affinitate

196 874 337 931 Chelionis
360 876 388 929 in
414 876 501 945 primo
526 892 628 946 genero
649 876 791 930 affinitatis
815 876 953 931 medianto
971 878 1112 929 unalnon
1131 876 1275 946 estquod
1291 876 1410 930 multum
1432 874 1516 929 simus
1537 875 1647 944 soliciti,
1663 877 1729 945 quia
1750 875 1888 931 utllode·

196 978 321 1031 persona,
340 960 445 1015 scilicet
462 960 616 1017 ttshslone.
657 963 766 1017 llortuo
786 962 932 1017 Mahalone
951 945 1143 1045 ltuthpstinus
1173 950 1200 1015 d.
1231 962 1249 1016 l.
1268 962 1359 1032 inquit
1386 959 1414 1031 ξ.
1433 968 1463 1015 5:
1497 958 1614 1015 Gradus
1650 962 1791 1029 affinitati
1815 960 1890 1013 nulli

197 1048 290 1117 nupsit
308 1048 407 1111 Boozo,
424 1048 512 1106 Ruth,
530 1052 553 1116 -l,
572 1067 598 1102 v.
621 1056 659 1103 lu.
687 1048 763 1102 Boot
784 1047 869 1119 igitur
886 1045 919 1100 fit
935 1046 1042 1127 affinis(
1056 1056 1138 1111 susst,
1169 1049 1238 1117 pisia
1269 1048 1373 1111 affines
1404 1048 1440 1099 ab
1469 1046 1605 1111 affinibus
1629 1066 1685 1101 noa
1709 1055 1885 1116 ponerentur.

201 1132 341 1187 Chelionis
370 1135 397 1186 in
417 1134 539 1188 secundo
556 1110 818 1204 gener-ebffinitatis
843 1132 1127 1195 mediantibus'Quia
1146 1140 1239 1188 tamen
1258 1133 1380 1187 affinitas
1401 1140 1444 1186 est
1462 1133 1638 1187 simulacrum
1656 1132 1797 1204 quoddam
1824 1149 1887 1187 con·

197 1221 304 1276 duabus
321 1220 454 1289 personis,
471 1218 547 1273 llntb
562 1219 669 1273 scilicet
685 1225 714 1273 ot
731 1218 884 1274 llabalone.
922 1218 1264 1289 Quodsisanguinitatis,
1293 1219 1356 1273 ideo
1380 1218 1561 1273 similitudine
1586 1220 1706 1290 quadam
1735 1218 1840 1289 gradus
1859 1223 1888 1273 et

197 1311 304 1361 mortun
318 1306 395 1360 Ruth
414 1307 489 1359 Boon
513 1304 597 1359 aliam
621 1306 744 1359 duxisset
773 1306 933 1375 conjugem,
960 1312 1042 1365 tunc]
1057 1303 1147 1359 lineae
1165 1305 1193 1357 in
1211 1304 1347 1359 affinitate
1366 1310 1533 1369 statuuntur,
1550 1322 1584 1359 ac
1601 1306 1697 1359 eodem
1714 1304 1810 1369 modo,
1833 1320 1887 1374 quo

197 1392 245 1447 illa
273 1392 372 1447 suisset
395 1390 487 1447 affinis
506 1390 644 1445 Chelionis
668 1392 697 1444 in
713 1392 794 1446 tertio
819 1408 920 1462 genere
937 1391 1025 1446 affini-
1039 1378 1042 1445 l
1055 1391 1083 1443 in
1114 1391 1353 1461 consanguinitate
1379 1397 1570 1455 numerantur,
1600 1391 1652 1447 ubi
1674 1390 1794 1445 traditur
1819 1390 1888 1446 haec

196 1478 261 1533 tatis
299 1478 486 1532 mediantibus
522 1476 611 1531 tribus
648 1478 787 1547 personis,
825 1478 900 1533 lloon
915 1478 1193 1547 scilicet„ganeralis
1211 1478 1322 1549 regula:
1346 1478 1405 1541 aaa
1421 1480 1515 1546 prud-a
1532 1477 1595 1547 prsis
1613 1478 1889 1547 wlcosmanpra'ncus

196 1562 272 1619 Ruth
291 1572 320 1620 et
337 1564 493 1620 blabalone.
529 1562 575 1619 Sic
593 1580 660 1633 ergo
677 1564 701 1616 si
719 1562 803 1617 frater
821 1580 898 1618 mous
915 1540 1154 1649 uxoremlaaors',
1186 1581 1217 1617 co
1241 1566 1336 1631 protelis
1361 1566 1391 1629 p'l
1416 1564 1516 1627 affirsls
1533 1564 1614 1616 illins
1635 1565 1752 1631 πιαπιο,
1785 1572 1812 1615 et
1829 1562 1888 1615 oisc

197 1651 295 1719 ducat,
325 1651 373 1705 illa
395 1650 428 1705 lit
453 1650 520 1705 mihi
545 1650 637 1705 affinis
657 1650 686 1703 in
701 1651 797 1719 primo
821 1666 921 1719 pestere
940 1649 1154 1729 altini-{utram
1187 1668 1242 1718 quo
1268 1652 1364 1717 praela
1387 1650 1449 1718 prsis
1472 1658 1512 1703 ast
1535 1651 1759 1719 consang-uiueres
1777 1650 1890 1717 ararim,

198 1737 272 1793 tatis.
296 1736 326 1791 Si
338 1736 423 1791 tratre
434 1754 495 1791 meo
507 1737 651 1791 demortuo
662 1734 760 1791 relicta
773 1738 833 1805 ejus
848 1736 931 1790 vidua
942 1736 1043 1803 nubat}
1056 1753 1088 1791 eo
1106 1738 1201 1805 prada
1218 1738 1249 1799 fit
1266 1738 1366 1801 afstass
1383 1737 1464 1791 illias
1480 1737 1570 1791 acori.

198 1822 288 1888 alteri,
301 1830 385 1894 atqua
398 1823 438 1878 ita
448 1824 537 1894 primo
545 1824 640 1895 generi
652 1823 771 1878 addatur
783 1822 838 1875 alia
849 1839 967 1891 persona
980 1806 1044 1895 per!
1091 1828 1149 1879 ast.
1184 1822 1394 1892 appellationes
1417 1824 1685 1891 consaapas'nsoram
1712 1830 1738 1876 at
1755 1820 1931 1911 affialamag

200 1908 344 1979 copulam,
376 1908 405 1963 id
433 1916 533 1964 vocant
551 1910 703 1962 serraculum
719 1926 805 1977 persas
817 1908 968 1964 affinitatis.
1000 1908 1029 1963 Si
1060 1924 1141 1964 nosse
1160 1908 1227 1963 utile
1248 1914 1298 1975 est,
1317 1915 1375 1962 tum
1389 1913 1421 1962 ιιι
1438 1908 1562 1979 legentes
1575 1909 1620 1963 vel
1633 1910 1778 1963 audientes
1792 1912 1931 1981 appel-es·

199 1995 320 2051 meando
337 1996 431 2065 generi
445 1994 535 2049 adbuc
547 1993 603 2047 alia
617 2011 735 2065 persona
746 1995 873 2065 addatur,
893 2003 988 2067 utpote
1006 1996 1029 2049 si
1058 1994 1188 2050 lationem
1215 1994 1337 2065 aliquam
1362 1995 1535 2064 cognationis
1559 2002 1632 2050 recte
1654 2001 1776 2051 statuere
1799 1997 1889 2067 possi·
1900 2038 1931 2069 m,

199 2080 296 2136 relicta
309 2081 393 2135 vidua
406 2079 500 2135 lintris
512 2080 565 2135 mei
577 2088 685 2135 mortua
696 2082 811 2135 maritus
824 2084 884 2152 ejus
893 2084 1043 2159 secundusl
1057 2100 1133 2150 mus,
1167 2088 1267 2153 quotus
1287 2082 1323 2136 sit
1340 2082 1458 2152 gradus,
1489 2089 1548 2137 turn
1571 2088 1602 2136 ut
1624 2082 1659 2137 de
1684 2083 1775 2153 gradu
1793 2082 1888 2155 aliquo
1900 2082 1931 2120 ⁸¹¹

199 2169 284 2223 ducat
300 2168 392 2233 aliam,
411 2182 445 2221 ea
462 2166 495 2220 lit
512 2166 605 2221 affinis
624 2166 651 2220 in
669 2166 906 2223 tertloatfinitatis
919 2186 1028 2239 genere.
1040 2164 1044 2263 i
1057 2168 1230 2237 cognationis
1250 2167 1368 2238 quaesiti
1387 2166 1530 2222 commoda
1548 2168 1734 2239 appellatione
1759 2186 1824 2223 eum
1842 2187 1889 2225 ex-

235 2259 294 2309 244.
336 2252 382 2309 De
412 2254 501 2323 primo
532 2253 675 2307 affinitatis
704 2270 807 2325 genere
841 2270 935 2309 omnes
965 2254 1174 2323 con-'primere
1199 2254 1343 2323 possimus.
1395 2254 1478 2307 Prius
1497 2262 1590 2308 autem
1608 2255 1888 2325 consanguineorum,

136 2366 139 2373 ¹
201 2338 339 2408 sentiunt,
366 2339 415 2393 sed
444 2339 479 2394 de
504 2340 625 2393 secundo
653 2348 680 2393 et
697 2340 778 2395 tertio
797 2356 898 2411 genere
916 2298 1152 2421 quidamlpostea
1181 2338 1306 2393 affinium
1331 2340 1532 2411 appellationes
1554 2339 1718 2411 praecipuas
1745 2358 1888 2397 enumera-

83 2442 130 2483 xv.
142 2440 188 2483 us.
201 2424 286 2495 paulo
304 2424 384 2479 aliter
402 2424 548 2479 disserunt.
585 2426 751 2481 Existimant
768 2426 848 2497 onim,
877 2428 1029 2482 secundum
1056 2426 1154 2480 bimus.
1173 2426 1386 2495 consanguinei,
1407 2426 1447 2481 uti
1465 2426 1578 2494 dictum,
1598 2426 1641 2481 vel
1659 2426 1688 2479 in
1708 2427 1782 2481 linea
1799 2437 1887 2497 rectu,

202 2510 346 2565 affinitatis
369 2526 458 2583 genus
480 2511 608 2565 nascier
635 2528 680 2581 eo,
713 2513 825 2583 quando
844 2518 935 2567 uxoris
952 2531 1029 2569 meae
1056 2510 1100 2565 vel
1132 2513 1295 2566 collaterali
1323 2520 1388 2567 sunt
1418 2511 1506 2584 positi.
1556 2511 1645 2566 Linea
1670 2516 1747 2567 recta
1771 2520 1814 2567 est
1842 2516 1888 2571 vel

202 2597 421 2667 comanguineus
440 2598 528 2667 primo
546 2614 648 2669 genere
665 2597 808 2653 affinitatis
834 2597 899 2653 mihi
914 2600 1029 2669 junctus
1055 2600 1292 2667 arlsccnclsotium,
1310 2600 1355 2653 vel
1372 2600 1605 2653 decendentium.
1630 2598 1664 2651 In
1681 2599 1753 2655 linea
1771 2601 1886 2657 adscen-
1900 2602 1931 2647 Μ

200 2683 314 2753 nuptias
343 2682 496 2751 contrahit,
524 2692 591 2737 tunc
616 2683 688 2738 enim
712 2684 798 2755 ipsius
821 2702 890 2739 uxor
906 2684 1179 2775 sccundo'dentium
1209 2690 1357 2739 occurrunt
1385 2684 1436 2739 hae
1463 2684 1678 2754 appellationes:
1713 2690 1736 2740 l.
1761 2688 1852 2741 Pater
1868 2666 1931 2749 aiii

201 2768 346 2825 affinitatis
363 2787 464 2840 genere
482 2770 634 2826 secundum
654 2770 764 2825 illorum
782 2772 946 2827 sententiam
962 2768 1164 2827 mibilGraeco
1183 2768 1196 2823 ὁ
1218 2766 1307 2842 πατήρ
1314 2810 1322 2837 ,
1349 2770 1423 2841 quod
1449 2771 1622 2841 grammatici
1649 2772 1763 2841 quidam
1781 2771 1885 2827 dictum
1899 2762 1932 2802 ⁰¹¹³

196 2856 335 2927 jungitur.
375 2856 422 2911 Sic
441 2855 540 2911 liuban
558 2864 586 2911 et
605 2856 680 2912 Dina
696 2864 762 2911 sunt
777 2857 884 2913 fratres.
925 2859 1029 2915 Hemor
1056 2857 1152 2912 volunt
1179 2857 1258 2927 quasi
1285 2856 1392 2929 σπατηρ
1420 2873 1438 2911 a
1465 2863 1586 2927 σπείρω,
1618 2858 1733 2928 quidam
1758 2859 1834 2929 παρὰ
1854 2858 1886 2915 τὸ

201 2944 278 2997 ducit
296 2942 414 3011 Dinam,
448 2944 543 3013 sicque
568 2942 667 2998 Rubcn
689 2950 732 2998 est
749 2944 866 3019 llemori⁸
886 2945 914 2998 in
940 2947 1028 3016 primo
1056 2946 1158 3003 riallac
1175 2948 1273 3015 τηρεῖν,
1293 2942 1406 3013 quidum
1432 2940 1509 3014 nupsi
1528 2940 1559 2995 rb
1576 2950 1674 2997 πατεῖν
1694 2944 1724 2999 ts
1742 2950 1886 3015 συνουσίᾳ,

200 3029 345 3085 affinitatis
365 3028 454 3099 gradu
469 3031 594 3098 junctus.
632 3030 732 3085 liuban
751 3047 816 3084 vero
835 3030 912 3087 ducit
924 3030 1028 3099 Suram,
1057 3046 1173 3101 quorum
1208 3027 1330 3082 omnium
1360 3035 1568 3100 ματαιοπονίαν
1603 3028 1688 3083 Henr.
1728 3030 1885 3101 Stephanus

200 3132 284 3186 quam
302 3113 414 3169 llcmori
440 3114 469 3167 in
493 3114 616 3169 secundo
640 3114 784 3171 affinitatis
809 3135 911 3187 gcncre
935 3119 1030 3175 volunt
1041 3119 1044 3149 ¹
1057 3116 1153 3169 merito
1170 3112 1273 3167 undet
1289 3113 1375 3169 Hebr.
1392 3116 1436 3187 :stt
1451 3132 1469 3167 a
1486 3131 1622 3185 propenso
1641 3115 1670 3168 in
1693 3116 1763 3171 tilios
1781 3114 1884 3171 affectu

200 3202 345 3273 conjungi,
372 3218 434 3256 cum
452 3200 572 3255 addatur
589 3218 708 3271 persona
733 3220 783 3273 per
802 3205 1028 3261 matrimonialem
1056 3202 1096 3255 sic
1116 3199 1221 3269 dictus,
1251 3198 1326 3253 radix
1347 3199 1421 3253 enim
1438 3205 1482 3254 est
1497 3202 1581 3273 ΓῚᾎΝ,
1601 3202 1702 3268 uoluit,
1731 3203 1886 3256 steloctatrss

201 3288 423 3358 conjunctionem
440 3288 529 3357 primo
548 3287 693 3341 affinitatis
711 3290 815 3358 generi.
853 3292 973 3354 Quidam
990 3293 1029 3347 sic
1056 3289 1127 3355 soil,
1155 3284 1235 3355 άρβᾶ,
1256 3285 1332 3356 quod
1350 3290 1440 3340 exstat
1456 3285 1543 3343 Mare.
1566 3293 1610 3352 ll,
1628 3306 1653 3341 v.
1673 3294 1721 3345 dt.
1760 3286 1841 3345 Rom.
1861 3294 1886 3353 s,

203 3374 380 3445 distinguunt
410 3373 555 3430 affinitatis
586 3390 702 3445 genera:
741 3376 864 3430 Primum
891 3383 946 3445 est,
976 3396 1030 3447 ηιιο
1056 3392 1081 3428 ν.
1102 3378 1141 3427 15.
1177 3371 1269 3427 Galat.
1289 3379 1318 3441 t,
1343 3392 1369 3427 r.
1389 3378 1412 3427 6.
1438 3379 1481 3429 est
1504 3392 1537 3428 ex
1560 3374 1681 3429 Arabico
1701 3377 1782 3425 'aaa
1799 3382 1886 3444 pistor

201 3461 315 3527 captati
339 3461 435 3513 aroris
460 3468 524 3513 sussl
550 3461 612 3513 viro
640 3462 758 3529 assistes,
788 3470 814 3515 ct
839 3464 952 3529 capitati
973 3467 1139 3557 vastiorem,
1158 3456 1324 3513 Germanice
1340 3459 1428 3515 llltltt.
1468 3458 1559 3513 Mater
1576 3476 1608 3513 ⁰¹
1624 3458 1730 3514 Graeco
1749 3460 1766 3527 ἡ
1786 3459 1886 3533 μήτηρ.

201 3554 265 3599 suat
282 3546 385 3611 afflues
402 3547 515 3615 οποοάοῑ
540 3546 708 3611 secundnm,
736 3566 790 3617 ηπο
815 3550 919 3613 affines
934 3546 1122 3605 arorls'Dor.
1140 3544 1241 3616 μάτηρ,
1261 3544 1335 3616 quod
1356 3545 1518 3601 Eustathius
1536 3544 1649 3599 deducit
1667 3562 1684 3600 a
1701 3546 1785 3618 μάω,
1809 3548 1883 3619 quod

201 3650 234 3685 aa
251 3632 319 3685 aliis
336 3632 442 3702 nuptiis
455 3634 520 3701 jam
538 3640 602 3685 suist
622 3632 682 3686 r-s'ro
700 3635 811 3699 aflines,
830 3642 855 3687 ct
868 3636 908 3687 itu
927 3639 1098 3706 ‹ssfinrsrest
1117 3636 1192 3701 ζητῶ,
1210 3629 1251 3684 ὅτι
1267 3630 1356 3705 μάτηρ
1375 3632 1449 3685 ἔστὶν
1470 3630 1485 3698 i
1507 3630 1683 3701 wwffllffl'w
1703 3631 1735 3685 τὰ
1753 3632 1823 3705 πρὸς
1840 3639 1886 3701 τὴν
1900 3652 1931 3695 xl

202 3719 258 3771 viri
275 3726 339 3773 susat
358 3718 455 3772 asora
474 3720 594 3785 rrer'rrrs,·
621 3719 747 3783 tertium,
766 3738 819 3789 qrro
841 3722 944 3785 affines
963 3724 1029 3793 afsl-
1040 3696 1043 3761 l
1056 3715 1164 3793 τροφὴν
1179 3724 1237 3778 τοῖς
1255 3724 1387 3785 raptatos.
1413 3716 1498 3773 Hebr.
1519 3717 1589 3783 Uti,
1602 3718 1886 3779 Gemranicetltnttst.

201 3807 277 3860 rotam
304 3808 377 3859 tritor
403 3822 432 3859 sc
460 3809 563 3873 afstass
588 3806 737 3875 dicaretur,
767 3813 798 3861 ut
824 3810 946 3865 secunda
962 3828 1030 3866 uror
1055 3805 1213 3862 Notandum
1230 3803 1283 3858 hoc
1301 3804 1374 3873 loco,
1397 3805 1492 3873 patris
1511 3806 1663 3873 rostrisque
1682 3805 1793 3860 nomine
1809 3807 1886 3877 apud

200 3894 278 3962 ejus,
306 3892 354 3963 qui
376 3908 488 3947 uxorem
511 3876 610 3947 habuit
637 3909 726 3947 meam
750 3893 920 3964 privignam,
949 3898 1030 3952 tertio
1054 3891 1197 3947 Hebraeos
1226 3890 1362 3946 interdum
1399 3890 1491 3945 vocari
1525 3909 1607 3943 arram
1644 3899 1670 3945 cl
1701 3892 1810 3961 αοὶοπ,
1845 3894 1885 3949 sic

201 3977 344 4033 affinitatis
370 3996 472 4050 genere
499 3977 565 4033 mihi
591 3978 711 4048 adjacet.
761 3978 813 4033 Est
838 3980 910 4035 erdm
938 3982 1030 4039 affinis
1054 3978 1127 4033 Dan.
1148 3984 1172 4048 t,
1191 3997 1216 4031 v.
1234 3983 1258 4032 2.
1276 3983 1391 4032 vocatur
1408 3977 1662 4035 Nabuchodonosor
1680 3986 1761 4049 pater
1773 3980 1886 4035 Baitha-

200 4064 329 4137 privigna
354 4064 421 4119 mibi
443 4065 472 4120 in
497 4066 585 4135 primo
609 4080 724 4135 genere,
752 4065 898 4135 privignae
922 4068 964 4122 vir
989 4065 1142 4133 salsuris,
1168 4082 1231 4118 cum
1249 4070 1339 4117 umen
1360 4068 1433 4118 emet
1451 4064 1511 4132 ejus
1530 4080 1613 4127 avus,
1642 4069 1673 4118 ut
1692 4072 1772 4120 notat
1787 4064 1884 4121 Hiero·

202 4153 302 4209 cundo.
349 4152 422 4207 Nam
452 4152 517 4223 quia
546 4150 638 4205 affinis
670 4151 798 4223 privigna
828 4160 883 4222 cst,
917 4156 959 4209 vir
988 4164 1031 4212 est
1057 4169 1155 4222 nymus
1174 4151 1203 4205 in
1222 4167 1317 4206 comm.
1334 4151 1415 4220 cujus
1434 4148 1633 4205 observationis
1652 4168 1718 4205 usus
1735 4151 1810 4207 infra
1826 4171 1886 4209 sesa

202 4219 303 4301 bitinia,
323 4238 451 4293 etaltera
466 4238 551 4309 huJus
571 4254 638 4292 uxor
655 4237 804 4292 estatfinis
815 4238 882 4293 milri
900 4241 1029 4311 intertio,
1056 4237 1153 4293 offeret
1181 4255 1236 4291 non
1265 4236 1489 4292 contemnendus.
1545 4240 1571 4292 2.
1601 4238 1691 4305 Aous,
1729 4236 1843 4301 πάππος
1870 4258 1887 4296 a

202 4326 269 4395 quia
286 4324 328 4378 vir
347 4324 408 4394 ejus
425 4324 454 4377 in
472 4326 592 4379 secundo
611 4323 702 4379 aflinis
721 4329 771 4379 est.
806 4324 893 4381 Juxta
911 4345 1029 4399 quorun·
1041 4366 1044 4423 Ι
1056 4320 1168 4392 πάππα,
1186 4340 1257 4395 quae
1276 4329 1318 4379 est
1335 4339 1388 4376 vox
1407 4338 1555 4391 puerorum
1573 4323 1803 4394 balbutientium,
1830 4344 1886 4399 qua

201 4410 265 4465 dam
289 4408 455 4465 sententiam
480 4408 566 4463 oritur
590 4409 674 4463 ctiam
692 4409 722 4463 in
746 4428 778 4464 co
798 4428 862 4465 casn
879 4417 1029 4468 samosatum
1055 4416 1163 4480 patrem
1174 4410 1349 4481 compellant.
1379 4408 1450 4465 Rab.
1468 4411 1517 4483 1121
1535 4427 1625 4468 senar,
1640 4410 1727 4465 Arab.
1740 4415 1784 4485 ¹13,
1793 4410 1886 4469 Germ.

201 4498 356 4567 affinitatis
374 4514 469 4565 persas,
490 4495 602 4566 quando
614 4502 693 4565 pater
705 4497 804 4551 viduus
818 4496 904 4553 lilium
924 4496 1219 4565 habenstlrottatct,
1247 4496 1363 4563 batem,
1390 4496 1518 4565 pertitio.
1555 4498 1642 4563 rlrs'u,
1666 4494 1682 4563 ἡ
1715 4494 1819 4571 μάμμη
1842 4499 1886 4555 rel

201 4584 278 4638 ducit
304 4584 403 4639 viduae
432 4582 532 4647 tiliam,
564 4588 630 4636 tunc
658 4583 732 4637 enim
754 4582 842 4638 lilium
867 4586 943 4641 vidui
970 4542 1169 4655 fierilsanntr
1189 4580 1496 4659 i1i0t‚Rab·¹‘l³Els
1515 4581 1600 4636 Δηὼ·
1625 4584 1693 4658 ³21³„
1704 4584 1885 4653 (bratteatas,

201 4668 313 4723 affinem
332 4686 468 4725 novercae
485 4668 559 4723 filiae
578 4667 746 4722 insecundo
765 4686 868 4739 genere
886 4671 1028 4727 affinitatis
1055 4670 1170 4737 llairaa,
1191 4668 1326 4740 &stultia
1363 4667 1414 4721 Est
1425 4676 1519 4723 autem
1533 4686 1600 4722 arus
1617 4669 1727 4739 duplex,
1739 4680 1885 4739 paternas,

201 4760 335 4823 statuunt,
354 4756 541 4811 mediantibus
558 4754 663 4809 scilicet
681 4756 790 4811 duabus
807 4758 940 4827 personis,
951 4768 1031 4830 patre
1055 4757 1142 4826 patris
1163 4754 1269 4811 scilicet
1292 4761 1385 4825 pater,
1409 4752 1525 4815 πάππος
1548 4755 1563 4808 ὁ
1592 4754 1661 4829 πρὸς
1683 4757 1796 4830 πατρός,
1818 4778 1885 4835 προ·

202 4847 230 4895 et
259 4828 454 4911 superinducta
484 4859 612 4897 noverca.
657 4840 713 4897 Sed
744 4860 808 4897 cum
832 4844 903 4899 inter
928 4824 1162 4922 liberosffmtrwp,
1190 4843 1388 4913 πατροπάιωη,
1408 4843 1512 4915 πατρὸς
1533 4840 1620 4915 πατήρ
1639 4840 1761 4899 Homero
1785 4844 1885 4913 dictus,

200 4926 277 4982 vidui
295 4944 327 4981 ac
345 4928 445 4984 viduae
462 4928 541 4984 novis
558 4927 662 4999 nuptiis
690 4931 899 4999 conjunctorum
919 4930 1043 4986 deficiat*
1056 4932 1099 4986 ter
1132 4929 1281 4999 (brabantes
1312 4938 1373 4984 toas
1404 4928 1486 4985 liutet
1515 4930 1573 4997 btr3
1603 4937 1760 4993 intolerans,
1791 4930 1884 4985 matris

200 5028 303 5067 novum
331 5014 549 5078 matrimonium,
588 5014 663 5086 quod
694 5014 781 5069 omnis
814 5014 957 5070 affinitatis
988 5024 1030 5071 est
1055 5016 1161 5069 scilicet
1178 5022 1273 5085 pater,
1297 5010 1411 5074 πάππος
1430 5014 1445 5066 ὁ
1466 5010 1532 5086 πρὸς
1556 5012 1670 5089 μητρός,
1693 5016 1884 5093 μηιροπάιορ,

200 5098 375 5168 principium,
394 5098 455 5153 ideo
473 5118 574 5156 novum
592 5115 682 5171 genus
699 5101 880 5171 attingentiae
895 5108 924 5155 et
940 5101 1028 5156 alfini·
1056 5101 1260 5170 betdtcfibattt
1279 5109 1332 5157 toa
1344 5102 1560 5167 berilluttetbtr.
1584 5100 1630 5155 Sic
1648 5104 1752 5157 sturia
1760 5112 1884 5171 paterna

200 5184 266 5239 tatis
287 5181 331 5237 hic
350 5183 414 5237 oriri
434 5184 480 5237 alii
500 5195 613 5256 negant,
634 5186 804 5242 commodius
818 5186 903 5257 igitur
915 5184 1243 5263 censentgnarpoprirqp,
1271 5188 1337 5241 auia
1372 5196 1498 5240 materna
1532 5184 1718 5261 prppopr'spp.
1765 5184 1885 5249 ΙΙάππος

200 5277 335 5337 statuere,
366 5268 441 5338 quod
467 5270 563 5324 eodem
585 5288 685 5341 genere
710 5282 739 5327 ct
757 5271 848 5343 gradu
876 5270 1180 5345 affinitatis,5absolute
1209 5274 1328 5344 positum
1355 5279 1483 5329 censetur
1510 5273 1545 5325 de
1571 5291 1623 5328 avo
1651 5283 1769 5345 patemo
1793 5278 1884 5349 potius

201 5374 256 5427 quo
280 5354 371 5409 affinis
395 5355 479 5425 primi
502 5356 610 5427 generis
634 5375 677 5411 nse
702 5357 831 5429 attingit,
859 5357 942 5412 etiam
960 5359 1166 5443 uxortdictum.
1202 5362 1229 5417 3.
1247 5362 1389 5429 Procerus,
1406 5360 1451 5413 avi
1469 5364 1557 5429 pater,
1577 5358 1758 5433 πρόπαππος,
1778 5363 1792 5419 ὅ
1811 5360 1884 5419 πάπ·

201 5444 262 5515 ejus
279 5458 322 5495 me
340 5442 476 5512 attingat,
508 5457 570 5495 cunr
589 5459 656 5497 uxor
673 5442 721 5497 illa
737 5444 812 5498 sacta
828 5444 865 5499 sit
888 5461 951 5498 curn
966 5446 1026 5515 ipso
1039 5460 1042 5501 ἑ
1057 5466 1111 5501 που
1142 5446 1231 5517 παιηη
1262 5446 1352 5515 ,Plato
1371 5447 1405 5499 de
1422 5448 1506 5517 legg.)
1532 5454 1777 5511 παππεπίπαππος
1799 5450 1883 5523 (apud
