4020 6022
203 205 264 276 396
780 200 905 261 Locus
921 195 1128 260 uersutus
1146 195 1316 264 QUINTUS

204 363 275 433 pris,
288 379 350 417 mem
360 378 441 416 nram
451 373 509 414 ose
519 373 634 413 acorem
645 356 752 426 obiicit,
764 356 853 412 uum
866 355 1037 411 duceritaut
1065 351 1180 408 literam
1195 372 1251 409 non
1271 361 1311 407 est
1330 352 1453 421 dubium,
1471 350 1540 421 quein
1557 348 1701 405 Dominus
1718 349 1856 418 loqssatssr
1869 347 1905 401 de

204 444 862 514 abaliodimissam‚acommunioneseprepotor.
870 440 1038 497 Temerariis
1063 439 1127 493 sola
1151 439 1345 504 fornicatione
1371 437 1533 510 spirituali,
1562 443 1589 490 et
1611 443 1767 507 praeterea
1790 433 1906 502 salsum

204 533 291 605 igitur
306 533 611 605 repudianonautem
622 528 885 600 justodiscrtiohic
899 532 1040 583 emonem
1065 531 1121 594 cst,
1154 525 1189 579 ob
1219 526 1363 595 quodlibet
1381 525 1486 578 crimen
1502 539 1587 593 posse
1605 522 1706 576 dirimi
1721 520 1906 575 memnonia

205 620 359 691 oppositus,
373 620 445 673 sicut
459 623 488 672 ot
501 617 651 672 Balsamou
664 614 1037 685 commentatorejusinnot.
1065 612 1150 663 etiam
1166 613 1264 680 pseud
1281 618 1381 665 torum.
1430 615 1469 665 10.
1488 607 1533 664 De
1553 607 1700 662 Primosio
1720 606 1843 661 diximus
1861 621 1904 658 su·

206 704 332 775 exponit:
348 705 403 768 Qui
411 722 491 758 neam
499 709 735 773 usoremproeter
746 702 885 756 rationem
894 700 982 769 ejicit,
991 698 1040 767 qui
1066 696 1160 765 parius
1191 695 1221 749 in
1251 695 1435 766 explicatione
1469 693 1538 749 dicti
1567 693 1715 763 apostolici
1748 698 1774 749 1.
1799 691 1864 747 Cor.
1883 697 1905 745 t.

206 789 325 844 liberam
342 808 398 844 non
415 790 531 860 accepit,
550 791 603 844 sed
614 787 833 860 ἀπολελυμένην,
852 801 925 855 quae
937 802 994 839 non
1006 800 1039 838 er
1066 780 1234 836 Posteriores
1262 798 1318 836 non
1344 797 1492 835 moramur.
1536 780 1570 832 In
1592 779 1712 834 coneilio
1737 777 1905 832 Florentino

206 875 268 944 iepe
290 894 310 928 a
331 893 382 928 ruo
402 875 506 930 marito
527 883 568 928 est
590 881 733 944 separato,
747 890 768 926 a
789 871 979 926 communione
997 885 1040 922 se·
1066 884 1128 921 cum
1146 866 1254 921 Graeci
1277 887 1296 922 a
1318 868 1432 922 Latinas
1452 873 1666 932 commorentur,
1691 866 1771 935 quod
1788 869 1906 934 propter

205 969 342 1029 prepetur.
387 963 413 1012 2.
451 960 590 1023 Justinus,
626 961 824 1027 Athmaporas
859 967 885 1011 et
916 957 1040 1011 Clemens
1067 954 1241 1008 adulterium
1265 953 1446 1008 matrimonia
1474 952 1674 1020 dissolverent,
1696 952 1906 1022 responderint

206 1045 417 1100 Alauandrinus
430 1044 531 1100 itidem
538 1044 573 1100 de
590 1044 743 1099 temerariis
760 1044 896 1098 duntaxat
915 1040 1040 1096 divortiis
1066 1039 1120 1106 illi,
1139 1057 1169 1094 se
1186 1059 1254 1094 suas
1270 1040 1394 1094 rationes
1412 1039 1530 1107 holme,
1550 1036 1649 1091 scribit
1666 1035 1853 1091 Bellarminus
1870 1034 1905 1088 de

205 1129 317 1202 proprio
335 1129 451 1185 arbitrio
469 1130 540 1184 citra
557 1129 746 1185 fornicationis
772 1145 885 1183 causam
909 1141 1040 1197 expressa
1066 1129 1145 1180 matr.
1166 1142 1226 1197 cap.
1246 1131 1286 1181 15.
1306 1121 1333 1200 ξ.
1354 1130 1378 1179 2.
1397 1123 1450 1177 illis
1469 1139 1503 1177 ex
1520 1122 1675 1176 manifestis
1687 1119 1792 1176 Christi
1810 1119 1904 1175 verbis

205 1215 308 1271 Christi
326 1233 394 1272 soce
410 1215 511 1273 Matth.
533 1223 557 1271 5.
575 1221 604 1270 et
624 1221 663 1272 19.
681 1213 827 1285 prohibitis
840 1220 937 1285 agimt.
958 1211 1040 1275 Quod
1067 1211 1193 1266 deductis
1215 1211 1370 1266 rationibus
1399 1208 1494 1264 Latini
1524 1207 1689 1263 debuissent
1717 1207 1905 1278 acquiescere,

206 1303 343 1358 secundas
372 1302 484 1373 nuptias
506 1306 572 1372 post
597 1308 713 1356 mortem
738 1299 836 1369 prioris
857 1299 951 1353 uxoris
975 1314 1039 1352 con·
1070 1297 1267 1351 Tridentinum
1284 1295 1431 1351 concilium
1457 1294 1538 1366 quale
1555 1293 1653 1362 tuerit,
1672 1293 1854 1364 exposuimus
1876 1291 1905 1344 in

205 1394 309 1443 mactas
327 1387 521 1458 Athenagoras
538 1384 663 1459 εὐπρεπῆ
675 1390 804 1459 μοιχείαν
820 1389 910 1449 vocat,
934 1383 964 1438 id
983 1399 1039 1438 ma·
1066 1386 1147 1438 tract.
1166 1382 1202 1437 de
1222 1383 1386 1453 magistratu
1406 1380 1528 1451 politico.

206 1473 336 1529 nitestum
355 1472 431 1542 tacit,
452 1479 587 1544 quantum
605 1474 665 1543 ejus
683 1471 840 1527 auctoritati
858 1468 1036 1525 tribuendum
1102 1474 1159 1525 590.
1200 1468 1326 1527 Tertiam
1362 1481 1480 1538 eamque
1519 1465 1646 1520 ultimam
1674 1466 1905 1536 argumentorum
1916 1471 1977 1564 umes

206 1559 251 1614 sit
283 1565 308 1614 3.
326 1558 370 1613 De
393 1558 572 1613 Tertulliano
590 1564 617 1610 et
635 1558 755 1625 Oriocrm
773 1557 893 1611 diximus
905 1555 1039 1626 superius.
1066 1553 1182 1608 classem
1210 1553 1331 1624 complet
1366 1551 1552 1608 Bellarminus
1585 1551 1707 1623 quinque
1734 1548 1906 1605 rationibus.
1917 1535 1984 1617 211,ss

206 1645 410 1700 Tertullianum
440 1646 534 1702 Sixtus
564 1643 694 1699 Senensis
723 1641 887 1698 Pontificius
915 1645 1042 1695 numerat
1067 1639 1161 1694 Prima
1176 1639 1265 1709 petita
1284 1643 1327 1693 est
1344 1656 1376 1692 es
1394 1639 1522 1708 conjuqii
1537 1644 1652 1694 natura.
1684 1636 1906 1690 Matrimonium
1918 1627 1946 1720 {q
1947 1628 1987 1719 ὦ

207 1730 279 1786 iuter
288 1747 342 1796 eos,
354 1731 492 1800 quicerta
513 1739 540 1784 ct
555 1730 717 1784 indubitata
727 1729 883 1783 assertione
896 1727 1042 1796 utrimque
1062 1724 1194 1793 fidelium
1212 1725 1321 1794 sipnum
1340 1731 1380 1778 est
1397 1723 1602 1793 conjunctiones
1616 1722 1722 1776 Christi
1738 1739 1802 1776 cum
1820 1722 1906 1776 eccle·
1919 1731 1987 1823 pm

207 1817 332 1886 repudii,
350 1817 402 1871 hoc
422 1822 462 1871 est
487 1836 506 1870 a
530 1816 710 1870 contubernio
734 1823 761 1869 et
786 1814 930 1879 connubio,
956 1814 1041 1867 licen·
1068 1812 1114 1864 eia
1127 1811 1203 1880 Epis.
1223 1816 1250 1865 5.
1269 1818 1300 1863 at
1317 1811 1371 1865 clla
1387 1811 1455 1865 unio
1476 1809 1683 1864 indissolubilis
1700 1816 1748 1873 est,
1769 1809 1860 1877 igitur
1880 1814 1906 1861 et
1919 1835 1987 1875 „mg

207 1901 277 1954 tiam
296 1902 499 1971 approbarunt,
516 1900 701 1957 Bellarmiuus
718 1917 782 1954 eum
798 1917 849 1971 pro
865 1897 1043 1953 suaadducit
1068 1897 1210 1951 uinculum
1228 1896 1378 1965 conjuoole
1402 1903 1442 1949 eet
1464 1895 1669 1950 indissolubile.
1715 1896 1757 1948 Et
1777 1889 1969 1965 quamris‘m

208 1987 358 2055 seutentia;
378 1985 508 2040 conciliet
523 1985 601 2054 haec,
620 1985 669 2057 qui
689 1990 789 2055 potest.
822 1992 848 2040 4.
868 1983 1043 2037 Exconcslio
1069 1989 1129 2038 tota
1154 1984 1238 2038 simu
1264 1982 1383 2037 ecclesia
1411 2000 1430 2035 a
1451 1983 1514 2037 Deo
1541 1981 1688 2045 fornicari
1709 1999 1766 2036 non
1788 1980 1909 2051 poterit,

208 2072 357 2126 Eliberino
375 2071 433 2125 sive
454 2070 614 2124 Elibertino
639 2069 789 2125 Gratianus
813 2086 888 2127 caus.
911 2074 952 2125 ³2.
972 2087 999 2139 q.
1018 2074 1042 2123 l.
1070 2079 1161 2126 tunm
1185 2071 1299 2139 aliquae
1317 2076 1418 2136 partes
1443 2068 1591 2138 ecolesma,
1619 2067 1753 2122 nonnul&
1775 2065 1909 2120 uidelicet

208 2156 323 2211 adducit
342 2155 480 2228 quendam
499 2170 639 2224 mnonem,
665 2155 713 2226 qui
730 2156 830 2210 manto
849 2154 992 2226 permittit,
1011 2158 1044 2208 ut
1064 2157 1168 2224 fideles
1184 2155 1367 2220 fornicantur
1390 2156 1531 2208 interdurn
1555 2154 1745 2222 spiritualiter
1765 2160 1791 2206 et
1811 2152 1908 2205 diocr-

210 2243 322 2313 abjecta
340 2259 432 2312 uxore,
450 2259 602 2313 quaecum
619 2241 705 2297 fratre
723 2242 814 2296 mariti
832 2259 862 2297 se
887 2241 1042 2310 miscuerat,
1071 2243 1140 2297 tium
1155 2243 1288 2312 faciunt,
1312 2242 1364 2294 secl
1384 2257 1441 2294 non
1454 2247 1611 2309 propterea
1628 2239 1694 2293 licet
1713 2239 1776 2292 sils's
1797 2245 1908 2292 mutare

210 2329 295 2383 ducat
313 2327 406 2385 uliam.
437 2335 460 2384 5.
478 2328 644 2383 Ambrosius
668 2327 791 2398 loquitur
818 2327 853 2384 de
881 2327 1043 2381 dimissione
1073 2330 1181 2394 Deum,
1199 2334 1248 2381 out
1270 2328 1349 2380 Deus
1367 2327 1407 2380 ito
1426 2327 1493 2380 illos
1511 2326 1624 2395 abjicit,
1646 2331 1677 2378 ut
1694 2325 1768 2378 nolit
1783 2325 1909 2378 reconci-

209 2431 266 2482 quo
283 2415 316 2478 fit
334 2415 394 2467 sine
409 2413 533 2479 emmine,
552 2418 584 2467 ut
601 2430 631 2468 se
650 2413 741 2484 ipsum
759 2413 868 2468 dirutis
885 2412 978 2468 verbis
997 2429 1043 2467 ex·
1070 2415 1155 2484 liari,
1189 2414 1244 2469 imo
1274 2431 1383 2484 semper
1414 2414 1544 2468 hortatur
1572 2415 1614 2466 od
1639 2412 1909 2468 reconciliationem.

209 2500 304 2570 plicat,
331 2500 405 2572 quod
436 2499 509 2554 enim
536 2499 565 2552 in
593 2515 678 2553 causa
704 2498 815 2553 divortii
833 2503 947 2570 propter
964 2498 1042 2553 adul·
1073 2501 1144 2555 Tale
1165 2500 1251 2568 iqitur
1269 2501 1349 2554 dehet
1368 2517 1427 2555 esse
1444 2500 1606 2570 conjupirun
1626 2498 1862 2567 Christianorum,
1878 2505 1910 2552 ut

209 2585 308 2641 terium
325 2585 450 2657 legitime
468 2585 572 2639 iactum
596 2585 695 2639 marito
715 2586 762 2655 jeu
785 2585 849 2639 nori
877 2583 1044 2639 matrimonii
1070 2605 1213 2657 nunquam
1245 2587 1303 2641 tale
1333 2586 1484 2640 ‹tiumtium
1508 2588 1574 2655 fiat,
1602 2585 1670 2655 quin
1697 2601 1763 2655 spes
1794 2590 1919 2638 rnaneat¹

209 2671 354 2736 concedat,
390 2669 560 2725 ostendimus
591 2669 726 2739 superius,
761 2685 813 2724 nec
837 2670 929 2740 potuit
951 2669 1044 2726 sixtus
1070 2672 1319 2728 reconciliationis.
1358 2670 1583 2742 Respondemusr
1609 2677 1633 2728 1.
1651 2670 1802 2741 praecipua
1822 2668 1909 2725 omui·

210 2755 340 2812 &uenus
359 2752 485 2812 inficiari.
520 2759 543 2809 6.
562 2755 731 2821 Hieronymi
749 2755 914 2810 senteutiam
926 2755 1044 2810 vidimus
1071 2759 1153 2813 moda
1176 2755 1384 2813 insolubilitatis
1409 2756 1480 2810 ratio
1508 2755 1686 2810 constituitur
1704 2754 1733 2809 in
1758 2771 1806 2821 eo,
1833 2753 1909 2826 quud

209 2842 343 2912 superius.
377 2839 445 2894 Fuit
461 2839 485 2894 is
504 2839 533 2893 in
552 2838 688 2894 secundas
711 2840 823 2910 nuptias
845 2845 1044 2911 postmortem
1071 2843 1275 2899 matrimonium
1292 2842 1416 2897 fidelium
1444 2843 1480 2896 sit
1498 2848 1703 2895 samamentum
1720 2857 1785 2896 sere
1804 2846 1834 2896 et
1846 2857 1909 2911 pro·

210 2927 294 2983 etiam
312 2926 413 2997 prioris
430 2925 556 2997 conjugis
575 2925 658 2980 initas
674 2941 809 2997 perquam
829 2925 956 2997 injurius,
977 2927 1045 2999 quin
1070 2931 1129 3002 pria
1149 2930 1188 2985 sie
1205 2929 1324 2993 dictum,
1353 2935 1382 2983 at
1407 2928 1474 3000 quid
1498 2927 1533 2983 de
1558 2928 1612 2982 hac
1629 2925 1776 2998 hypothesi
1796 2927 1835 2982 sit
1853 2932 1909 2981 sta·

209 3018 239 3068 et
266 3012 361 3084 primis
391 3027 491 3083 parum
514 3027 630 3081 aequus,
658 3015 691 3065 ut
713 3027 746 3065 ex
774 3011 897 3081 ipsorum
917 3013 1044 3067 adversa·
1072 3017 1216 3084 tuendum,
1234 3013 1472 3085 exposuimussuo
1486 3013 1555 3072 loco.
1586 3013 1795 3069 2.Erasmusin
1814 3019 1908 3068 annot

209 3099 311 3154 riorum
329 3097 501 3154 confessione
521 3114 571 3152 suo
599 3096 661 3151 loco
679 3095 858 3166 ostendimus,
886 3098 953 3169 quid
978 3098 1045 3170 e'rgo
1071 3103 1100 3157 in
1124 3118 1186 3172 cap.
1208 3107 1245 3158 19.
1274 3099 1373 3156 Mattb.
1399 3105 1563 3171 argumento
1586 3100 1627 3154 sic
1650 3098 1814 3171 respondet:
1842 3100 1910 3154 Non

210 3185 320 3253 mirum,
339 3184 414 3255 quod
431 3183 544 3254 nuptias
562 3187 627 3253 post
644 3181 793 3236 divortium
811 3183 940 3240 adulterii
959 3201 1045 3239 causa
1069 3189 1201 3260 protinus
1233 3187 1343 3242 tollitur
1371 3186 1547 3240 matrimonii
1575 3193 1794 3251 sacramentum,
1823 3185 1851 3238 si
1878 3184 1909 3238 in

208 3268 313 3325 iactum
345 3285 378 3324 ex
406 3286 536 3339 perverso
564 3267 712 3323 verborum
742 3265 843 3323 Christi
873 3274 902 3323 et
927 3270 1045 3340 apostoli
1070 3275 1172 3346 paucis
1190 3273 1350 3342 conjugium
1367 3273 1442 3327 male
1456 3272 1633 3326 initumbene
1650 3272 1803 3339 dirimetur,
1821 3287 1911 3340 psan-

210 3353 353 3409 intellectu
370 3352 526 3423 improbet?
558 3360 580 3409 7.
594 3352 806 3423 Chrysostomus
817 3360 914 3409 contra
925 3355 1046 3410 divortia
1073 3379 1157 3434 qaam
1174 3361 1246 3415 tanc
1264 3360 1402 3414 rationem
1420 3360 1455 3411 dc
1473 3364 1649 3411 sacramento
1666 3357 1763 3411 nullus
1777 3365 1910 3427 ueterum,

210 3439 357 3494 temeraria
380 3439 512 3508 disputat,
539 3438 672 3509 prohibiti
697 3445 760 3510 post
784 3439 932 3494 divortium
956 3441 1045 3512 legiti·
1072 3448 1149 3517 quod
1168 3446 1270 3514 sciam,
1293 3445 1430 3514 adducit,
1453 3451 1626 3497 cantamen
1645 3442 1790 3513 nepertia
1807 3443 1910 3497 crebra

210 3542 287 3579 mum
309 3523 477 3579 mammone
493 3523 605 3592 bullam
637 3525 748 3578 omnino
771 3525 938 3580 mentionem
970 3525 1045 3591 facit,
1073 3531 1240 3602 caprotina
1265 3531 1303 3584 ns
1320 3528 1491 3599 amirario,
1512 3527 1863 3598 praestinatum
1883 3535 1910 3583 e

211 3627 245 3665 ac
262 3615 373 3666 uostm
389 3610 482 3680 potius
507 3609 660 3665 enuntias
684 3610 775 3680 ipsum
806 3610 938 3666 accedere
956 3616 1045 3666 osten·
1073 3618 1254 3686 Hieronymo.
1308 3621 1332 3670 3.
1364 3612 1513 3685 Spirituale
1542 3613 1704 3684 conjugium
1740 3612 1844 3669 Christi
1880 3619 1910 3668 et

211 3695 303 3752 dimus
324 3697 458 3767 superius.
492 3701 517 3752 8.
544 3695 700 3750 Ooncelium
724 3698 936 3768 meritonam,
967 3701 1046 3770 cujus
1072 3702 1205 3758 ecclcsiae
1225 3718 1281 3756 uun
1302 3699 1462 3754 dissolvitur
1474 3705 1661 3768 permortem.
1690 3699 1908 3768 Hos.2,v.19:

211 3798 345 3838 monem
363 3781 511 3837 concilium
528 3782 703 3852 Afn'canum
727 3782 838 3854 repetit,
860 3784 979 3838 vidimus
1000 3803 1045 3839 su·
1075 3789 1221 3859 sponsabo
1234 3795 1259 3840 tc
1273 3787 1342 3839 mihi
1353 3786 1383 3839 in
1399 3787 1604 3857 sempiternum,
1623 3791 1718 3856 posset
1730 3785 1819 3858 igitur
1827 3787 1910 3857 juxta

210 3869 312 3939 parius.
349 3867 529 3924 Innocentius
553 3868 606 3923 111.
639 3867 675 3922 de
704 3885 737 3924 eo
766 3869 883 3924 divortio
915 3868 1045 3943 loquitur,
1073 3873 1234 3928 Bellarmini
1251 3873 1372 3942 topicam
1388 3871 1497 3942 colligi,
1522 3871 1597 3943 quod
1621 3887 1672 3942 per
1687 3878 1804 3928 mortem
1824 3872 1909 3928 etiam

149 3968 160 3991 ·
213 3953 288 4025 quod
305 3953 432 4009 Christus
451 3953 552 4009 Mattb.
570 3959 595 4023 b,
613 3971 639 4007 v.
657 3958 698 4008 32.
717 3953 867 4024 prohibuit.
904 3960 929 4011 9.
943 3957 1045 4025 Anqu-
1071 3978 1127 4015 non
1145 3958 1267 4013 solvatur
1284 3956 1407 4012 fidelium
1427 3957 1641 4016 matrimonium.
1675 3955 1803 4013 Christus
1822 3960 1908 4015 eccle·

212 4039 281 4092 atini
318 4045 411 4095 aetate
447 4039 519 4094 hanc
562 4038 751 4110 quaestionem
797 4038 882 4094 fuisse
928 4041 1044 4113 rigidius
1072 4046 1139 4100 siam
1160 4062 1238 4100 suam
1255 4061 1311 4098 nou
1333 4043 1445 4112 deserit,
1469 4061 1520 4100 nec
1549 4045 1734 4115 praesentiam
1752 4061 1832 4099 suam
1850 4045 1909 4100 ullo

86 4135 140 4178 xvi.
153 4134 199 4179 teu.
213 4124 349 4196 disputari
379 4130 515 4197 coeptam,
546 4141 610 4181 cum
642 4122 802 4205 Ghemnicio
833 4126 961 4197 fatemur,
996 4129 1044 4183 sed
1072 4137 1195 4204 tempore
1214 4130 1240 4186 ei
1258 4129 1412 4196 subtrahit,
1438 4129 1466 4183 vi
1490 4129 1577 4201 igitur
1595 4129 1806 4185 Bellarminiani
1827 4147 1908 4203 argu·

212 4226 268 4267 nou
303 4216 396 4283 potest
427 4209 610 4265 Bellarminus
635 4210 787 4282 Augustini
816 4214 981 4269 auctoritate
1017 4215 1046 4269 in
1073 4216 1158 4271 menti
1174 4216 1323 4271 divortium
1342 4216 1426 4271 etiam
1445 4217 1543 4285 quood
1560 4223 1652 4270 torum
1670 4224 1697 4269 et
1713 4232 1839 4270 nursam
1857 4215 1910 4271 erit

212 4295 265 4352 hac
286 4297 446 4369 quaestione
463 4313 513 4352 nos
532 4312 664 4367 premere,
680 4303 739 4352 tum
756 4297 822 4370 quia
839 4297 876 4353 ab
894 4299 1046 4371 Augustini
1072 4303 1206 4358 illicitum.
1244 4309 1269 4359 4.
1288 4302 1391 4358 ierem.
1410 4307 1440 4372 3,
1467 4319 1493 4354 v.
1514 4308 1536 4356 1.
1562 4301 1699 4356 Dominus
1717 4299 1795 4356 Deus
1817 4304 1910 4356 noster

215 4383 403 4439 moderatione
427 4381 559 4449 discedit,
590 4381 738 4437 mathema
760 4383 899 4438 diversum
918 4386 1047 4442 sentienti
1072 4405 1103 4444 se
1124 4389 1215 4460 ipsum
1238 4404 1302 4442 cum
1320 4388 1419 4442 marito
1439 4403 1552 4442 uxorem
1578 4387 1733 4442 adulteram
1752 4387 1910 4441 dimittente

213 4484 275 4523 cum
294 4467 419 4524 ¹coneilio
447 4458 611 4522 Tridentino
638 4467 747 4536 dicens,
779 4485 842 4522 cum
870 4470 1046 4542 Augustinus
1072 4475 1214 4547 impariter
1243 4473 1351 4530 confert
1376 4490 1410 4528 ac
1434 4473 1621 4528 diversitatem
1643 4472 1714 4528 iuter
1738 4489 1821 4527 suum
1845 4490 1909 4528 cum

212 4556 361 4610 oensbliter
378 4558 516 4610 duntaxat
534 4570 595 4608 eum
613 4555 918 4625 fortissimaeque·
937 4567 1046 4613 contro·
1073 4561 1190 4617 ecclesia
1220 4566 1248 4616 et
1277 4560 1429 4631 conjugum
1466 4558 1538 4615 inter
1571 4575 1601 4614 se
1629 4557 1728 4613 foedus
1758 4559 1909 4615 constitnit

212 4642 287 4696 rium
304 4643 435 4707 defendit
451 4641 499 4696 lib.
519 4642 553 4696 de
567 4639 623 4696 fids
639 4645 667 4696 et
680 4641 783 4712 operib.
801 4659 822 4698 c.
840 4649 879 4700 19.
899 4648 959 4699 tum
980 4647 1047 4716 quia
1077 4649 1166 4717 Vutqo
1184 4647 1308 4700 dicitur:
1334 4645 1368 4700 Si
1384 4646 1521 4700 dimiserit
1545 4647 1589 4699 eir
1616 4662 1731 4700 uxorem
1760 4663 1857 4714 stram,
1882 4654 1910 4699 et

214 4728 368 4799 Augustini
387 4727 552 4784 senteutiam
569 4727 599 4782 in
623 4726 675 4782 bac
695 4727 856 4798 quaestione
874 4729 911 4785 de
927 4730 1046 4788 divortio
1072 4737 1224 4790 recendens
1243 4732 1280 4785 ab
1300 4748 1333 4787 eo
1359 4733 1471 4787 duruit
1500 4733 1591 4787 virum
1616 4732 1752 4802 aberam,
1771 4733 1911 4802 numquid

215 4814 275 4885 ipse
293 4831 329 4869 ex
349 4821 429 4886 parte
448 4813 564 4883 duait,
589 4812 630 4867 sic
652 4814 726 4869 euim
754 4814 853 4870 scribit
870 4815 919 4876 lib.
940 4817 974 4873 de
990 4837 1047 4874 ma·
1073 4829 1225 4877 revertetur
1251 4820 1292 4874 ad
1315 4836 1376 4874 eom
1399 4820 1501 4874 ultra?
1524 4820 1664 4889 numquid
1678 4836 1734 4872 non
1747 4817 1863 4888 polluta
1883 4825 1909 4872 et

214 4900 287 4955 trim.
309 4917 370 4971 cap.
395 4905 435 4959 14.
461 4897 556 4975 §.162
583 4899 642 4953 Gur
668 4901 858 4957 dimissionem
881 4904 915 4957 ot
941 4905 1047 4961 crimen
1074 4907 1266 4963 contaminato
1288 4907 1343 4960 erit
1369 4912 1448 4960 terro
1472 4905 1550 4960 illa!
1586 4914 1616 4959 tu
1644 4912 1736 4959 autem
1759 4905 1911 4969 fornicata

215 4986 357 5041 Dominus
375 4986 480 5041 duait
508 5004 565 5042 non
577 5003 661 5056 posse
688 4986 753 5053 tieri
778 4987 837 5041 nisi
852 5005 941 5044 causo
955 4991 1047 5055 forni-
1075 5010 1104 5047 es
1123 5010 1185 5046 cum
1202 4992 1375 5046 amatoribus
1399 4992 1508 5060 multis,
1532 4998 1623 5045 tamen
1645 4997 1781 5044 revertere
1801 4992 1844 5044 ad
1858 5007 1911 5053 me,

215 5071 350 5142 cationis,
375 5087 437 5125 mem
454 5079 548 5128 tamen
560 5073 655 5143 possit
674 5072 738 5138 fieri
755 5070 839 5126 etiam
859 5074 894 5128 ob
913 5076 975 5129 alio
995 5079 1048 5132 cri·
1074 5079 1144 5132 dicit
1162 5079 1311 5133 Dominus.
1353 5077 1498 5141 Quomodo
1523 5075 1610 5148 igitur
1626 5081 1759 5146 tunquam
1777 5074 1911 5145 simplici·

215 5160 301 5224 mina,
320 5158 495 5227 Aupustinus
514 5158 592 5223 dicit,
612 5157 750 5213 rationem
768 5175 836 5229 esse,
854 5161 922 5230 quia
939 5164 1048 5218 nomine
1073 5170 1115 5219 ter
1135 5170 1164 5219 et
1182 5163 1308 5220 absolute
1324 5163 1405 5234 paria
1422 5181 1456 5219 ea
1468 5162 1593 5219 conferre
1605 5159 1772 5233 possumus?
1803 5167 1827 5216 5.
1846 5160 1911 5217 Non

213 5245 353 5301 moechiae
379 5243 505 5312 intelliqi
529 5253 649 5315 possiunt
680 5246 774 5300 omnia
801 5247 927 5304 crimino.
972 5250 1048 5304 Nom
1073 5265 1221 5322 negamus,
1240 5248 1310 5306 serio
1328 5248 1479 5305 mouendus
1497 5255 1526 5304 et
1543 5247 1731 5302 exhortandos
1749 5262 1810 5302 esse
1829 5248 1912 5301 mari·

214 5334 298 5387 etiam
315 5331 484 5387 idololatria
502 5339 528 5386 et
548 5334 637 5388 omnis
655 5333 815 5403 superstitio
834 5340 876 5388 est
885 5336 1048 5401 fornicatio
1072 5342 1125 5405 tos,
1144 5340 1177 5392 ut
1194 5337 1328 5407 conjuges
1346 5335 1501 5404 adulteras,
1522 5335 1545 5389 si
1564 5350 1656 5389 seram
1674 5350 1707 5388 ac
1726 5332 1827 5388 seriam
1844 5349 1913 5404 poe·

215 5421 352 5489 quaedam
377 5417 539 5489 spirituales
566 5438 627 5474 ciem
649 5420 743 5489 salsis
761 5420 819 5473 dis's
848 5429 899 5478 etc.
928 5425 980 5478 sed
1007 5426 1048 5479 od
1073 5424 1216 5479 nitentiam
1237 5426 1324 5493 agant
1342 5428 1370 5476 et
1387 5428 1488 5476 certam
1498 5414 1583 5492 'spem
1604 5418 1806 5474 emendationis
1827 5435 1914 5489 prae-
