4020 6022
205 291 261 348 198
786 280 909 338 LOCUS
928 277 1134 340 uouemus
1154 280 1321 346 QUINTUS

199 436 320 491 noeentii
352 435 381 489 in
415 434 540 490 concilio
561 433 743 488 Latersnensi
775 433 976 504 prohibitiones
1005 434 1035 487 in
1063 433 1169 490 iaciunt
1185 434 1221 488 ad
1240 432 1317 495 τάξιν
1339 442 1366 489 et
1386 434 1607 506 sinpqpao‘rnr,
1623 438 1672 494 sed
1685 439 1760 494 solus
1775 441 1900 511 pontifex

200 523 322 577 secundo
352 539 385 575 ac
418 519 503 575 tertio
531 518 676 572 affinitatis
705 536 807 591 genere
837 521 949 591 penitus
973 523 1039 572 aurit
1064 536 1119 574 non
1138 527 1181 575 est
1208 520 1339 590 ecclesia,
1368 530 1396 577 et
1426 523 1606 578 conciliorum
1629 531 1754 580 veterum
1780 543 1900 583 canones

201 608 340 671 sublatae,
372 607 449 661 unde
474 604 616 660 hodiernis
634 605 743 676 legibus
761 612 791 662 et
817 606 939 661 moribus
958 611 1039 675 pater
1065 607 1246 677 magistratus
1266 607 1372 677 politici
1393 610 1558 665 auctoritate
1571 616 1637 665 sunt
1646 610 1809 680 confirmati,
1830 630 1901 684 quas

201 701 231 750 et
254 693 329 747 iilius
357 696 476 763 possunt
504 690 605 746 ducere
631 696 747 745 matrem
777 699 806 747 et
828 691 913 746 filiam
933 707 966 746 aa
983 691 1038 745 duo
1064 690 1093 745 in
1111 692 1311 748 recentioribus
1330 693 1491 762 pontificum
1509 695 1754 752 constitutionibus
1774 698 1875 754 deficit.

201 779 301 836 iratres
334 784 449 833 matrem
479 783 507 832 et
538 775 623 830 filiam
673 793 722 830 reu
751 777 821 830 duas
842 794 957 832 sorores.
977 792 1038 847 cap.
1101 783 1160 833 338.
1197 781 1223 834 2.
1241 779 1364 832 Ratione
1381 794 1487 833 causae
1511 782 1678 835 materialis.
1736 785 1903 839 Extenditur
1916 790 2004 831 ausa

202 864 284 932 Quod
304 881 387 934 super
405 863 454 917 his.
491 863 584 916 Extra.
605 861 640 916 de
658 877 790 934 consang.
806 859 841 917 'et
858 861 934 917 attin.
1067 862 1216 934 prohibitio
1236 879 1326 934 usque
1338 862 1375 918 ad
1388 864 1507 935 gradum
1525 870 1663 936 quartum,
1676 883 1739 921 cum
1752 867 1796 924 lex
1808 870 1904 925 divina
1918 853 2004 935 mi

97 961 142 1001 aar
156 960 179 1000 n
238 955 296 1005 337.
337 948 471 1012 Quamvis
488 964 554 1003 vero
567 947 766 1018 prohibitiones
777 948 950 1015 vetustiores,
969 962 1040 1019 quaa
1065 965 1120 1003 non
1137 949 1333 1019 progrediatur
1350 948 1426 1004 ultra
1440 950 1593 1004 secundum
1611 951 1737 1022 gradum
1776 954 1904 1009 Prohibi·
1919 946 1958 985 ¹¹³·

75 1013 190 1103 iiiiii&
203 1052 292 1106 usque
317 1034 353 1088 ad
379 1035 528 1104 septimum
545 1033 663 1104 gradum
690 1033 925 1097 extendebantur,
951 1033 979 1087 in
996 1049 1040 1088 ec·
1065 1033 1168 1087 donem
1192 1035 1270 1087 tertii
1297 1038 1407 1103 marius
1439 1035 1540 1089 diuinis
1565 1035 1799 1106 prohibitionibus
1827 1042 1905 1095 velut

75 1115 161 1215 iffi
204 1121 290 1177 alesia
306 1121 435 1175 Romana
448 1119 504 1173 sint
516 1120 670 1190 abrogatae
689 1124 717 1172 et
729 1118 766 1172 ad
778 1123 908 1189 quartum
923 1119 1041 1189 gradmr
1067 1117 1215 1187 sepimenti
1240 1119 1301 1174 loco
1330 1120 1523 1176 aChristiano
1550 1121 1716 1194 magistratu
1733 1124 1801 1179 addi
1821 1143 1905 1196 posse

76 1218 165 1258 oenus.
202 1213 260 1262 tam
277 1207 306 1261 in
319 1205 572 1274 cansanpoinitote,
586 1222 671 1275 quarn
687 1205 717 1259 in
728 1207 872 1272 affinitate
889 1205 1041 1273 restrictae,
1067 1205 1252 1273 concedimus,
1272 1210 1303 1259 ut
1320 1205 1435 1261 inferius
1454 1206 1616 1277 apparebit,
1643 1208 1691 1263 sed
1711 1226 1768 1264 non
1787 1216 1907 1282 apparet

202 1293 327 1347 nondum
346 1298 440 1347 umen
460 1291 623 1361 persuaderi
642 1297 759 1362 possunt
773 1290 905 1346 ccclesiae
921 1295 1040 1356 nomme,
1067 1289 1155 1358 ratio,
1189 1307 1239 1344 cur
1269 1299 1401 1360 quartam
1427 1294 1550 1359 madum
1583 1293 1720 1350 voluerint
1754 1296 1907 1367 adjectum,

202 1385 234 1432 ut
258 1379 402 1449 papalium
427 1376 534 1431 illarum
561 1375 778 1446 prohibitionum
800 1379 871 1447 jugo
898 1392 958 1432 sese
975 1376 1040 1430 sub·
1069 1374 1153 1444 hujus
1186 1377 1258 1430 enim
1289 1376 1483 1447 prohibitionis
1503 1395 1554 1432 nec
1572 1379 1600 1431 in
1631 1378 1693 1449 lege
1712 1380 1822 1452 divina,
1854 1400 1907 1440 nec

199 1462 313 1534 jiciant,
349 1463 417 1535 quin
446 1463 539 1532 potius
564 1461 680 1517 firmiter
703 1466 842 1530 statuunt,
870 1478 916 1517 eas
946 1459 1041 1515 multis
1067 1458 1176 1530 injure
1194 1460 1279 1530 civili,
1299 1478 1352 1516 nec
1370 1462 1399 1516 in
1419 1463 1599 1518 vetustiorum
1623 1466 1804 1522 conciliorum
1823 1485 1907 1526 cano·

76 1550 190 1595 imm
204 1549 295 1605 modis
321 1549 434 1604 vitiosas
460 1564 531 1606 esse.
570 1552 593 1600 1.
614 1549 736 1602 Ratione
756 1564 859 1602 causas
883 1549 1039 1618 efficientis.
1066 1544 1148 1600 nibus
1166 1545 1253 1599 ullum
1272 1553 1361 1602 exstat
1379 1547 1534 1618 vestigium.
1570 1549 1721 1605 Hrabanus
1740 1554 1769 1605 in
1788 1554 1907 1623 epistola

75 1611 177 1692 iiiiii·
204 1634 402 1707 Promulgatae
422 1640 487 1689 sunt
504 1633 557 1689 hae
575 1635 651 1704 leges
670 1634 837 1687 auctoritate
851 1649 967 1703 popae,
993 1635 1041 1706 qui
1067 1631 1103 1684 ad
1121 1629 1284 1687 Humbert.:
1304 1633 1386 1695 Quod
1398 1634 1550 1703 panifices
1567 1653 1653 1704 usque
1674 1639 1715 1690 ad
1735 1647 1844 1692 :marn
1861 1642 1906 1695 oet

74 1705 112 1744 ‘¹¹'
205 1720 317 1776 mcluso
335 1721 501 1792 magistratu
519 1720 635 1790 politico
652 1717 809 1774 Christiano
826 1719 896 1774 tales
921 1719 1040 1790 prohibi·
1066 1717 1212 1784 tantinum
1236 1719 1360 1785 pradum
1385 1720 1547 1788 eonjupium
1569 1721 1733 1790 prolibare,
1756 1724 1849 1792 mapis
1873 1744 1906 1780 sa

203 1807 293 1860 tiones
327 1805 487 1861 introduxit.
532 1807 597 1861 Janr
629 1819 694 1858 vero
717 1808 840 1874 potestus
864 1805 1040 1860 ferendarum
1070 1802 1270 1856 consuetudine
1309 1804 1432 1857 bumana
1470 1823 1554 1874 msam
1581 1824 1614 1860 ea
1642 1808 1705 1876 lepe
1728 1810 1827 1862 reinna
1857 1829 1906 1865 sos

203 1892 297 1964 legum
323 1891 575 1946 ecclesiasticarum
600 1906 655 1944 non
678 1889 811 1958 competit
831 1890 881 1945 soli
907 1889 1040 1959 pontifici,
1067 1888 1248 1960 praecepisse
1266 1891 1445 1945 aredsndum.
1494 1890 1598 1946 Postea
1618 1892 1711 1961 addit,
1740 1895 1906 1964 hujusmodi

201 1983 234 2033 ut
252 1979 282 2031 in
303 1984 424 2032 mactatu
443 1976 478 2031 de
498 1974 651 2030 ministerio
670 1975 727 2029 late
746 1974 800 2028 fuit
812 1974 1040 2045 demonstratum,
1063 1974 1269 2041 prohibitiones
1287 1976 1441 2029 adulteriis
1462 1979 1635 2032 occasionem
1651 1981 1803 2048 praebere,
1823 1989 1853 2037 et
1870 2000 1904 2037 ex

202 2063 379 2136 politicarum
406 2064 502 2134 legum
521 2061 698 2117 ferendarum
718 2067 841 2132 potestas
863 2061 940 2116 nullo
958 2061 1040 2117 modo
1067 2074 1099 2111 ec
1124 2058 1224 2127 infert,
1252 2061 1352 2116 bonum
1377 2078 1451 2129 esse,
1477 2070 1506 2115 at
1525 2065 1736 2131 praetermissis
1759 2066 1821 2120 iltis
1836 2086 1904 2136 pra-

201 2150 254 2220 ipsi
284 2149 425 2218 competit.
475 2150 622 2202 Romanus
651 2148 782 2216 pontisas
807 2165 864 2201 non
894 2157 933 2200 ert
950 2165 1040 2216 supra
1066 2144 1247 2199 bibitionibus
1269 2147 1342 2216 lepis
1360 2146 1608 2202 diuinasseroetur
1622 2150 1792 2208 constitutio.
1825 2152 1904 2208 Idem

201 2234 354 2304 Christum,
372 2235 470 2289 scribit
488 2234 619 2290 Brentius
637 2235 666 2289 in
683 2240 828 2289 comment.
866 2234 981 2289 Levitic.
1003 2239 1040 2290 te.
1067 2231 1103 2285 de
1120 2231 1305 2300 prohibitione
1321 2232 1416 2302 quarti
1432 2233 1536 2304 modus
1557 2234 1681 2289 dicimus.
1711 2237 1903 2308 RegeritBel-

203 2338 265 2375 anm
291 2321 352 2389 :pse
377 2320 462 2374 etiam
487 2338 544 2374 non
567 2321 626 2374 nisi
647 2320 709 2390 ejas
737 2321 875 2373 uicarium
892 2338 923 2374 so
936 2321 1040 2387 faeiat.
1068 2316 1422 2387 larminut,probt'bt'lt'onea
1431 2320 1571 2374 Leviticae
1584 2323 1782 2377 eeaoJutlat'co
1796 2333 1903 2379 tautum

203 2409 242 2460 At
263 2407 389 2461 etratus
417 2422 474 2459 non
503 2407 577 2460 asab
599 2406 677 2475 lepos
699 2405 835 2474 politicas
865 2406 1040 2469 constituere,
1065 2403 1172 2474 popolo
1187 2403 1350 2472 peculiares
1361 2404 1494 2458 anabiud
1505 2407 1650 2461 conuenire
1667 2408 1715 2463 illi
1731 2411 1782 2463 uni
1795 2413 1902 2481 populo

203 2494 255 2546 sesi
278 2493 390 2546 verbam
419 2492 479 2545 Dei
502 2492 680 2547 annuntiare.
730 2489 806 2562 Ergo
828 2508 879 2546 nec
898 2491 1039 2546 Romanus
1068 2488 1151 2541 aliud
1174 2488 1309 2542 ecclessiae
1334 2486 1516 2544 Christianae
1540 2505 1593 2559 per
1611 2509 1705 2547 omnes
1732 2504 1826 2563 pentes
1845 2498 1903 2560 dif-

203 2578 327 2652 pontifex
349 2578 432 2633 debet
450 2583 501 2633 aut
517 2581 610 2648 potest
625 2576 761 2648 ejusmodi
774 2577 946 2648 legasserre.
977 2576 1037 2632 Bel·
1064 2578 1157 2638 fasae.
1211 2573 1439 2644 Respondemus:
1470 2575 1609 2630 imovero
1635 2577 1712 2649 leges
1730 2581 1806 2650 illae,
1840 2599 1903 2638 cnm

204 2665 338 2720 larminus
367 2664 401 2719 ds
427 2663 581 2719 matrimon.
613 2680 636 2720 c.
663 2670 705 2720 29.
732 2663 837 2735 regerit
858 2669 881 2722 1.
900 2662 1039 2718 Christum
1067 2659 1123 2714 sin:
1149 2660 1284 2715 naturalis
1311 2667 1340 2715 et
1359 2659 1470 2715 moralis
1488 2660 1558 2732 legis
1575 2669 1684 2732 partes,
1708 2668 1836 2723 omuibus
1855 2668 1902 2723 ho·

161 2764 163 2768 “
199 2752 328 2823 potuisse
355 2751 433 2815 ferra
461 2749 536 2820 lapsa
557 2749 707 2819 politicas,
738 2751 764 2802 si
788 2750 933 2818 oolamset,
965 2752 1042 2819 quod
1069 2743 1190 2801 minibus
1210 2753 1276 2801 sunt
1293 2747 1375 2814 latae,
1390 2752 1422 2801 ut
1441 2747 1612 2802 ostendimus
1630 2751 1765 2820 superius.
1804 2753 1903 2826 Neque

203 2844 296 2893 amem
317 2852 374 2906 por
392 2852 422 2889 se
439 2843 544 2907 potest,
569 2836 602 2889 id
630 2837 716 2890 etiam
730 2851 787 2906 per
803 2837 927 2890 omorio:
940 2843 1040 2905 potest.
1068 2831 1195 2900 quaestio
1217 2831 1262 2886 hic
1279 2837 1335 2902 est,
1359 2850 1396 2887 an
1417 2833 1506 2902 pessit
1524 2831 1696 2889 Christianus
1724 2839 1903 2911 magistratus

202 2921 425 2994 Respondemus:
452 2921 508 2975 imo
531 2937 596 2976 vero
614 2938 731 2991 repnam
757 2938 838 2976 suum
858 2938 918 2977 esse
935 2924 970 2976 rte
989 2923 1041 2975 loc
1067 2916 1203 2987 gradibus
1217 2917 1385 2990 divinalege
1397 2918 1545 2989 prohibitis
1557 2921 1691 2991 quasdam
1702 2924 1903 2992 prohibitiones

203 3011 307 3063 mundo
337 3008 451 3079 negavit
480 3005 600 3063 lohann.
633 3013 676 3075 18,
712 3025 739 3063 v.
773 3013 815 3063 36.
844 3009 984 3079 quaesitus
1003 3009 1040 3064 ad
1067 3002 1189 3072 oddara,
1213 3004 1263 3058 oed
1288 3021 1324 3059 an
1348 3005 1384 3059 ud
1416 3012 1546 3076 quartum
1566 3023 1655 3077 usquc
1671 3009 1792 3078 gradum
1812 3012 1903 3083 prohi-

84 3104 130 3145 ιν.
143 3093 319 3169 aaars'gnum
351 3100 489 3149 terrenum
519 3092 778 3163 insistimus.
804 3099 843 3149 15.
859 3094 985 3164 judicem
1004 3094 1039 3148 de
1068 3087 1139 3143 bitio
1169 3089 1206 3143 sit
1230 3090 1411 3147 extendenda
1458 3091 1487 3147 si
1519 3094 1561 3146 ad
1583 3091 1711 3146 notitiam
1728 3100 1903 3163 sopnationis

205 3187 377 3238 temenorum
406 3180 540 3234 bonorum
568 3178 762 3235 distributione
790 3197 819 3234 sc
847 3197 906 3235 esse
926 3180 1040 3250 negavit
1065 3174 1152 3229 velint
1174 3175 1340 3248 coningere:
1371 3177 1577 3249 respondemus,
1603 3195 1664 3233 earn
1682 3180 1756 3236 ultra
1771 3192 1901 3253 quartum

203 3267 377 3330 Luc.12‚v.
402 3271 440 3321 lt.
459 3281 511 3320 nec
530 3265 641 3336 uspiam
654 3265 796 3336 politicam
808 3266 930 3337 aliquam
948 3266 1038 3337 legem
1065 3259 1184 3330 modum
1214 3278 1244 3316 oe
1273 3263 1429 3332 extendere,
1461 3281 1528 3335 ergo
1557 3265 1640 3320 etiam
1670 3265 1744 3321 ultra
1771 3275 1901 3340 quartum

203 3353 326 3424 proferre
351 3351 453 3420 voluit,
479 3368 544 3406 cum
567 3350 652 3407 officii
676 3353 830 3423 suipertus
849 3353 877 3407 in
899 3353 941 3406 his
960 3352 1039 3410 terris
1065 3345 1184 3416 gradum
1193 3347 1343 3418 prohibitio
1353 3350 1474 3405 debebat
1483 3350 1604 3419 extendi,
1615 3351 1689 3406 unde
1698 3353 1903 3416 Alexanderll.

204 3444 360 3510 perageret,
379 3438 454 3509 quod
473 3438 550 3492 aliud
568 3437 651 3494 hodie
664 3438 730 3493 velit
740 3455 790 3508 per
802 3454 881 3492 suum
898 3439 1040 3506 vicanum,
1067 3430 1151 3499 illud,
1181 3434 1257 3503 qnod
1279 3434 1308 3487 in
1333 3435 1450 3492 concilio
1473 3436 1609 3490 Toletano
1629 3437 1666 3492 11.
1694 3439 1840 3511 statuitur,
1871 3451 1914 3497 at-

204 3524 360 3580 &manum
386 3522 494 3578 scilicet
524 3522 695 3594 pontificem,
727 3540 824 3596 agere,
853 3522 1039 3578 Bellsrminus
1065 3519 1276 3572 matrimonium
1294 3521 1390 3575 niellus
1410 3523 1558 3575 contrabat
1571 3541 1633 3576 oum
1640 3526 1813 3594 propinquis
1824 3529 1902 3597 ubis,

204 3611 327 3665 noudum
345 3609 553 3665 demonstrarit.
591 3613 618 3665 2.
638 3612 726 3680 Leges
739 3613 774 3663 sle
787 3610 965 3664 matrimonio
982 3627 1039 3663 non
1065 3621 1205 3673 montotto
1230 3605 1400 3661 lineamento
1424 3610 1576 3676 affinitatis
1595 3611 1704 3676 poneris
1727 3615 1902 3669 marmeians

204 3710 263 3750 esse
289 3712 362 3749 mere
389 3694 541 3763 politicos,
573 3697 625 3749 sert
642 3696 821 3765 spirituales,
851 3714 914 3750 cam
942 3697 1039 3750 matri-
1065 3690 1215 3761 copaoscit,
1233 3690 1263 3745 in
1283 3709 1344 3764 cap.
1362 3693 1520 3749 adsedem.
1538 3700 1580 3750 35.
1600 3703 1707 3766 quaest.
1725 3704 1749 3752 5.
1768 3715 1802 3754 eo
1820 3700 1901 3756 moda

203 3784 326 3838 monium
356 3783 395 3835 sit
425 3790 638 3836 samamentom.
686 3781 911 3851 Respondemus:
950 3783 1037 3854 hypo·
1066 3776 1200 3847 explicat,
1229 3780 1307 3848 qood
1330 3779 1476 3849 prohibito
1501 3789 1565 3834 tutet
1594 3783 1727 3850 scolapio
1754 3789 1902 3854 usquead

203 3867 289 3924 thesis
313 3869 383 3923 haec
410 3866 554 3937 fuissent,
577 3867 687 3922 interim
712 3868 830 3923 libenter
853 3869 1037 3938 concedimus,
1065 3865 1212 3934 septimam
1246 3867 1383 3934 pradum,
1423 3885 1484 3921 crem
1521 3868 1617 3921 nullas
1646 3868 1725 3921 ultra
1754 3871 1901 3939 septimum

203 3956 365 4027 conjugium
384 3955 412 4007 in
432 3953 549 4009 ecclesia
568 3953 621 4008 Dei
649 3971 705 4008 non
724 3971 784 4009 esse
803 3971 877 4010 mere
896 3954 1038 4025 politicam
1066 3950 1260 4018 aequationem
1278 3949 1378 4007 'mam
1413 3961 1554 4022 opnoscat.
1604 3952 1710 4019 Quodsi
1736 3954 1806 4010 haee
1830 3956 1901 4013 ratio

204 4040 445 4109 constitutionem,
491 4040 540 4095 sed
578 4045 704 4095 sanctam
741 4038 796 4094 Dei
831 4034 1038 4107 ordintbouem,
1064 4035 1161 4102 firma,
1190 4054 1246 4095 nou
1277 4038 1399 4096 debebat
1423 4040 1573 4110 prohibitio
1600 4040 1708 4110 septimi
1733 4044 1839 4114 gradus
1863 4044 1900 4100 ab

206 4128 325 4199 ideoque
344 4127 553 4199 magistratum,
577 4127 600 4180 si
618 4127 653 4180 de
671 4126 853 4181 matrimoniis
872 4126 948 4197 leges
967 4126 1039 4183 ferre
1067 4124 1229 4181 Innocentio
1246 4125 1357 4181 aboleri
1404 4126 1488 4180 Adde
1506 4127 1580 4198 quod
1598 4144 1653 4180 reon
1679 4129 1781 4182 notua
1799 4149 1899 4200 cepna-

203 4215 278 4283 velit,
298 4212 477 4270 ecelesiastici
498 4212 641 4268 ministerii
661 4211 806 4266 eonsilium
826 4218 855 4266 et
874 4211 1039 4285 suffragium
1065 4211 1164 4274 tionis,
1196 4213 1248 4265 sest
1279 4211 1424 4266 naturalis
1450 4214 1605 4264 rerer-antia
1630 4215 1848 4283 rossanpaineis
1874 4226 1901 4271 et
1914 4219 1997 4268 uvat

203 4299 336 4354 adhibere
354 4300 464 4355 debere.
502 4304 526 4356 3.
540 4299 681 4353 Christum
700 4300 793 4370 :psum
812 4301 1038 4354 demetrimonio
1065 4298 1200 4366 affinibus
1218 4299 1314 4351 debita
1341 4298 1380 4351 eit
1393 4297 1593 4368 prohibitionis
1616 4301 1847 4372 inaugmentum,
1872 4310 1902 4360 ut

202 4386 300 4439 tulisse
319 4386 401 4453 lepes,
419 4403 481 4439 aum
496 4385 693 4456 polppamiam
710 4392 736 4438 et
754 4385 904 4453 repudium
918 4387 1038 4443 sustulit.
1067 4382 1251 4437 Bellsrminus
1266 4383 1294 4436 in
1307 4380 1444 4453 principio
1466 4384 1549 4454 hujus
1565 4385 1665 4455 capitis
1677 4391 1752 4442 recte
1765 4386 1900 4458 disputat

205 4468 430 4542 Respondemus:
451 4469 528 4525 aliud
543 4477 585 4525 est
603 4485 689 4524 novas
707 4469 783 4542 leges
801 4469 887 4540 ferre,
908 4470 984 4526 aliud
1003 4473 1039 4527 ad
1066 4468 1096 4525 si
1116 4469 1153 4523 ad
1170 4469 1259 4539 legem
1277 4469 1435 4539 generalem
1462 4468 1577 4525 Levitis.
1601 4479 1639 4539 18,
1657 4490 1683 4527 u.
1704 4477 1734 4527 6.·
1751 4473 1843 4529 Nemo
1862 4477 1904 4530 ad

204 4556 376 4627 primaevam
403 4555 527 4627 conjugii
556 4555 647 4626 legem
679 4555 708 4607 in
726 4555 855 4625 paradiso
882 4556 943 4626 jam
973 4558 1039 4613 olim
1062 4556 1257 4625 propinquam
1275 4555 1369 4608 comis
1386 4573 1454 4610 snae
1473 4560 1604 4625 accedat,
1630 4557 1783 4630 confugere
1807 4561 1904 4626 velint,

204 4645 411 4715 promulgatam
429 4640 605 4713 quaestiones
623 4640 658 4695 dc
676 4641 768 4696 causis
791 4642 1039 4700 matrimonialibus
1067 4641 1274 4712 respondemus,
1295 4640 1386 4695 Deum
1405 4641 1496 4712 ipsum
1515 4643 1648 4713 subJ‘eotis
1663 4645 1744 4699 certis
1761 4646 1903 4717 graduum

205 4730 317 4800 exigere
344 4736 372 4783 et
391 4727 495 4782 abusus
516 4733 695 4782 contrusam
722 4727 895 4784 introductos
919 4729 1038 4788 abolere.
1067 4726 1215 4799 speciebus
1232 4726 1391 4798 generalem
1412 4728 1488 4783 illam
1505 4728 1719 4800 prohibitionem
1738 4731 1904 4801 explicasse.

207 4815 288 4870 Prius
319 4831 336 4868 a
368 4812 479 4867 Christo
509 4813 616 4868 iactum
648 4829 709 4868 esse
725 4829 870 4885 negamus,
902 4816 1039 4886 posterius
1067 4813 1098 4866 si
1116 4812 1273 4868 Innocentii
1292 4813 1440 4883 radonem,
1466 4816 1542 4885 quod
1566 4815 1634 4884 quis:
1652 4817 1709 4869 sint
1734 4818 1765 4871 in
1783 4836 1906 4889 corpora

204 4899 391 4956 concedimus.
430 4897 485 4953 Sed
505 4899 540 4953 de
560 4897 613 4954 hoo
629 4907 793 4971 argumento
812 4901 892 4970 plura
916 4901 1039 4957 dicemus
1065 4901 1187 4954 lemano
1211 4905 1332 4968 masor
1354 4901 1497 4970 humores,
1523 4901 1587 4956 ideo
1610 4904 1652 4956 ad
1669 4911 1801 4972 quartam
1816 4924 1906 4976 usque

203 4984 318 5039 inferius
348 4984 378 5037 in
409 4984 571 5053 quaestione
607 4985 642 5040 de
667 4986 765 5056 judice
796 4986 1039 5041 matrimonialium
1065 4987 1186 5054 prasion
1205 4986 1396 5040 conuenienter
1412 4988 1565 5057 probibitio
1583 4990 1757 5056 setensteten,
1778 4994 1906 5061 prolerre

202 5086 356 5126 causarum.
404 5073 427 5124 4.
460 5070 606 5124 Ecclesiae
635 5072 762 5125 relictam
790 5087 849 5124 esse
872 5070 1162 5142 potestatem'velint,
1183 5071 1360 5126 connexionis
1379 5073 1518 5128 vinculum
1538 5073 1618 5128 nobis
1635 5077 1782 5130 monstrari
1805 5085 1906 5148 postn-

203 5155 264 5208 alia
282 5156 371 5209 multa
388 5157 545 5219 statuendi,
561 5163 593 5209 ut
611 5157 690 5211 circa
709 5158 770 5212 alia
789 5164 979 5224 sauromata,
997 5158 1039 5211 ita
1066 5156 1192 5213 labimus.
1214 5157 1396 5214 Bellsrminus
1408 5159 1484 5228 dicit,
1498 5177 1556 5214 essa
1569 5168 1677 5215 tantum
1689 5166 1908 5231 conprueatiam

202 5243 288 5295 aiom
313 5243 392 5296 eirea
409 5243 603 5311 matrimonia,
631 5245 706 5297 unda
728 5243 818 5314 plena
838 5249 901 5295 sant
917 5243 1038 5298 concilia
1065 5245 1215 5312 mandant,
1236 5253 1401 5300 nontamen
1419 5247 1552 5316 ineptum,
1574 5250 1627 5305 secl
1641 5249 1729 5320 plane
1740 5250 1907 5319 physicam.
1929 5276 1936 5294 ι

202 5333 297 5380 aetna
330 5327 483 5402 canonibus
513 5330 548 5381 de
579 5328 764 5383 matrimonio.
811 5326 1038 5396 Respondemus:
1068 5329 1140 5392 Quia
1172 5331 1245 5384 snsin
1275 5331 1355 5386 bomo
1385 5349 1417 5385 sa
1449 5340 1570 5400 qssatuor
1609 5334 1750 5388 elementis
1783 5346 1909 5404 constat,

201 5416 235 5467 ut
255 5413 284 5466 in
302 5413 379 5480 aliis,
403 5412 444 5467 ita
462 5430 572 5484 quoque
591 5414 703 5469 casibus
728 5411 976 5468 matrimonialibus
993 5431 1037 5470 ec·
1050 5425 1052 5488 ξ
1065 5415 1165 5484 collini
1193 5419 1346 5471 admodum
1374 5416 1569 5487 probabiliter,
1601 5419 1632 5472 in
1672 5429 1774 5488 quarto
1805 5427 1909 5491 prada

203 5498 308 5554 clasiae
338 5500 515 5555 concedimus
540 5506 708 5574 potestatem
734 5498 875 5562 statuendi
896 5516 940 5569 ea,
965 5517 1037 5570 quae
1050 5497 1172 5571 ipunitius
1191 5506 1309 5568 dotasse
1327 5503 1382 5556 aim
1401 5503 1484 5557 ibam
1502 5505 1649 5574 sanpuinis
1666 5508 1808 5576 ejusdem,
1829 5527 1908 5578 quas
