4020 6022
166 296 205 350 m
636 275 637 279 '
737 286 860 346 Iocus
878 284 1083 345 arceamus
1101 285 1271 350 umarus

164 439 317 511 spondent,
346 442 400 495 boc
419 457 478 497 esse
497 443 692 512 coaptandum
709 445 746 496 de
774 458 823 516 aa,
854 457 927 512 qnae
939 445 1006 511 post
1032 435 1138 502 Quodsi
1167 456 1234 511 ergo
1257 440 1323 511 jure
1352 439 1486 497 canomco
1512 445 1541 495 et
1562 439 1637 494 cirili
1660 456 1716 510 per
1742 453 1870 494 erarem

165 526 316 594 sponsalia
342 535 488 583 comraua
511 528 569 592 fuit
587 528 703 596 uitiata,
733 527 783 583 sed
811 526 940 583 limitatio
956 525 1006 580 illa
1031 526 1215 598 comana,
1242 527 1266 581 si
1290 528 1351 599 quis
1375 527 1454 583 ducit
1484 544 1607 595 servam,
1639 543 1723 599 quam
1747 524 1871 598 putabat

165 611 194 666 in
212 617 291 668 textu
310 630 365 669 non
383 614 505 679 additur,
525 614 648 686 quinimo
666 613 890 670 circumstantiae
914 618 1005 668 osteu-
1031 627 1092 666 esse
1121 611 1272 683 ingenuam
1298 620 1327 669 et
1356 612 1486 684 liberam,
1513 614 1716 671 matrimonium
1739 611 1869 668 redditur

165 697 236 754 dunt
259 700 440 770 scunarium,
464 701 531 771 quia
555 717 638 756 versu
658 705 698 757 15.
715 699 851 771 jubentur
876 703 1005 771 parentes
1031 696 1148 765 irritum,
1166 705 1271 770 quanto
1288 700 1377 772 magis
1389 700 1498 755 irritum
1517 700 1598 756 reddi
1614 700 1730 771 poterit,
1761 698 1869 770 siquis

163 802 214 856 per
232 785 318 842 utun
334 786 501 859 virginitatis
518 787 599 858 signa
619 787 723 843 crimen
743 786 814 842 illud
831 786 952 851 diluere,
978 789 1006 839 et
1033 800 1219 855 compressam
1249 785 1347 852 ducat,
1384 803 1467 858 qnam
1496 787 1632 858 virginem
1671 791 1777 841 cutam
1808 801 1871 840 esse

164 889 189 927 v.
219 877 260 928 23.
286 871 434 942 peculiaria
466 872 510 927 lex
541 871 629 928 fertur
659 872 695 929 de
724 888 838 943 sponsa,
866 870 911 926 eui
943 875 1007 941 post
1030 869 1157 940 putabat,
1178 871 1273 943 ecquis
1292 872 1365 928 enim
1382 890 1438 928 non
1455 872 1534 927 malit
1552 872 1581 927 in
1601 871 1732 944 conjugio
1748 871 1871 927 retinere

164 957 305 1029 sponsalia
331 958 429 1014 sitium
459 959 495 1014 ab
526 958 581 1014 alio
612 964 654 1014 est
681 957 802 1027 illatum,
833 957 908 1029 quod
944 957 1006 1028 ipsa
1031 972 1138 1010 servam
1164 966 1268 1013 casum
1286 975 1370 1030 quam
1389 957 1506 1014 liberam
1525 957 1561 1013 ab
1579 957 1635 1012 alio
1660 956 1870 1028 compressam?
1884 965 1909 1007 xt

164 1061 274 1116 quoque
304 1043 444 1115 lapidibus
475 1044 555 1099 obrui
587 1044 701 1114 debeat;
740 1043 814 1114 prior
849 1042 936 1115 igitur
961 1042 1005 1097 lex
1030 1043 1057 1094 3.
1090 1041 1210 1114 Josepbi
1249 1045 1521 1099 commndmnnem.
1581 1043 1722 1114 Josephus
1760 1043 1871 1099 Mariae

162 1135 272 1202 spectat
311 1131 347 1185 ad
382 1147 512 1202 sponsam
558 1131 594 1187 ab
629 1131 683 1186 alio
716 1145 904 1202 compressam
940 1135 1005 1184 ante
1031 1146 1149 1200 sponsus
1181 1135 1330 1202 antequam
1358 1147 1392 1187 ex
1421 1133 1522 1203 angelo
1551 1131 1706 1196 didicisset,
1737 1147 1870 1202 sponsam

165 1215 312 1287 sponsalia
350 1216 499 1272 Praeterea
517 1233 645 1288 expresse
662 1216 785 1286 additur,
815 1215 839 1271 si
855 1216 1005 1281 fornicata
1032 1232 1110 1270 suam
1134 1232 1168 1271 ex
1192 1215 1329 1287 peculiari
1352 1223 1380 1272 et
1402 1217 1607 1289 supernaturali
1632 1216 1753 1289 Spiritus
1778 1215 1870 1270 sanen'

164 1303 255 1369 faerit
271 1303 301 1356 in
320 1304 402 1357 domo
416 1302 528 1372 patris,
557 1321 583 1358 s.
604 1308 645 1359 20.
694 1301 783 1374 Atqui
801 1302 923 1374 virgines
941 1305 1006 1373 past
1032 1301 1192 1372 operatione
1218 1301 1325 1375 absque
1348 1302 1401 1358 viri
1423 1320 1575 1375 congressu
1594 1303 1768 1374 concepisse,
1792 1302 1872 1372 cogi·

166 1389 307 1460 sponsalia
323 1389 353 1444 in
371 1389 484 1444 domum
501 1387 595 1460 sponsi
614 1387 841 1458 deducebantur,
859 1393 892 1444 ut
909 1386 1008 1456 sponsi
1030 1387 1102 1443 terit
1129 1403 1191 1443 eam
1225 1388 1351 1445 deserere
1382 1388 1483 1443 Matth.
1512 1395 1539 1458 l,
1576 1407 1603 1442 s.
1633 1394 1673 1445 19.
1697 1395 1784 1459 atque
1815 1387 1892 1443 lroc,

164 1476 335 1547 prldieitiam
354 1492 453 1529 aarum
470 1483 549 1531 tanto
567 1482 713 1529 seruarent
730 1476 884 1540 eumerius,
902 1481 1005 1544 quanto
1031 1473 1142 1530 nomine
1167 1490 1224 1529 non
1247 1474 1472 1546 reprehenditur,
1499 1474 1547 1529 sad
1572 1474 1602 1530 in
1625 1473 1687 1546 ipsa
1702 1472 1788 1547 hujus
1807 1491 1871 1543 pro·

166 1562 312 1632 sibiipsis
331 1562 477 1626 fideliores
497 1569 596 1632 essent,
615 1561 639 1616 si
658 1559 856 1633 chrysostomo
874 1560 969 1615 homil.
981 1565 1006 1616 l.
1032 1559 1115 1630 positi
1141 1560 1327 1633 descriptione
1349 1563 1447 1631 justus
1470 1567 1599 1631 vocatur,
1630 1561 1728 1634 sicque
1741 1559 1871 1632 justitiae

164 1649 193 1704 in
212 1666 235 1704 c.
255 1653 277 1704 1.
300 1647 400 1704 Metth.
425 1648 454 1703 id
473 1648 607 1705 amaranti
631 1647 777 1704 credimus.
827 1645 946 1712 Quidam
965 1665 1006 1705 re·
1031 1646 1100 1703 haec
1126 1647 1254 1705 voluntas
1280 1649 1438 1721 deputatur.
1488 1648 1608 1713 Quidam
1634 1649 1745 1702 δικαίου
1771 1646 1868 1718 appel·

165 1735 317 1807 spondent,
358 1751 416 1789 esse
447 1736 520 1790 banc
549 1735 638 1805 lupam
667 1737 810 1801 forensem
843 1736 873 1789 in
903 1735 941 1790 N.
973 1737 1006 1791 Τ.
1031 1732 1162 1790 lationem
1200 1742 1342 1806 exponunt
1377 1735 1413 1790 de
1447 1735 1643 1799 misericorde,
1679 1735 1752 1791 sicut
1783 1733 1869 1789 etism

166 1822 317 1878 sublatam.
352 1820 389 1888 Et
408 1839 475 1878 sans
493 1821 587 1895 quoad
604 1820 724 1893 speciem
741 1837 849 1893 poenae
866 1820 1006 1878 sublatam
1028 1819 1140 1890 justitia
1162 1837 1213 1893 pro
1231 1821 1415 1883 beneficentia
1443 1828 1472 1876 et
1492 1821 1680 1878 misericordia
1697 1820 1868 1893 quandoque

166 1925 228 1964 eam
258 1924 318 1964 esse
346 1907 422 1963 haud
443 1907 550 1964 inficias
578 1908 690 1979 iverim,
720 1907 830 1963 interim
857 1924 946 1978 genna
964 1912 1007 1962 est
1032 1905 1181 1978 accipitur,
1207 1913 1239 1962 ut
1262 1909 1299 1963 sit
1320 1925 1430 1976 sensus,
1454 1907 1609 1980 Josephum
1632 1908 1753 1964 noluisse
1771 1907 1868 1962 stricto

167 1994 271 2050 morale
288 2010 322 2048 ac
342 1993 378 2051 de
394 1993 562 2067 legislatoris
581 1994 724 2050 voluntate
739 2000 768 2050 ct
780 1993 910 2049 facinoris
921 1992 1006 2063 hujus
1028 1992 1093 2063 jure
1117 1999 1215 2050 contra
1240 2012 1369 2066 sponsam
1388 1995 1447 2064 uti,
1479 1994 1546 2067 quia
1564 1994 1648 2050 fuerit
1665 1994 1822 2050 misericors
1841 1999 1870 2049 ct

166 2080 337 2152 indignitate
373 2097 408 2135 ex
435 2096 469 2137 aa
496 2086 623 2136 constare
648 2085 756 2152 potest,
788 2079 888 2152 quodsi
916 2095 1007 2150 poena
1032 2077 1185 2152 benignus,
1213 2081 1264 2136 sed
1287 2087 1381 2152 potest
1404 2081 1488 2137 etiam
1510 2081 1621 2153 proprie
1648 2080 1738 2152 accipi
1754 2097 1809 2152 pro
1825 2096 1868 2147 eo,

173 2166 347 2240 usudesdpne
374 2167 403 2220 in
440 2165 475 2221 V.
506 2165 540 2221 Τ.
569 2166 681 2223 extendi
714 2166 806 2239 potnit
844 2183 932 2238 usque
968 2165 1006 2220 ad
1033 2166 1084 2235 qui
1099 2167 1193 2234 justus
1211 2175 1252 2221 est
1269 2168 1383 2238 etjustc
1401 2169 1469 2237 epit,
1484 2175 1518 2223 nt
1534 2168 1571 2223 sit
1589 2184 1694 2237 sensus,
1711 2165 1866 2238 losephum

166 2252 371 2324 lapidationem,
390 2270 440 2308 cur
457 2269 513 2308 non
532 2253 642 2309 utendi
659 2260 754 2324 posset
772 2254 801 2309 in
819 2253 854 2311 N.
866 2252 900 2308 Τ.
918 2269 1007 2324 usque
1032 2251 1154 2308 noluisse
1177 2252 1271 2308 statim
1295 2272 1326 2311 re
1349 2254 1472 2309 nondum
1493 2254 1604 2326 penitus
1627 2254 1739 2327 cognita
1758 2258 1791 2325 at
1803 2269 1867 2324 per·

166 2341 204 2396 ad
222 2339 423 2411 sponsaliorum
439 2338 669 2396 dissolutionem?
716 2340 795 2394 Licet
824 2338 1006 2408 mapistratus
1031 2344 1128 2409 specta
1151 2355 1281 2411 sponsam
1304 2340 1334 2395 in
1355 2342 1403 2411 jus
1422 2356 1534 2410 vocare,
1562 2341 1613 2396 sed
1632 2344 1761 2397 eventum
1787 2340 1865 2410 prius

168 2427 348 2484 Christianus
364 2444 421 2481 non
436 2427 475 2481 sit
493 2425 648 2495 oblipatus,
678 2434 708 2480 ut
724 2427 776 2482 loc
795 2428 880 2480 modo
908 2426 1006 2480 liberet
1032 2431 1200 2496 exspectare.
1271 2426 1392 2491 Quidam
1446 2427 1657 2500 subintelligunt
1701 2426 1865 2496 particulam

166 2515 299 2569 maritum
324 2513 429 2586 (inquit
452 2512 629 2570 Chcmnicius
651 2519 723 2584 part.
757 2518 781 2570 2.
805 2512 857 2569 loc.
885 2512 1007 2583 delego
1033 2512 1209 2568 discretivam
1238 2521 1330 2570 tamen
1359 2515 1411 2570 hoc
1428 2531 1525 2583 sensu,
1551 2514 1690 2585 Josephus
1709 2531 1773 2568 cum
1793 2519 1867 2569 esset

167 2618 192 2656 c.
211 2606 260 2668 4.),
277 2609 373 2672 potest
401 2608 495 2655 tamen
525 2601 587 2656 alio
610 2603 695 2656 modo
719 2601 749 2655 in
773 2600 830 2654 toli
851 2617 919 2654 casu
933 2601 1006 2654 bona
1028 2599 1137 2670 justus,
1160 2605 1255 2656 tamen
1272 2600 1362 2657 uoluit
1380 2618 1442 2658 sam
1460 2601 1615 2657 traducere.
1663 2600 1780 2656 Jmtitia
1803 2618 1866 2657 eum

166 2687 337 2742 conscientia
364 2703 425 2740 mm
449 2686 601 2742 absoluere.
645 2689 673 2744 2.
693 2686 815 2741 Error-is
838 2686 923 2755 nujus
941 2704 1005 2742 con·
1031 2685 1206 2758 impellebat,
1235 2693 1268 2743 ut
1287 2704 1430 2758 sponsam,
1458 2704 1542 2759 quam
1566 2685 1711 2759 mutiam
1736 2685 1867 2743 cernebat

166 2774 309 2828 ditionem.
345 2771 431 2828 Error
449 2771 496 2827 hic
513 2776 630 2829 vocatur
646 2771 759 2844 quidem
777 2773 936 2843 qualitatis,
955 2773 1005 2843 qui
1031 2789 1065 2829 ac
1090 2772 1207 2844 proinde
1232 2774 1269 2830 ab
1291 2774 1385 2846 aliquo
1403 2773 1502 2849 ritirrm
1528 2773 1554 2828 ei
1574 2773 1682 2829 illatum
1699 2790 1760 2828 essa
1777 2770 1865 2844 suspi-

167 2865 292 2917 versetur
314 2856 388 2914 circa
415 2857 600 2916 accidentalia
622 2857 803 2930 matrimonii,
835 2859 884 2914 sed
904 2859 928 2914 si
946 2875 1005 2915 rem
1033 2860 1165 2926 sabatur,
1192 2860 1355 2933 adjudices
1372 2859 1504 2930 deferret,
1529 2866 1561 2915 ut
1582 2859 1624 2914 illi
1649 2876 1734 2915 causa
1755 2859 1866 2931 cognita

166 2952 264 3002 exacte
280 2945 397 3008 velimus
415 2945 579 3016 expendere,
599 2951 642 3001 est
661 2945 755 3018 potius
772 2945 836 3000 talis
854 2963 938 3013 error,
956 2946 1005 3018 qui
1031 2951 1060 3002 et
1087 2946 1201 3003 crimine
1223 2947 1395 3020 deprehenso
1421 2947 1578 3017 exemplum
1602 2946 1631 3002 in
1655 2963 1689 3001 sa
1711 2951 1867 3002 statuerent

167 3039 292 3088 versatur
311 3033 388 3089 cirea
406 3031 514 3103 aliquid
530 3032 670 3104 adipeam
687 3033 810 3106 conjugii
821 3033 1005 3089 substantiam
1031 3031 1144 3102 capitali
1175 3049 1266 3105 poena
1293 3050 1354 3089 eam
1384 3031 1548 3104 afficiendo,
1587 3031 1637 3089 sed
1667 3050 1731 3086 cum
1759 3033 1866 3088 viderat

165 3119 315 3191 partinens,
333 3118 400 3192 quia
419 3118 454 3174 de
470 3119 626 3174 substantia
643 3119 810 3175 matrimonii
828 3122 1006 3191 mensulas,
1031 3125 1122 3175 castos
1141 3119 1216 3175 illius
1234 3136 1323 3176 mores
1336 3136 1369 3174 ac
1387 3119 1416 3174 in
1434 3118 1507 3175 hanc
1526 3117 1683 3190 opinionem
1710 3118 1865 3188 inclinaret,

165 3207 235 3263 adeo
264 3210 297 3260 ut
325 3205 361 3262 ob
393 3222 454 3261 eam
483 3205 588 3261 laesam
608 3205 775 3275 dissolvatur
802 3208 1005 3264 matrimonium
1032 3206 1107 3276 quod
1137 3213 1202 3265 ante
1231 3207 1370 3279 sponsalia
1398 3223 1493 3263 secum
1521 3212 1665 3260 conuecta
1696 3205 1786 3259 virum
1814 3204 1862 3259 ad-

111 3341 115 3346 .
164 3293 223 3362 jam
248 3297 434 3361 contractum,
465 3308 533 3364 ergo
555 3291 644 3348 multo
662 3291 775 3348 facilius
798 3295 922 3349 nondum
940 3312 1005 3351 con·
1031 3294 1159 3360 misisset,
1174 3295 1219 3350 cui
1233 3294 1325 3350 adhuc
1336 3295 1440 3351 nubere
1451 3301 1553 3366 posset,
1571 3293 1596 3347 si
1607 3292 1644 3348 ab
1656 3293 1706 3347 illa
1716 3291 1864 3362 sponsione

166 3383 286 3432 tractum
319 3376 494 3450 impedietur.
550 3378 604 3444 Qui
633 3396 697 3434 cnm
725 3378 833 3451 virgine
862 3383 1004 3451 contraxit,
1031 3388 1105 3438 esset
1128 3381 1259 3452 liberata,
1292 3381 1429 3438 mitiorem
1452 3380 1524 3436 bana
1544 3380 1617 3436 riam
1635 3378 1746 3450 ingredi
1764 3378 1862 3448 voluit,

166 3480 223 3517 non
253 3463 305 3530 nisi
336 3464 366 3518 in
391 3464 528 3536 virginem
555 3466 695 3523 consensit
723 3471 753 3522 et
779 3465 915 3522 castitatis
939 3484 1004 3523 con·
1031 3472 1064 3523 ut
1080 3467 1189 3523 occulte
1209 3468 1245 3523 ab
1264 3485 1298 3523 ea
1313 3467 1462 3524 secederet.
1500 3465 1642 3538 Quidquid
1661 3465 1713 3535 sit,
1732 3482 1767 3520 ex
1784 3469 1864 3521 textu

166 3548 298 3605 ditionem
315 3549 400 3605 tacite
416 3549 613 3607 subintellexit.
639 3568 664 3606 c.
702 3551 941 3616 Quemadmodum
962 3560 1003 3611 tt.
1032 3553 1178 3611 manifeste
1196 3559 1313 3622 constat,
1332 3554 1386 3611 hoo
1402 3553 1573 3627 propositum
1592 3550 1752 3623 exdosephi
1771 3552 1863 3606 animo

166 3654 192 3691 r.
222 3635 259 3690 de
285 3636 402 3707 jurejur.
439 3636 524 3694 Error
552 3637 598 3693 hic
631 3639 744 3711 attingit
772 3641 865 3713 speum
891 3659 1003 3713 carpum
1031 3641 1207 3698 aestimatum
1223 3656 1279 3694 non
1295 3641 1444 3711 improbari
1459 3657 1476 3694 a
1492 3638 1598 3710 Spiritu
1622 3643 1733 3702 sancto,
1755 3637 1805 3692 sed
1829 3637 1865 3692 de

166 3737 229 3775 oum
249 3721 326 3776 lassa
344 3722 491 3795 virginitas
501 3724 719 3796 etiamcorporis
732 3726 831 3781 vitium
843 3734 1004 3799 comeatum
1033 3728 1139 3783 Mariae
1157 3726 1338 3799 conceptione
1349 3727 1450 3782 rectius
1463 3743 1526 3780 eum
1537 3725 1688 3794 informari,
1711 3742 1762 3780 nec
1770 3723 1864 3795 juben‘

163 3807 223 3877 jam
245 3823 311 3862 vero
338 3825 455 3880 corpora
474 3811 624 3882 conjugum
641 3811 782 3893 pertinent
807 3813 844 3873 ad
861 3815 1004 3871 materiam
1030 3813 1184 3885 losephum
1204 3812 1240 3868 ab
1258 3813 1373 3883 angelo,
1393 3818 1425 3866 ut
1443 3829 1572 3885 sponsam
1591 3811 1723 3881 redueat,
1746 3811 1813 3882 quia
1832 3828 1865 3866 ex

168 3893 307 3964 conjugii,
332 3895 450 3951 materia
465 3896 587 3967 pertinet
604 3897 641 3952 ad
658 3898 699 3953 rei
716 3897 913 3969 substantiam,
939 3917 1004 3973 ergo
1031 3900 1086 3956 alio
1118 3899 1261 3972 gravidam
1287 3915 1343 3955 uon
1373 3897 1457 3954 liceat
1485 3897 1639 3969 dimittere,
1669 3897 1719 3952 sed
1742 3897 1808 3969 quia
1832 3897 1865 3950 id

75 4005 86 4023 ι
168 3978 214 4032 hic
232 3995 307 4033 error
321 3987 448 4036 vomatur
466 3982 543 4037 circa
561 3982 651 4054 ipsam
668 3984 793 4056 conjugii
811 3985 1004 4042 substantiam.
1031 3989 1109 4057 qnod
1126 3988 1156 4041 in
1175 4004 1209 4040 aa
1225 3994 1322 4040 natum
1334 3994 1382 4050 est,
1399 3986 1438 4039 sit
1455 4002 1488 4039 ea
1501 3984 1612 4055 Spiritu
1629 3991 1732 4041 saneto.
1753 3986 1779 4037 4.
1791 3983 1867 4039 Deli

168 4064 328 4121 Mentzerus
356 4065 392 4121 de
410 4066 541 4139 conjugio
559 4086 587 4140 p.
608 4074 655 4126 90:
690 4070 813 4126 Vocatur
837 4087 906 4126 sane
925 4089 1005 4127 error
1031 4074 1237 4127 admistionem.
1285 4070 1349 4128 Non
1374 4070 1470 4125 subest
1498 4069 1544 4124 hic
1571 4069 1662 4124 nudus
1693 4079 1721 4124 et
1747 4069 1864 4141 simplex

168 4152 219 4206 sila
235 4152 399 4222 qualitatis,
425 4155 475 4223 qui
491 4161 598 4224 tamen,
625 4155 652 4209 si
669 4156 804 4227 eaqusmte
832 4158 1004 4228 loquendum
1031 4174 1106 4215 error
1124 4158 1270 4230 cujusdam
1292 4155 1443 4213 accidentis
1460 4154 1586 4225 levioris,
1609 4155 1659 4210 sed
1682 4154 1863 4211 detestandus

168 4245 217 4309 est,
237 4240 279 4294 ad
295 4239 388 4310 ipsam
396 4242 527 4310 sormam
546 4241 673 4312 conjugii
686 4243 828 4311 refertur,
856 4246 931 4299 unde
948 4263 1004 4301 non
1031 4252 1060 4302 et
1083 4244 1265 4300 intolerabilis
1291 4243 1371 4300 dolus
1394 4260 1428 4299 ex
1451 4248 1531 4314 parte
1556 4241 1677 4298 mulieris
1705 4241 1863 4313 intervenit,

167 4325 248 4380 delet
270 4327 384 4398 nepari,
414 4329 457 4383 ad
480 4328 627 4383 meantium
653 4330 829 4384 matrimonii
850 4332 1003 4402 petinere,
1031 4332 1097 4386 dnm
1120 4348 1171 4402 pro
1194 4335 1273 4385 casta
1293 4329 1405 4401 ¹virgine
1424 4346 1484 4402 sese
1503 4329 1642 4399 venditat,
1671 4346 1744 4400 quae
1768 4335 1863 4385 tamen

164 4406 274 4480 pugnat
306 4412 380 4468 enim
416 4431 478 4468 eum
503 4412 555 4468 illo
580 4415 742 4485 principio,
771 4425 853 4471 esunt
887 4420 944 4472 duo
972 4419 1003 4473 in
1030 4419 1114 4473 alium
1136 4416 1256 4472 admisit.
1300 4416 1365 4473 dam
1387 4432 1452 4473 vero
1476 4415 1680 4471 matrimonium
1701 4416 1801 4472 fraude
1829 4433 1864 4473 ac

167 4515 281 4553 carnem
304 4518 397 4555 unam.
440 4501 548 4555 Forma
571 4501 698 4570 conjugii
721 4510 763 4557 est
786 4504 923 4574 obligatio
945 4506 1002 4559 sive
1030 4505 1093 4561 dolo
1121 4504 1220 4559 initum
1255 4502 1352 4557 merito
1380 4502 1550 4572 dissolvitur,
1581 4501 1611 4556 id
1641 4502 1716 4573 quod
1743 4502 1772 4557 in
1801 4503 1863 4558 aliis

167 4585 305 4640 vinculum
323 4595 415 4641 ostam
432 4595 573 4642 sammua
584 4588 763 4645 eormensione
773 4590 803 4645 in
815 4592 1001 4647 armannum
1029 4590 1111 4646 etiam
1136 4588 1324 4647 contractibus
1348 4588 1440 4643 locum
1459 4588 1574 4644 obtinet.
1601 4587 1620 4646 l.
1654 4587 1692 4642 Et
1710 4588 1862 4661 eleganter.

167 4681 193 4724 et
215 4672 438 4729 indissolubslem
466 4673 688 4744 conjunctionem
716 4677 746 4730 in
774 4694 887 4732 earnem
905 4696 999 4735 unum.
1029 4682 1051 4733 7.
1079 4677 1109 4731 in
1136 4695 1178 4749 pr.
1208 4674 1238 4730 ff.
1268 4674 1303 4729 de
1331 4674 1387 4729 dol.
1414 4675 1496 4732 malo.
1526 4674 1545 4730 l.
1575 4679 1598 4729 5.
1623 4673 1653 4730 C.
1683 4673 1718 4729 de
1742 4674 1862 4734 rescind.

170 4757 264 4819 Quare
281 4768 311 4814 ut
330 4760 502 4817 adulterium
520 4777 534 4815 e
553 4761 691 4816 diametro
700 4772 814 4834 prspnat
831 4783 894 4819 oum
904 4768 1001 4822 matri·
1026 4763 1145 4819 rendit:
1177 4763 1235 4817 Per
1258 4762 1355 4816 dolum
1377 4762 1495 4831 malum,
1526 4762 1552 4814 si
1580 4760 1700 4829 legitime
1719 4761 1863 4831 probetur,

116 4900 122 4913 ‚
166 4844 276 4912 monio,
306 4845 348 4900 ita
367 4855 472 4901 camum
493 4854 543 4912 est,
563 4847 758 4903 temtationem
780 4851 864 4905 etiam
888 4870 950 4908 cnm
969 4870 1001 4909 eo
1028 4851 1116 4906 bonae
1127 4850 1202 4920 fidei
1223 4855 1382 4904 contractus
1406 4849 1468 4918 ipso
1489 4850 1559 4918 jure
1581 4847 1726 4903 uitiantur.
1767 4853 1791 4903 l.
1812 4850 1861 4904 In·

165 4947 293 4998 prspnare
321 4950 377 4986 non
408 4933 440 4988 in
465 4933 563 5003 aliquo
596 4934 753 5002 uendente,
790 4940 843 4991 sed
873 4948 1001 5009 respectu
1027 4939 1234 4995 commodorum
1252 4937 1478 4990 consecutionem.
1512 4933 1596 4991 Talia
1624 4933 1812 5005 matrimonia,
1838 4936 1861 4991 si

167 5016 257 5084 ipsias
267 5019 394 5086 smmoe.
436 5018 581 5091 Cypraeus
607 5021 643 5076 de
661 5039 753 5094 spons.
779 5040 803 5080 c.
832 5030 872 5081 13.
895 5022 923 5097 ξ.
948 5031 998 5083 39:
1026 5041 1091 5093 pars
1110 5015 1243 5078 innocens
1261 5022 1297 5076 ad
1315 5030 1485 5094 eacogatur,
1505 5021 1632 5077 difficiles
1650 5023 1862 5095 solentplerun·

167 5104 218 5156 Ad
234 5120 359 5159 errorem
383 5105 532 5174 qualitatis
550 5105 722 5168 Lombardus
749 5116 776 5165 et
793 5109 849 5163 alii
863 5111 1000 5179 referunt,
1027 5127 1082 5181 que
1100 5109 1192 5165 sortiri
1219 5109 1315 5166 exitus.
1343 5127 1366 5163 c.
1385 5109 1535 5165 Praeterea
1559 5126 1583 5165 c.
1612 5127 1675 5166 cum
1703 5110 1794 5166 locum
1826 5112 1862 5167 dc

167 5191 195 5243 si
208 5192 287 5259 sirpo
305 5189 397 5244 alicui
413 5191 452 5245 sit
470 5192 620 5264 desponsa,
638 5210 722 5263 quam
739 5195 815 5250 alius
828 5199 1000 5267 compressit,
1026 5194 1175 5269 sponsalib.
1219 5195 1335 5252 Maritus
1360 5196 1389 5251 in
1414 5200 1549 5266 perpetua
1571 5195 1727 5267 suspicione
1756 5195 1862 5262 haeret,

166 5278 218 5329 sed
234 5274 338 5330 rectius
356 5293 417 5332 meo
429 5277 544 5346 judicio
561 5281 689 5345 refertur
706 5282 748 5335 ad
766 5297 890 5336 morem
902 5283 999 5337 condi·
1027 5282 1111 5339 semel
1124 5282 1225 5338 malam
1242 5282 1270 5338 in
1288 5289 1427 5354 posterum
1442 5281 1526 5338 etiam
1543 5281 1586 5336 sui
1599 5282 1716 5337 similem
1730 5282 1860 5340 futuram.

166 5363 270 5434 tiones,
295 5365 372 5434 quod
398 5365 499 5419 mnata
526 5373 629 5420 dmum
667 5369 874 5438 modammodo
900 5376 1001 5439 -mutat,
1025 5369 1085 5427 Leo
1099 5369 1247 5440 imperator
1262 5367 1332 5426 Nor.
1351 5375 1393 5426 93.
1417 5375 1527 5440 praeter
1545 5367 1613 5425 alias
1638 5369 1760 5425 rationes
1777 5370 1861 5426 etiam

165 5449 286 5514 infamis
302 5451 354 5517 fiat
373 5458 399 5505 et
418 5453 522 5522 eaps'tis
538 5453 751 5515 diminutionem
763 5454 910 5536 patiatur,
933 5474 1000 5510 nam
1025 5456 1096 5512 banc
1130 5455 1165 5512 ab
1200 5454 1380 5512 incommodis
1416 5454 1532 5526 petitam
1569 5462 1658 5527 urget.
1719 5457 1861 5526 Sporssam

162 5536 307 5606 pudicitia
344 5538 451 5594 araim
487 5540 578 5593 omns's
612 5540 643 5593 in
668 5541 778 5606 femina
815 5543 903 5598 virleu
931 5546 999 5599 rus't.
1025 5545 1168 5615 quondm
1187 5541 1298 5615 (inquit)
1323 5539 1439 5607 furtiuis
1456 5542 1642 5614 complexibus
1660 5544 1696 5597 al
1723 5543 1785 5599 alio
1803 5560 1861 5599 esse
