4020 6022
213 239 273 300 432
785 226 908 286 Locus
924 223 1132 286 molismus
1151 228 1320 296 QUINTUS

216 389 273 445 Sed
293 387 500 454 illadfortaere
517 403 573 442 non
592 383 697 441 sufficit
713 382 958 458 adconsdentiam
970 388 1044 440 bau·
1070 384 1100 440 in
1129 385 1256 442 omnibns
1288 385 1324 442 de
1352 386 1485 459 conjugio
1519 386 1602 443 motis
1638 386 1841 445 eoumoversiis
1870 405 1907 445 se

213 474 387 547 quillandam
414 477 443 528 et
475 472 597 528 divinam
627 473 779 544 conjugum
811 472 848 527 ad
873 471 1046 527 individuam
1071 488 1197 545 quamur,
1216 488 1335 544 cumque
1354 472 1465 528 unicam
1490 473 1602 530 divortii
1626 491 1745 530 causam
1772 476 1905 541 statuerit.

213 563 288 618 vitae
317 559 545 617 mmuendinsm
571 559 794 630 conjunctionem
819 558 1043 632 disiungendam·
1071 558 1387 616 videlicetadulterlum.
1418 566 1443 616 5.
1461 559 1551 616 Aliter
1563 560 1690 632 apostoli,
1710 561 1796 616 aliter
1816 578 1905 617 eornm

214 656 239 705 5.
258 649 355 704 Patres
372 646 500 718 nnpsiam
517 643 666 710 affirmant,
689 661 719 700 ae
738 645 767 700 id
782 644 886 701 habere
903 663 936 700 en
953 646 1045 700 tradi·
1071 662 1242 702 suceesmres
1255 645 1402 700 eccleciam
1413 644 1579 718 gubernant
1607 646 1736 717 Apostoli
1751 648 1904 705 lmmediato

213 737 288 791 tione
307 735 474 806 aportoliea.
523 738 547 788 6.
574 732 635 790 Neo
653 732 779 801 concilia,
810 748 863 787 nee
892 731 1046 803 pontifices,
1071 731 1185 803 spiritus
1202 732 1291 788 saneti
1309 731 1396 787 ductu
1413 739 1442 787 et
1461 732 1582 804 impulsu
1607 733 1738 805 inspirati
1765 734 1904 790 ecclesian

213 822 261 895 qui
278 822 308 877 id
325 824 460 889 statuunt,
488 819 525 875 ad
543 818 737 890 antiquissima
762 818 895 875 ecclesiae
921 822 1047 889 tempora
1071 817 1271 891 gubernarunt,
1299 832 1472 873 succensores
1494 820 1682 889 apostolorum
1705 820 1738 876 in
1758 821 1903 877 minunno

212 908 361 980 pertinent,
379 923 432 962 nec
448 912 542 977 patres
559 910 721 962 constanter
740 905 769 960 id
797 912 983 970 asseruerunt,
1014 910 1047 959 ut
1071 904 1258 961 ecclesiastico
1288 904 1325 958 ad
1342 904 1457 960 verbum
1485 904 1613 960 adstricti
1640 912 1708 961 sunt
1736 911 1767 962 et
1792 907 1901 979 alligati

212 1013 245 1052 ex
265 993 347 1050 dietis
366 997 483 1049 constat
1072 990 1166 1057 Quid?
1185 1008 1253 1048 num
1266 990 1433 1062 pontificem,
1451 991 1609 1047 cardinales
1621 997 1651 1048 et
1661 993 1823 1064 episcopor,
1843 1010 1902 1065 qnos

249 1087 307 1137 tlt.
355 1084 383 1135 2.
408 1079 581 1149 illepitimos
602 1078 702 1144 facere
721 1094 862 1147 perronae
885 1080 927 1132 ad
948 1079 1046 1133 matri-
1072 1080 1267 1149 aportoloram
1295 1095 1469 1133 ruecerrorer
1482 1078 1669 1135 Bellarminns
1687 1080 1799 1147 statuit,
1817 1081 1902 1135 imme·

213 1167 336 1223 monium
354 1184 412 1221 non
429 1172 471 1219 ert
495 1171 605 1219 mertare
625 1165 795 1219 remanenti
812 1165 967 1233 errantium,
996 1165 1047 1218 red
1072 1167 1176 1222 dietam
1193 1163 1313 1234 Spiritus
1339 1164 1428 1220 sancti
1452 1165 1639 1221 assistentiam
1678 1183 1772 1240 aeque
1790 1174 1824 1222 nt
1842 1185 1900 1239 apo

212 1261 305 1309 ratum
322 1254 367 1307 cel
384 1252 499 1306 irritum
518 1253 802 1316 facerecontraetum
819 1251 977 1314 lumnam,
996 1250 1047 1318 qui
1071 1254 1159 1308 stolus
1187 1251 1289 1308 habere
1317 1250 1509 1307 censebimus?
1544 1257 1569 1308 6.
1594 1251 1687 1324 Leges
1707 1252 1853 1311 Mosaicae
1870 1255 1900 1311 de

212 1341 242 1394 in
254 1345 428 1394 racramento
442 1337 615 1392 matrimonii
626 1337 861 1407 praerequisitam
879 1338 946 1391 Non
965 1337 1039 1391 enim
1071 1326 1218 1412 prohibitis
1247 1336 1420 1409 cognationis
1458 1337 1592 1410 gradibus
1626 1356 1682 1394 non
1713 1338 1797 1395 fuere
1832 1341 1898 1410 judi-

214 1428 341 1483 Girirtar
370 1426 537 1492 declararit,
565 1426 628 1495 quir
659 1433 820 1481 contractor
845 1426 982 1479 hnmanae
1009 1424 1046 1479 rit
1072 1426 1156 1481 ciales
1174 1424 1319 1496 positivae,
1338 1423 1389 1480 sed
1400 1424 1595 1494 pertinuerunt
1611 1425 1758 1498 adlegem
1777 1427 1901 1482 moralem

213 1515 358 1569 habendae
375 1512 528 1581 lepitimue,
546 1512 609 1582 quie
628 1511 800 1580 illepr'timur,
831 1513 884 1566 red
900 1529 935 1566 ea
952 1511 1045 1566 decla-
1071 1530 1105 1569 ae
1125 1510 1288 1574 naturalem,
1305 1517 1337 1566 ut
1353 1526 1404 1566 suo
1419 1509 1481 1567 loco
1493 1511 1674 1570 ostendimus.
1710 1512 1901 1570 ¹1.Discrimeu

212 1602 323 1656 ratione
341 1599 566 1670 praerupporita
593 1598 681 1653 voluit
706 1605 879 1653 contractum
895 1598 1045 1652 humanum
1072 1607 1116 1655 est
1134 1600 1205 1655 inter
1224 1598 1451 1668 gubernationem
1463 1599 1614 1669 politicam
1633 1606 1659 1653 et
1675 1601 1901 1656 eeclesiasticam.

213 1689 367 1758 lepitimum
384 1688 458 1742 inter
473 1687 565 1740 rimam
577 1685 747 1755 etseminom
760 1693 966 1743 recrementum
977 1702 1045 1740 eree.
1072 1684 1252 1756 Magistratus
1263 1689 1429 1755 potestatem
1446 1682 1532 1740 habet
1544 1684 1676 1740 diviniora
1687 1685 1790 1741 datam
1803 1685 1901 1743 ferendi

212 1778 303 1832 Perre
320 1782 413 1829 autem
431 1773 576 1828 eccleciam
602 1772 744 1841 murmurii
766 1780 925 1826 contractae
953 1772 1045 1840 lepiti-
1071 1773 1148 1843 leges
1175 1770 1304 1826 honestas
1329 1771 1365 1826 ad
1388 1777 1492 1826 statum
1515 1773 1651 1843 anusque
1670 1772 1848 1843 reipublicae
1865 1790 1901 1828 ac·

212 1881 273 1917 mor
295 1861 341 1916 rel
358 1860 521 1929 sllepitimor
547 1860 659 1913 decreto
684 1876 735 1913 ruo
762 1860 883 1913 reddere
904 1874 1046 1929 perronae
1071 1857 1274 1926 commodatam
1291 1856 1341 1913 sed
1359 1856 1424 1913 lidei
1442 1874 1475 1912 ac
1493 1875 1599 1913 morum
1610 1875 1739 1914 normam
1751 1859 1782 1915 in
1794 1858 1902 1916 ecoleda

212 1948 321 2004 babilae
351 1948 393 2002 cel
422 1945 561 2000 inlubrico
591 1945 743 2016 efficiendo
757 1945 899 2014 probatur
933 1948 958 2001 1.
977 1943 1045 2013 quio
1071 1951 1206 2017 perpetuo
1224 1942 1425 1999 observandam
1444 1943 1522 2000 Dens
1542 1944 1652 2015 ipsein
1670 1945 1760 2002 verbo
1779 1965 1830 2003 suo
1848 1965 1901 2019 pro·

172 2087 180 2103 ,
212 2053 283 2089 eura
300 2033 434 2088 coclerioe
454 2033 653 2103 pubernandae
673 2031 812 2102 apostolic
830 2038 967 2086 eteorum
984 2046 1044 2084 eue-
1071 2030 1172 2102 posuit,
1191 2030 1237 2085 cni
1249 2046 1301 2085 nec
1314 2030 1424 2099 addere,
1442 2047 1494 2086 nec
1506 2030 1652 2087 demere
1668 2032 1826 2104 quidquam
1838 2034 1901 2101 lieet

212 2121 368 2176 cersoribue
392 2128 433 2173 ert
463 2119 610 2173 commima
638 2120 707 2174 Lua
726 2120 779 2172 10:
816 2117 871 2180 Qur'
889 2135 938 2172 cor
955 2116 1045 2184 audit,
1072 2116 1147 2187 quod
1171 2117 1208 2171 ad
1233 2123 1374 2172 externam
1404 2115 1482 2179 τάξιν
1499 2120 1545 2171 nol
1564 2116 1781 2191 εὐσχημοσύνην
1800 2120 1900 2189 attinet

213 2194 551 2262 meaudit.d1attlr.16:
578 2205 643 2258 Tibi
659 2205 733 2260 dabo
752 2205 853 2261 claren
897 2205 964 2258 Jolr.
994 2206 1046 2257 21.-
1072 2203 1205 2259 ecelesiae
1221 2203 1328 2273 aliquid
1345 2202 1482 2261 relictum.
1513 2210 1539 2260 8.
1556 2191 1609 2260 c'ui
1625 2211 1773 2276 competat
1784 2214 1900 2278 potesta

213 2296 303 2348 Parce
322 2310 385 2348 orer
402 2309 484 2348 mear.
529 2292 605 2346 Nam
623 2294 663 2345 ad
681 2308 751 2357 eam,
772 2293 823 2362 qui
837 2297 960 2361 marat,
981 2306 1045 2359 per·
1072 2290 1248 2346 ferendarum
1266 2289 1361 2360 legum
1385 2289 1649 2362 ecclesiasticarum,
1680 2292 1712 2347 in
1731 2296 1856 2347 unomen
1871 2290 1900 2346 de

211 2382 279 2436 tinet
296 2381 370 2449 lepee
385 2381 505 2434 condere
516 2379 551 2432 de
570 2378 678 2433 arubae
691 2379 821 2432 inmanis
837 2394 938 2449 corque
949 2393 1046 2445 repere
1072 2376 1237 2447 magistratu
1256 2375 1312 2430 fuit
1328 2374 1488 2446 expositum.

210 2478 238 2522 et
251 2467 383 2523 ratosuel
396 2466 607 2529 irritorsacere
627 2468 655 2521 2.
669 2464 706 2519 ln
716 2467 747 2520 Τ.
762 2465 1044 2536 Kprmterpmdiri
1107 2468 1167 2520 ete.
1204 2469 1228 2518 3.
1246 2463 1378 2517 Ecclesia
1400 2462 1496 2517 babuit
1510 2463 1603 2531 iactor
1622 2480 1729 2518 comae
1755 2472 1849 2520 votum
1865 2482 1901 2519 ro·

210 2573 276 2609 num
290 2554 423 2609 naturale
441 2560 522 2606 erant
540 2552 1045 2623 etiamcertaeleperporitioaep'udi·
1072 2551 1153 2605 leone
1183 2551 1417 2619 impedimentum
1446 2549 1622 2604 matrimonii
1644 2551 1788 2605 dirimam
1811 2550 1901 2607 comd-

211 2643 298 2697 cialer
309 2641 535 2696 accommodatae
547 2640 705 2709 sllipopalo
712 2648 769 2695 tum
776 2639 1045 2707 circamctrimonia,
1072 2637 1177 2693 meandi.
1196 2641 1220 2690 l.
1238 2636 1295 2699 Qui
1305 2645 1371 2691 uota
1389 2636 1516 2690 rolennia
1534 2636 1721 2692 continentiae
1741 2639 1900 2708 suecipiunt,

211 2739 269 2783 tum
281 2730 358 2783 circa
371 2727 614 2782 aliorcontroctur
626 2727 771 2782 bumanar.
787 2727 1052 2801 lineamentarem,
1072 2724 1120 2778 illi
1144 2730 1248 2777 etatum
1268 2722 1342 2777 citae
1369 2729 1477 2776 mutant
1499 2728 1525 2777 et
1543 2722 1769 2793 obimperfccto
1790 2726 1832 2779 ad
1843 2740 1900 2797 per·

209 2813 1044 2886 obropotoerant,necbabemuraliaraGbrirtopraeecrsptar
1064 2812 1174 2880 sermm
1186 2812 1377 2879 adecendunt,·
1396 2810 1549 2865 absurdum
1562 2819 1654 2864 aalma
1673 2818 1759 2880 erret,
1778 2814 1807 2867 ri
1823 2813 1900 2867 iden

210 2905 290 2972 Erpa
310 2917 418 2956 neoerre
433 2908 482 2966 ert,
501 2902 532 2955 in
544 2902 664 2955 eccleria
673 2918 730 2956 erre
736 2900 1044 2971 potentatemrimslium
1067 2905 1168 2968 poetro
1204 2897 1305 2951 iterum
1332 2898 1457 2952 redirent
1484 2898 1526 2951 ad
1559 2905 1662 2952 etatum
1700 2900 1899 2973 imperfectum

210 2990 302 3058 lepum
316 3005 373 3058 pro
387 2987 458 3042 locir
477 2994 504 3040 et
517 2988 919 3058 temporiburranoiendnrum,
936 2988 1045 3056 alioqui
1071 2988 1097 3039 2.
1128 2984 1185 3047 Qut
1202 2984 1272 3039 bace
1298 2992 1365 3039 octa
1383 2985 1509 3055 faciunt,
1527 3002 1631 3054 mapna
1655 2987 1862 3043 deliberatione
1876 2995 1899 3040 et

212 3075 377 3132 Cbrrbtiana
394 3073 554 3145 respublica
570 3073 817 3143 imperfectissima
837 3092 871 3129 ac
885 3075 975 3147 plane
993 3075 1043 3127 mi·
1065 3073 1254 3142 praecedente
1290 3071 1426 3125 diuturna
1451 3072 1619 3142 probatione
1645 3073 1782 3143 faciunt3
1813 3076 1898 3130 incon·

148 3178 151 3189 ·
210 3164 331 3219 rerrirna
351 3170 427 3219 erra.
471 3167 495 3218 3.
513 3161 635 3216 Pereunt
652 3178 731 3230 repar
746 3162 868 3231 politici,
885 3163 935 3231 qui
950 3163 1042 3230 reipu-
1068 3177 1169 3229 pruam
1180 3166 1272 3213 autem
1289 3167 1337 3221 eet,
1357 3160 1432 3213 utid
1443 3161 1520 3229 prod
1530 3162 1780 3216 maturoconriiio
1796 3165 1896 3227 soctan

211 3252 302 3306 blicae
315 3256 462 3320 praeeunt,
483 3249 708 3304 cireahumnnoe
728 3257 887 3304 contractor
906 3249 1042 3303 bumanar
1068 3255 1117 3311 eet,
1135 3246 1236 3300 iterum
1253 3253 1380 3300 mutetur.
1419 3249 1445 3302 3.
1474 3248 1546 3302 Vota
1567 3247 1699 3302 solennia
1722 3250 1896 3318 repulus-iter,

211 3339 286 3407 leper
304 3337 385 3403 ferre
406 3352 505 3404 eoaque
534 3342 608 3389 certo
633 3336 715 3390 modo
740 3338 833 3401 factor
858 3343 945 3400 rator,
963 3350 1042 3389 recrrr
1066 3333 1178 3403 publice
1211 3341 1238 3387 et
1255 3350 1351 3387 coram
1374 3334 1489 3388 tarnim
1512 3335 1614 3400 natm,
1635 3336 1693 3391 imo
1712 3344 1774 3393 toto
1789 3337 1893 3408 popula

210 3429 304 3476 autem
322 3421 421 3474 irritor
442 3436 500 3473 eree
526 3422 676 3475 decernere
701 3423 736 3475 ob
754 3439 922 3476 communem
940 3438 1041 3490 pacem
1067 3421 1242 3489 inrpectante
1262 3421 1352 3490 fiunt,
1379 3436 1446 3491 erpo
1477 3439 1533 3476 non
1559 3429 1678 3491 potsunt
1706 3424 1771 3478 aine
1799 3423 1898 3494 inperiti

210 3518 236 3564 et
253 3507 435 3563 concordiam
452 3506 636 3579 populorum3
666 3524 732 3578 erpo
754 3517 888 3577 poterunt
906 3509 990 3562 etiam
1009 3508 1042 3562 id
1067 3498 1204 3562 eramala
1222 3506 1335 3564 violari.
1369 3507 1462 3570 Quare
1475 3508 1567 3563 decuit
1583 3510 1732 3565 materiam
1741 3514 1896 3584 providae,

204 3596 354 3665 principer
390 3591 573 3647 eccleciaetici
602 3594 636 3647 ob
663 3595 781 3649 ralutem
809 3603 953 3650 aeternam
980 3596 1040 3649 cni·
1067 3611 1102 3649 ne
1119 3595 1153 3648 id
1169 3595 1275 3648 mutari
1294 3594 1393 3664 poerit,
1416 3596 1540 3650 medium
1556 3604 1650 3652 autem
1669 3600 1897 3663 efficaerbrimon

163 3692 167 3703 ·
209 3700 327 3736 marum.
363 3679 587 3749 Respondemus:
619 3687 641 3736 1.
661 3678 829 3754 Conjngium
847 3700 902 3737 non
919 3689 961 3737 est
977 3698 1041 3737 con·
1064 3681 1238 3754 procidendi
1252 3681 1319 3749 fuit,
1337 3682 1455 3737 irritare
1478 3684 1659 3738 matrimonia
1675 3693 1747 3755 port
1766 3686 1900 3757 ejaemodi

209 3774 316 3824 tractus
347 3766 499 3836 humanus,
528 3766 578 3822 sed
598 3767 692 3823 divina
713 3768 794 3823 unius
811 3770 895 3824 maris
914 3770 1041 3825 etunius
1068 3775 1134 3823 octa
1152 3774 1303 3821 contracto.
1338 3773 1363 3824 d.
1388 3768 1445 3832 Qui
1460 3777 1524 3824 cota
1541 3770 1672 3825 rolennia
1689 3773 1821 3840 faciunt,
1849 3791 1899 3828 non

210 3854 331 3911 feminae
351 3854 388 3908 ad
406 3852 577 3908 individuam
597 3854 671 3910 vitae
698 3855 855 3911 societatem
875 3855 1041 3926 conjunctio.
1069 3857 1160 3910 rolum
1177 3856 1242 3909 Deo
1260 3871 1320 3909 rere
1338 3855 1477 3923 oblipant,
1504 3859 1556 3911 aed
1573 3859 1658 3912 etiam
1674 3868 1778 3929 sponte
1796 3878 1826 3916 re
1842 3861 1897 3916 rab

208 3944 280 4000 Nam
298 3956 354 3996 non
374 3940 409 3996 de
427 3939 523 4010 primis
541 3947 649 3995 mutum
673 3942 848 4014 conjugibus,
863 3942 972 3999 Adamo
990 3943 1041 3998 sei·
1063 3943 1169 4012 jiciunt
1186 3942 1327 4008 eccleriae,
1354 3950 1384 3996 ut
1402 3943 1438 3997 ab
1461 3959 1493 3998 eo
1512 3945 1577 4014 copi
1597 3946 1719 4016 porcine,
1750 3950 1835 4003 etiam
1848 3967 1897 4020 per

210 4030 277 4084 licet
295 4033 323 4082 et
339 4025 409 4091 Eva,
427 4026 477 4082 sed
497 4026 580 4081 etiam
600 4026 634 4083 de
653 4028 780 4084 omnibus
800 4029 863 4099 illis,
884 4030 931 4100 qui
949 4029 1040 4083 adhuc
1067 4031 1142 4083 ciam
1155 4029 1273 4099 judicii,
1296 4030 1420 4099 proinde
1439 4032 1519 4101 queri
1534 4041 1733 4102 nerpoicum,
1752 4036 1782 4089 ri
1798 4054 1845 4091 eor
1860 4038 1897 4090 in·

209 4113 292 4171 hodie
309 4112 433 4184 legitime
451 4117 480 4166 et
494 4113 577 4182 juxta
595 4130 718 4169 normam
735 4115 813 4172 verbi
824 4117 1040 4186 conjunguntur,
1067 4116 1175 4170 tauers
1200 4116 1241 4169 od
1264 4115 1473 4170 matrimonium
1502 4117 1620 4173 eccleeia
1644 4120 1727 4183 facit.
1778 4123 1897 4194 Respon·

211 4200 336 4255 Christus
360 4198 535 4269 pronuntiat:
569 4199 652 4262 Quod
676 4203 756 4255 Deua
781 4203 933 4271 conjunrit,
959 4203 1039 4257 lamo
1067 4204 1178 4258 demus:
1200 4208 1222 4259 1.
1242 4202 1328 4258 Nulla
1345 4208 1437 4273 potest
1454 4220 1515 4259 esse
1528 4221 1611 4260 causa
1620 4206 1701 4275 justa
1713 4214 1745 4263 et
1762 4209 1896 4267 sufficiens

209 4304 267 4341 non
287 4292 413 4354 separet,
443 4283 542 4340 Matth.
566 4291 604 4341 19.
623 4303 648 4341 v.
670 4290 693 4343 6.
742 4293 766 4342 2.
786 4288 929 4351 Quomodo
947 4289 1039 4343 matri·
1066 4287 1304 4345 irritnmiaciendi
1314 4289 1525 4360 matrimonium,
1545 4290 1620 4362 quod
1635 4292 1720 4363 juxta
1738 4294 1817 4368 leges
1836 4313 1894 4351 con·

211 4371 333 4429 moniam
350 4369 504 4425 Pontificiis
523 4386 584 4426 esse
597 4372 700 4441 poterit
713 4381 872 4428 contractor
893 4375 1039 4445 inmanur,
1063 4376 1137 4449 jngii
1164 4375 1297 4430 divinitus
1327 4376 1447 4432 sancitas
1472 4382 1515 4432 est
1540 4384 1729 4451 contractum,
1756 4383 1825 4439 alias
1850 4383 1896 4438 hu·

209 4477 272 4515 oum
292 4458 320 4512 in
338 4461 571 4513 sacramentorum
584 4459 695 4529 proprie
713 4460 753 4515 sic
772 4460 907 4516 dictorum
925 4463 1040 4518 classem
1066 4479 1148 4518 mana
1172 4462 1327 4518 auctoritas.
1351 4469 1379 4518 et
1415 4463 1601 4520 ecclesiastica
1633 4472 1763 4538 potestas
1788 4470 1896 4526 effertur

184 4588 188 4593 .
211 4545 280 4601 illud
300 4543 469 4600 numerent?
506 4549 530 4598 3.
556 4545 637 4611 Quod
660 4545 739 4601 Deus
762 4548 911 4620 unicuique
929 4549 1041 4621 reliquit
1066 4565 1151 4620 supra
1176 4549 1299 4619 verbnm,
1330 4549 1404 4620 quod
1433 4550 1489 4606 tale
1508 4550 1714 4608 matrimonium
1735 4557 1893 4626 pronuntiat

210 4632 338 4700 liberum,
357 4628 490 4685 ccclesiae
508 4630 705 4688 constitutione
725 4650 781 4689 non
801 4639 893 4705 potest
912 4634 972 4689 fieri
989 4635 1038 4691 ab·
1066 4653 1125 4691 esse
1143 4642 1235 4692 ratum
1255 4642 1283 4692 et
1305 4635 1502 4694 indissolubile
1539 4642 1563 4694 2.
1585 4638 1724 4697 Perfectio
1744 4641 1897 4700 Obnitiana

211 4718 300 4773 solute
327 4716 519 4773 necessarium.
570 4716 735 4790 Illegitimas
765 4736 831 4792 ergo
852 4738 983 4791 personas
1003 4725 1039 4778 ad
1066 4722 1192 4779 consistit
1217 4723 1245 4776 in
1272 4721 1328 4778 fide
1360 4722 1462 4779 Christi
1488 4728 1516 4779 et
1544 4724 1653 4781 sincero
1678 4743 1764 4784 verae
1788 4729 1896 4802 pietatis

209 4802 413 4859 matrimonium
438 4802 539 4868 fecere,
563 4804 698 4860 ecclesiae
721 4823 776 4861 non
800 4805 873 4874 licet,
901 4825 963 4862 cum
983 4826 1039 4864 ma·
1066 4807 1166 4876 studio,
1185 4808 1260 4879 quod
1278 4815 1335 4864 tam
1353 4809 1381 4863 in
1399 4810 1457 4864 vita
1467 4811 1611 4883 conjugali
1631 4828 1716 4884 quam
1735 4815 1845 4873 coelibe
1862 4819 1895 4873 lo-

209 4889 329 4945 trimonii
357 4889 472 4945 libertas
504 4890 630 4945 omnibus
663 4891 700 4944 sit
737 4891 867 4947 divinitus
899 4910 1038 4962 concessa,
1066 4912 1128 4951 cum
1144 4894 1237 4965 babet,
1257 4896 1378 4966 quinimo
1400 4895 1459 4952 lieri
1480 4902 1580 4968 potest,
1599 4898 1746 4956 ntinvita
1758 4904 1895 4976 conjugali

210 4974 333 5047 quinimo
351 4992 415 5030 cum
435 4974 498 5043 illis,
517 4975 565 5047 qni
578 4982 734 5031 urunturet
751 4978 892 5034 continere
906 4996 961 5035 non
977 4997 1038 5051 pos·
1064 4983 1152 5053 major
1177 4981 1213 5036 sit
1237 4983 1370 5053 perfectio
1393 5000 1478 5055 quam
1503 4984 1531 5038 in
1559 4984 1712 5056 coelibatu,
1751 4994 1784 5044 ut
1807 4991 1896 5047 multis

208 5070 280 5131 sunt,
307 5063 468 5117 mandatum
491 5061 535 5130 sit,
565 5068 597 5116 ut
621 5063 742 5118 remedio
770 5065 893 5137 conjugii
919 5046 1236 5125 uunturlostendimus
1253 5069 1388 5140 superins.
1436 5070 1504 5124 Plus
1521 5070 1582 5127 Deo
1600 5072 1694 5142 placet
1710 5074 1819 5133 eumer
1836 5096 1896 5133 con·

209 5156 232 5204 l.
263 5148 325 5212 Qua
349 5148 473 5204 veritatis
500 5149 592 5220 specie
612 5149 666 5204 dici
692 5157 791 5221 potest,
817 5155 894 5221 qaod
914 5154 1038 5209 Gloriatur
1059 5153 1173 5225 jupium
1193 5171 1276 5226 quam
1299 5156 1434 5228 rupertus
1463 5158 1624 5214 redibatur.
1662 5165 1687 5217 3.
1718 5161 1794 5220 Tota
1819 5183 1896 5239 argu-

208 5253 264 5290 non
283 5235 479 5304 declaraverit,
498 5236 561 5307 quis
574 5237 750 5292 matrimonii
766 5246 927 5293 contractus
944 5241 980 5295 rit
999 5242 1036 5295 le·
1050 5241 1150 5298 'menti
1169 5246 1308 5298 structure
1333 5243 1431 5299 nititur
1458 5243 1508 5299 illa
1526 5244 1681 5316 hypothesi,
1712 5251 1790 5320 quod
1808 5261 1895 5308 rotun

85 5322 575 5393 xv1.ttopitimuroelillepitimur,
604 5340 667 5377 cum
693 5326 888 5396 apolygsmia
904 5332 932 5381 et
949 5327 1037 5382 divor·
1050 5316 1053 5345 ¹
1060 5336 1214 5399 perpetuae
1244 5330 1429 5385 continentiae
1460 5350 1479 5386 a
1508 5332 1648 5402 quiburrie
1672 5340 1810 5404 perronir
1834 5359 1896 5412 quo

209 5409 254 5464 tiis
276 5409 305 5463 in
322 5407 427 5479 populo
444 5408 598 5464 lsrniilitico
617 5410 727 5466 usitatis
744 5429 795 5467 nos
812 5413 984 5468 revocaverit
1002 5415 1038 5468 ad
1065 5432 1170 5484 cunque
1187 5417 1271 5470 morlo
1287 5419 1454 5487 praeatitum
1472 5420 1510 5472 eit
1530 5421 1595 5475 Deo
1613 5429 1727 5491 pratum
1755 5435 1782 5480 et
1802 5430 1896 5482 serien

208 5494 325 5567 primam
346 5493 691 5567 conjugiiinstitutionem,
707 5514 790 5568 quam
811 5498 897 5553 veluti
915 5503 1240 5570 normamiserrandum,
1269 5503 1377 5560 etiamsi
1401 5505 1502 5560 rotarii
1529 5506 1571 5562 illi
1600 5508 1840 5579 animadvertant,
1869 5532 1895 5571 sc
