4020 6022
189 304 249 359 ate
768 291 891 351 Locus
908 290 1117 351 acuamus
1133 292 1303 358 QUINTUS

191 448 372 516 anxietatum,
391 461 461 513 qrcae
482 446 675 499 immobiliter
693 446 813 500 habmus
829 446 908 501 cirea
919 462 1026 517 pueroe
1052 447 1258 502 dissimulanda.
1295 446 1339 501 Ac
1359 445 1526 518 quinetiam
1545 445 1574 499 iu
1585 443 1811 500 Christianorum
1828 456 1889 497 con·

188 534 361 587 nutriendae.
400 533 510 594 Querela
527 532 563 585 eit
581 533 650 585 iaec
668 534 811 602 areuietac,
842 532 900 587 soli
923 548 1024 587 nouere
1046 534 1134 603 jugiis
1153 550 1215 589 raro
1232 534 1348 603 aequale
1366 532 1478 602 pietatis
1496 532 1619 585 studium
1637 531 1667 585 iu
1694 536 1889 600 utroqueocu·

186 626 329 689 parentee.
368 618 528 672 Secundum
546 635 670 673 actorem
688 618 769 688 enim,
786 635 841 687 quo
858 616 1025 687 afficiuntur
1046 621 1116 691 juge
1148 618 1378 690 deprehenditur,
1408 635 1442 673 ac
1474 618 1582 688 piorum
1610 616 1696 673 etiarn
1728 615 1888 687 conjugium

190 706 267 758 circa
278 704 360 769 filios,
375 705 535 757 extenditur
547 705 741 759 solicitudinis
752 704 925 773 mapnitudo,
943 720 1023 773 quera
1051 706 1137 760 multa
1157 722 1252 761 secum
1267 704 1354 759 trahit
1371 711 1560 769 avocamenta,
1586 704 1650 759 ideo
1668 702 1698 757 in
1721 718 1826 774 genere
1843 717 1888 771 ap·

190 806 313 844 amorem
330 789 449 858 exceptis
460 791 630 858 parentibus
646 791 723 845 nulli
738 791 847 859 eciunt,
865 791 940 843 uncle
956 805 1023 842 uon·
1051 792 1148 862 plicari
1167 798 1260 861 potest
1278 790 1313 845 ed
1332 794 1476 863 conjuges,
1496 807 1553 845 non
1567 796 1659 846 tumen
1673 789 1821 852 exclusive,
1840 786 1887 841 sed

189 893 330 945 nitriquam
356 875 563 943 solicitudinem
586 877 678 946 ipsam
703 877 732 929 iu
761 885 868 931 tantum
887 875 1023 944 continuit
1034 926 1037 933 ,
1050 886 1229 947 comparate,
1253 883 1286 932 ut
1304 879 1431 946 superius
1447 877 1504 932 late
1522 876 1760 946 interpositum.
1808 873 1887 929 Arias

189 962 313 1030 emendi,
338 968 369 1013 ut
389 978 482 1015 omnes
500 963 590 1015 animi
609 963 684 1016 eirea
703 970 831 1032 occupet,
853 969 880 1016 et
899 961 1024 1016 omniun
1049 954 1200 1018 Montanus
1212 963 1240 1017 in
1259 969 1402 1019 comment.
1421 968 1443 1019 l.
1456 962 1519 1019 Cor.
1533 969 1564 1018 ἰι
1582 961 1704 1017 Bealior
1725 962 1788 1025 erit,
1805 959 1833 1013 ei
1848 957 1887 1012 cic

186 1048 352 1118 poatpositte
372 1049 547 1102 solummodo
566 1049 691 1112 filiorum
710 1051 875 1105 mentionem
896 1049 1024 1129 hebetant.
1049 1051 1245 1117 perneanscm't.
1263 1050 1398 1115 Beatiar,
1410 1056 1505 1117 utpote
1514 1064 1586 1117 quae
1594 1048 1687 1101 minuar
1698 1047 1887 1103 mutationum

189 1133 336 1187 Discurril
363 1135 474 1188 animus
503 1142 528 1187 el
553 1143 689 1205 cupatur,
717 1136 865 1204 percurrit
892 1151 971 1188 mare
999 1142 1025 1186 et
1051 1136 1195 1204 minaeque
1207 1136 1401 1205 impedimenti
1411 1136 1545 1189 umnam
1556 1142 1639 1189 eatut
1652 1133 1768 1203 spiritu,
1786 1139 1814 1184 et
1831 1148 1886 1183 cor·

190 1220 320 1285 aricium,
346 1220 388 1273 nil
408 1220 584 1289 inexpertum
599 1221 751 1290 relinquit,
773 1221 982 1293 plurimumque
999 1229 1024 1275 et
1047 1238 1119 1291 pore
1142 1238 1202 1275 aeae
1227 1229 1313 1275 totam
1334 1222 1364 1274 in
1373 1221 1494 1290 pittatia
1526 1220 1751 1275 &mutationem
1783 1218 1885 1271 undat

189 1323 291 1374 corpses
310 1306 474 1359 miserorum
487 1313 639 1376 parentum
655 1307 766 1361 divorso
779 1308 876 1361 labore
887 1306 1025 1369 aarum,
1051 1306 1191 1362 Lutherus
1203 1313 1297 1363 noster
1309 1306 1386 1374 dicit,
1405 1307 1583 1375 conjupatum
1600 1306 1631 1359 in
1646 1305 1740 1359 mutto
1758 1304 1855 1358 aliena
1869 1320 1886 1355 a

188 1402 219 1447 ut
239 1393 309 1456 filiis
324 1394 488 1461 pecuniam
502 1378 646 1463 possessio
664 1395 851 1462 relinquatur.
884 1392 1025 1455 uacuum
1050 1394 1133 1447 aerio
1153 1394 1266 1460 nepotia
1292 1393 1397 1461 diuidi,
1425 1410 1483 1447 non
1502 1407 1588 1461 posse
1613 1407 1724 1458 semper
1746 1390 1886 1443 intendere

191 1489 284 1534 autem
298 1489 387 1549 pratae
407 1480 558 1533 αιιιιιιιιιιι
583 1482 677 1549 adiici
700 1481 785 1535 etiam
803 1480 882 1535 ιοιιίι
897 1481 1026 1549 parenti·
1052 1479 1173 1548 lectioni,
1183 1479 1314 1532 intereare
1323 1477 1511 1533 communibus
1516 1477 1649 1547 precibu-r
1658 1484 1685 1530 et
1691 1476 1820 1546 publicis
1829 1491 1885 1527 con·

190 1566 240 1619 hus
267 1574 294 1619 el
318 1566 436 1619 maxime
455 1567 606 1634 matribm,
633 1584 705 1635 quae
729 1566 836 1635 majori
856 1566 933 1620 circa
947 1565 1025 1633 filios
1052 1566 1192 1635 praecibus
1204 1581 1239 1619 ac
1256 1565 1371 1635 saepiae
1386 1582 1405 1617 o
1419 1564 1632 1632 capitationibus
1645 1563 1762 1632 primae
1777 1561 1885 1616 tatami

189 1652 280 1705 aoleut
306 1654 408 1721 affeetu
430 1653 550 1715 moueri,
578 1668 639 1705 crem
655 1652 763 1719 rident,
792 1652 878 1705 uttam
900 1652 1024 1715 tiliorum
1053 1652 1178 1706 ιιίιιναιιί
1189 1652 1324 1704 adauraa
1337 1650 1382 1703 vei
1401 1649 1570 1715 familiaria.
1596 1648 1651 1712 Qui
1663 1647 1883 1719 ergodeuocou·

189 1740 323 1792 uirtutum
344 1737 456 1790 tramite
474 1737 574 1791 relicto
592 1737 697 1806 vapori
712 1754 767 1807 per
785 1739 869 1792 deuia
886 1738 1025 1799 uitiorum,
1051 1738 1184 1793 tinentiae
1213 1736 1364 1791 instructae
1395 1734 1562 1791 coelibatum
1592 1750 1626 1789 eo
1648 1732 1706 1789 fine
1732 1733 1830 1805 eligit,
1857 1738 1885 1787 ut

190 1842 252 1877 curn
277 1824 397 1877 diuersis
419 1822 486 1877 illos
511 1823 595 1890 affici
617 1825 713 1877 uident
736 1842 884 1894 corporum
910 1824 1025 1893 infirmi·
1052 1824 1089 1878 sit
1107 1821 1261 1895 ‹lpiprpsur
1279 1821 1394 1875 τώυτοῦ
1409 1816 1525 1889 κόσμου,
1542 1825 1680 1875 utomnes
1691 1819 1883 1891 cogitationoe,

189 1911 308 1975 tatibus,
340 1926 401 1961 cum
431 1910 550 1977 denique
581 1911 694 1963 arndem
725 1912 768 1963 acl
802 1910 901 1965 mortio
929 1911 1025 1963 uiclent
1052 1924 1146 1976 curas,
1176 1906 1270 1961 studia
1300 1911 1328 1961 ct
1355 1906 1480 1961 actiones
1512 1904 1624 1976 pietatis
1653 1904 1794 1961 exercitiis
1829 1904 1883 1959 sine

190 1997 333 2049 interitum
352 1994 504 2048 deveniret
546 1994 624 2049 Haeo
642 1995 736 2049 omnia
751 2012 815 2051 vere
842 1994 973 2050 dicuntur
990 1996 1025 2049 de
1052 1992 1239 2051 avocamentis
1257 1991 1340 2061 huJ'us
1353 1990 1439 2046 seculi
1457 1990 1587 2047 addicere
1599 1990 1695 2061 possit,
1713 1996 1791 2047 recte
1808 1990 1882 2057 facia

190 2080 314 2152 conjugii
332 2078 513 2134 incommodis
530 2086 594 2149 post
614 2080 737 2150 lapsum,
766 2097 799 2135 ac
816 2081 932 2151 proinde
950 2082 1024 2152 quis·
1052 2080 1100 2151 qui
1119 2095 1184 2134 vero
1199 2077 1327 2147 jamdum
1347 2076 1376 2131 ln
1394 2076 1525 2148 conjugio
1548 2075 1618 2131 vivit
1639 2076 1686 2130 rel
1710 2076 1748 2131 ab
1774 2076 1883 2133 untioni-

191 2167 254 2237 quis
274 2165 346 2219 dono
366 2165 556 2221 continentiae
578 2165 730 2221 insu-uetus
753 2167 921 2222 coelibatum
938 2168 1025 2239 eligit,
1054 2167 1105 2221 bus
1135 2164 1303 2219 matrimonii
1333 2162 1516 2219 contrahendi
1542 2162 1738 2218 necessitatem
1766 2162 1822 2217 sibi
1839 2163 1885 2217 im·

190 2259 222 2307 ut
249 2252 286 2307 ab
313 2252 367 2305 illis
394 2251 575 2307 incommodis
599 2252 670 2307 liber
695 2255 799 2324 majore
825 2254 1025 2325 tranquillitate
1051 2252 1118 2324 poni
1150 2250 1295 2321 intelligit,
1327 2250 1351 2303 is
1381 2248 1520 2320 expendat
1549 2248 1675 2319 regulam
1707 2248 1885 2320 apostolicum

190 2340 312 2407 fruatur,
340 2340 364 2393 is
388 2355 444 2393 non
466 2345 574 2409 peccat.
610 2339 720 2395 Etenim
739 2341 763 2395 si
781 2341 902 2411 conjunx
921 2341 967 2397 vel
983 2341 1024 2399 in·
1051 2357 1077 2394 v.
1100 2344 1147 2393 at:
1179 2337 1237 2398 Qut
1260 2343 1376 2389 utuntur
1401 2337 1505 2389 mundo
1530 2342 1666 2404 tanquam
1689 2352 1748 2389 non
1765 2343 1885 2403 ιιιαιιιιιι,

191 2426 297 2495 fidelis,
339 2425 383 2480 vel
423 2424 514 2479 minus
549 2425 690 2481 studiosus
725 2427 837 2497 pietatis
872 2428 1024 2498 contingat,
1052 2428 1150 2480 caveat
1176 2439 1209 2476 ac
1233 2422 1340 2476 solitice
1367 2421 1421 2476 sibi
1445 2419 1612 2492 prospiciat,
1644 2436 1681 2475 na
1706 2420 1783 2475 curis
1808 2420 1885 2492 hujus

191 2513 280 2567 multa
304 2528 388 2581 saepe
412 2511 441 2565 in
461 2511 512 2565 tali
530 2510 670 2582 inaequali
689 2512 821 2583 conjugio
844 2519 925 2568 crunt
944 2511 1023 2566 dissi-
1052 2510 1139 2565 seculi
1158 2516 1295 2579 tanquam
1313 2507 1401 2578 spinis
1419 2506 1587 2578 quibusdam
1611 2504 1796 2563 lrucuficatio
1814 2506 1884 2562 rubi

191 2599 332 2668 mulanda,
350 2614 383 2652 ac
401 2597 423 2651 si
441 2597 584 2665 conjugati
603 2598 658 2651 sint
674 2597 847 2667 infirmiores,
866 2615 952 2670 saepe
971 2599 1025 2653 illis
1053 2596 1234 2667 impediatur,
1262 2604 1381 2665 queaerot
1395 2595 1490 2665 primo
1510 2595 1631 2647 omnium
1649 2609 1770 2661 reanum
1792 2595 1883 2648 Deiet

191 2684 405 2739 difficultatibus
430 2681 630 2747 succumbunt,
662 2690 694 2738 ut
722 2685 802 2754 lapsu
825 2684 919 2754 aliquo
945 2702 1025 2755 prae·
1046 2685 1192 2754 justitiam
1211 2683 1282 2751 ejus,
1301 2682 1520 2737 moderationem
1540 2680 1704 2735 incuraroi
1719 2681 1884 2736 domesticae

191 2777 369 2841 occupentur,
388 2786 450 2823 curn
470 2769 499 2821 in
516 2785 597 2823 cruce
615 2768 729 2824 ferenda
749 2786 833 2841 saepe
851 2771 914 2841 plus
931 2770 1026 2826 doleat
1052 2770 1184 2825 adhibeat
1207 2786 1241 2825 ac
1264 2770 1351 2837 sciat,
1380 2768 1409 2822 in
1432 2767 1562 2837 operibus
1585 2766 1669 2821 etiam
1687 2769 1831 2823 secundae
1849 2774 1884 2821 ta·

192 2857 307 2911 maritae
327 2873 360 2911 ex
380 2860 546 2928 συμπαθείᾳ
564 2871 632 2925 erga
648 2872 762 2911 uxorem
783 2862 810 2911 et
823 2856 923 2912 liberos
942 2873 1025 2928 qnam
1052 2856 1134 2912 bulae
1151 2854 1213 2910 Deo
1231 2861 1341 2926 gratum
1361 2854 1497 2925 praestari
1516 2852 1697 2923 obsequium,
1727 2852 1751 2908 si
1770 2869 1806 2909 ex
1824 2868 1884 2909 veru

191 2960 224 2998 er
249 2943 309 3012 ipso
332 2940 499 2996 calamitatis
523 2958 614 2996 sensu.
664 2942 718 3006 Qrvi
743 2958 809 2997 vero
838 2942 867 2997 in
894 2943 1025 3014 conjugio
1051 2942 1107 2997 fide
1123 2946 1151 2997 et
1168 2941 1316 2996 dilectione
1334 2939 1551 3011 proficiscantur.

190 3030 259 3084 vivit
283 3029 328 3083 vel
346 3026 539 3083 necessitatem
560 3027 673 3081 ineundi
699 3028 866 3083 matrimonii
885 3029 921 3084 ab
939 3029 1025 3084 ustio·
1089 3033 1147 3084 500.
1182 3026 1309 3081 Tertium
1326 3025 1405 3080 illum
1424 3024 1580 3080 coelibatus
1596 3023 1680 3079 finem
1705 3030 1736 3079 et
1754 3041 1836 3079 usum
1850 3020 1929 3082 abuit

190 3116 274 3169 nibus
302 3114 355 3169 sibi
383 3114 460 3183 injici
487 3113 585 3177 sentit,
616 3129 672 3168 non
699 3113 872 3184 despondeat
902 3114 1024 3169 animum
1052 3112 1178 3185 apostolo
1218 3111 1391 3183 assignatum
1423 3109 1550 3165 Salvator
1585 3116 1680 3165 noster
1711 3109 1826 3166 Motu:
1848 3090 1929 3186 1233,t

190 3207 303 3271 propter
341 3199 389 3253 illa
425 3199 613 3261 incommoda,
656 3199 705 3253 sed
748 3201 880 3270 majorem
923 3200 1026 3256 habeat
1052 3218 1077 3256 v.
1105 3205 1144 3256 12.
1171 3198 1247 3253 hisce
1270 3197 1464 3267 complectitur
1486 3196 1591 3251 verbis:
1621 3195 1694 3249 Sunt
1718 3198 1769 3267 qui
1794 3213 1825 3251 ιι
1841 3206 1929 3251 cti-⁸²⁸

191 3286 325 3339 radonem
346 3286 469 3339 internae
500 3283 684 3340 eonscientiae
715 3302 797 3356 quarn
816 3286 1025 3358 tranquillitatis
1053 3292 1147 3339 strant
1160 3292 1281 3357 propter
1299 3299 1415 3353 requam
1428 3282 1575 3335 coelorum.
1605 3280 1759 3338 Cumvero
1772 3254 1929 3355 regnumffi

192 3370 266 3424 illius
283 3376 426 3437 externae,
457 3370 494 3423 sit
513 3378 645 3439 tauquam
663 3390 718 3426 non
735 3374 817 3440 tiene,
834 3379 867 3428 ut
885 3374 1025 3444 apostolus
1053 3372 1191 3426 coelorum
1217 3371 1246 3424 in
1275 3369 1427 3439 Scripturis
1451 3366 1590 3439 significet
1615 3367 1661 3423 vel
1689 3360 1929 3445 metanomiam

191 3455 330 3528 loquitur,
360 3455 413 3509 hoc
433 3460 547 3510 estnon
569 3456 684 3509 nimium
708 3457 744 3512 ob
768 3456 817 3512 illa
835 3459 909 3513 mala
926 3459 1025 3513 contri·
1055 3466 1213 3524 aeternam,
1243 3456 1296 3510 hoc
1320 3460 1364 3510 eet
1386 3472 1502 3525 requam
1521 3453 1631 3523 gloriae
1661 3453 1692 3507 in
1708 3454 1808 3511 futura
1823 3455 1883 3524 ritu,
1891 3464 1929 3496 Μ

192 3548 288 3605 stetur,
308 3541 357 3596 sed
376 3541 458 3608 sciat,
492 3540 582 3596 Deum
600 3542 654 3611 piis
674 3542 839 3613 conjugibus
857 3561 906 3599 suo
924 3545 1026 3600 auxilio
1054 3545 1097 3600 vel
1115 3543 1298 3597 ministerium
1321 3541 1541 3596 eeclorioaticum
1564 3547 1594 3594 et
1611 3539 1747 3595 exercitia
1763 3541 1883 3611 'pictatia

190 3628 302 3693 adesse,
330 3633 362 3680 ut
382 3625 436 3681 hae
454 3626 627 3681 calamitates
646 3626 702 3682 sint
719 3627 850 3683 exercitia
867 3629 1027 3701 patientiae,
1054 3629 1244 3696 invocationis,
1262 3627 1443 3684 confessionis
1457 3627 1486 3680 in
1499 3625 1623 3695 ecelesia,
1640 3624 1696 3681 hoc
1714 3633 1760 3683 est
1774 3644 1883 3697 repuens

191 3713 382 3777 invocationis,
401 3711 566 3777 dilectionis,
586 3711 706 3768 fiduciae
726 3721 778 3769 etc.
822 3715 921 3771 iustus
939 3716 1026 3773 Jonas
1054 3718 1165 3785 pratiac
1183 3717 1212 3770 in
1230 3715 1283 3769 hac
1301 3715 1373 3783 vite,
1405 3712 1530 3784 quaestio
1550 3717 1606 3778 est,
1630 3712 1659 3765 in
1678 3728 1736 3783 qua
1752 3711 1883 3783 signitica-

192 3801 223 3854 in
247 3799 352 3855 delens.
377 3800 490 3869 conjug.
519 3799 624 3855 sacerd.
649 3801 712 3855 adv.
731 3800 869 3855 Fabrnm:
901 3802 970 3855 Nisi
985 3820 1028 3856 me
1056 3804 1130 3858 done
1147 3818 1264 3873 regnum
1283 3799 1423 3855 coelorum
1439 3799 1468 3852 in
1486 3798 1539 3852 hoc
1556 3797 1632 3871 dicto
1648 3797 1813 3867 accipiatur.
1853 3796 1881 3850 Id

83 3893 179 3938 rursu.
192 3887 285 3955 aprum
302 3885 487 3938 conecientiae
503 3885 664 3952 periculum
687 3887 831 3956 ιιιοιιιιιι,
860 3887 933 3942 tatia
949 3888 1028 3942 uide·
1055 3905 1121 3944 vero
1140 3888 1243 3959 optime
1261 3885 1403 3957 colligitur
1420 3901 1453 3941 ex
1474 3882 1688 3939 circumstantiis
1700 3888 1795 3939 textus
1812 3890 1840 3939 et
1855 3899 1883 3937 ex

193 3973 299 4038 lamus,
317 3972 487 4040 quodtusic
500 3971 570 4023 belle
587 3973 729 4037 decantas,
745 3973 813 4041 plue
827 3989 885 4027 esse
903 3974 1029 4027 literarii
1056 3974 1202 4030 collatione
1234 3989 1297 4027 eum
1330 3970 1444 4042 propria
1472 3969 1556 4039 hujus
1594 3968 1739 4025 doctrinae
1767 3970 1833 4025 sede
1863 3975 1882 4024 t.

194 4058 248 4111 olii
265 4073 299 4109 ae
317 4057 407 4110 minua
425 4057 523 4109 turbae
540 4057 570 4109 in
590 4057 727 4111 coelibatu
744 4076 828 4127 quom
841 4058 872 4112 in
886 4060 1028 4130 cocejuqio,
1059 4060 1181 4116 Corinth,
1208 4066 1230 4113 ”ι.
1252 4057 1364 4113 tradita.
1414 4055 1595 4127 Lequebatur
1615 4053 1745 4109 Christus
1771 4055 1809 4111 ad
1826 4071 1882 4125 ape

194 4145 247 4197 red
261 4141 411 4196 malrsimus
429 4141 482 4194 ltoc
501 4142 710 4210 tranquillitate
729 4158 827 4196 carere
840 4160 924 4212 quam
935 4146 1029 4198 Deum
1057 4146 1149 4213 stolos,
1167 4145 1216 4215 qui
1235 4142 1386 4213 ablegandi
1402 4148 1482 4197 erant
1501 4141 1530 4196 in
1545 4144 1635 4196 totum
1646 4146 1787 4195 terrarum
1798 4140 1882 4196 orbem

196 4230 347 4298 offendere.
394 4232 418 4281 3.
439 4226 548 4279 Bonum
568 4232 618 4292 est,
637 4244 697 4282 csse
716 4244 749 4282 ae
766 4245 876 4283 manere
896 4229 1029 4285 coelibem
1056 4233 1092 4287 ad
1111 4229 1326 4302 praedicandum
1345 4227 1519 4299 evangelium
1537 4225 1611 4281 omni
1629 4230 1785 4283 creaturae
1821 4226 1883 4283 Cum

195 4316 229 4368 οι
254 4314 392 4381 ncaiorem
411 4313 555 4366 seroicncli
575 4314 647 4383 Deo,
661 4317 906 4383 opportunitatem.
932 4334 958 4371 v.
981 4322 1028 4374 ³2:
1056 4319 1109 4373 hac
1136 4316 1323 4387 apostolorum
1350 4314 1494 4369 vocatione
1521 4330 1577 4367 uon
1603 4311 1717 4384 quidem
1746 4310 1883 4385 pugnabat

197 4402 277 4468 Volo,
296 4418 344 4453 voa
363 4415 423 4453 esre
447 4396 634 4471 ἀμερίμνους,
656 4400 717 4453 sine
734 4401 924 4456 solicitudine.
976 4405 1031 4467 Qui
1055 4403 1230 4474 conjugium,
1257 4401 1367 4455 interim
1392 4404 1485 4454 tauma
1507 4399 1544 4454 ad
1569 4397 1693 4455 officium
1710 4399 1877 4468 apostolatus

196 4490 255 4540 cine
283 4502 371 4539 unere
398 4493 450 4553 est,
483 4485 611 4537 solicitue
639 4492 693 4549 ιιι,
726 4503 797 4554 quae
818 4496 883 4541 sunt
901 4490 1028 4557 Domini,
1056 4489 1210 4559 expeditior
1230 4494 1289 4543 erat
1306 4485 1476 4556 coelibatum
1509 4485 1635 4541 Christus
1654 4484 1743 4556 igitur
1760 4483 1879 4557 quamvis

194 4574 332 4649 quomodo
346 4570 463 4639 placeat
480 4571 624 4634 Domiuo;
643 4588 667 4626 v.
687 4576 728 4625 33.
753 4572 803 4640 qui
820 4590 886 4627 uero
915 4591 1028 4628 uxorem
1057 4592 1111 4629 non
1128 4573 1254 4628 absolute
1272 4589 1306 4626 ac
1327 4572 1490 4643 simpliciter
1507 4571 1663 4642 praecipiet
1681 4571 1831 4643 apostolis,
1855 4574 1882 4623 ut

195 4657 287 4725 stanit,
310 4656 437 4711 solicitus
456 4663 496 4709 est
513 4658 549 4708 ιιι
568 4655 627 4719 ιιι,
652 4672 722 4725 quae
740 4665 805 4711 aunt
821 4660 933 4725 mundi,
962 4678 1028 4729 quo·
1057 4657 1227 4730 aconjugio
1246 4658 1416 4726 abstineant,
1444 4663 1538 4713 tamen
1556 4657 1656 4727 probat
1674 4654 1882 4713 coelibatumin

195 4747 277 4797 niodo
298 4745 415 4811 placeat
433 4742 524 4795 uxori.
561 4741 710 4795 Diacretae
729 4751 795 4797 munt
823 4762 868 4814 ea,
899 4763 971 4814 quoe
989 4755 1029 4800 ιιι
1056 4746 1118 4813 ιιιιι,
1137 4745 1185 4815 qui
1206 4745 1278 4798 dono
1297 4743 1485 4799 continentiae
1502 4742 1715 4811 suntinstrneti,
1735 4744 1786 4813 qui
1798 4746 1882 4813 potest

194 4847 277 4895 nacor,
302 4838 329 4883 ιι
346 4847 395 4895 ea,
421 4845 493 4898 qsrae
511 4836 551 4881 est
569 4828 666 4898 oirpo;
699 4846 725 4883 v.
742 4834 787 4884 34:
811 4832 890 4899 uirqo
909 4832 1029 4901 irenupta
1057 4847 1159 4900 cupere
1183 4829 1293 4898 capiat,
1324 4829 1465 4900 inquitet
1487 4828 1582 4897 addit,
1614 4828 1690 4899 quod
1715 4830 1759 4885 ad
1775 4844 1882 4898 regnaut

195 4915 306 4981 ospitat,
327 4932 398 4985 quoe
417 4922 481 4968 runt
498 4914 631 4983 Domini,
648 4920 680 4965 ut
698 4915 735 4968 sit
751 4923 850 4968 eonem
868 4933 986 4985 corpore
1004 4924 1030 4970 et
1056 4916 1206 4983 coelorum,
1223 4914 1276 4969 hoc
1293 4920 1336 4969 est
1354 4914 1389 4969 ad
1409 4904 1793 4984 ministerium'praedicandi
1810 4928 1883 4969 eran·

195 5000 311 5067 spiritu,
343 5017 416 5069 quac
434 5007 527 5053 autem
543 5006 632 5069 nupta
656 5007 711 5069 eat,
733 5001 849 5069 capital,
874 5017 945 5069 quae
968 5008 1030 5054 ment
1056 4999 1124 5071 gelii
1142 5001 1178 5054 sit
1196 5000 1350 5070 expeditius
1368 5017 1401 5055 ac
1419 5000 1598 5069 commodius,
1616 4998 1639 5053 si
1658 5000 1723 5071 quis
1738 5018 1769 5056 se
1782 5004 1883 5066 casm

194 5085 301 5147 uniendi,
316 5089 455 5153 quomodo
469 5086 588 5155 placeat
606 5086 675 5138 uiro.
725 5085 863 5155 Loquitur
887 5087 1028 5156 apostolus
1056 5084 1107 5140 hoc
1124 5091 1167 5140 est
1186 5085 1341 5141 voluntarie
1358 5103 1391 5141 ac
1411 5092 1510 5157 sponte
1526 5102 1544 5141 a
1563 5084 1739 5141 matrimonio
1753 5086 1928 5147 abstinestxn

195 5170 367 5241 potissimum
395 5172 431 5225 de
456 5170 652 5240 matrimoniis,
682 5170 777 5241 qualia
806 5178 872 5226 utne
895 5172 1029 5243 pleraque
1057 5172 1143 5225 instar
1173 5189 1282 5237 eorunm,
1319 5173 1368 5244 qui
1394 5173 1439 5227 vel
1477 5170 1598 5227 nauuali
1633 5170 1814 5243 impotentia,
1846 5168 1884 5224 val

195 5264 289 5325 crant,
323 5257 454 5311 videlicet
471 5257 613 5326 imparia,
642 5257 691 5312 ubi
719 5257 834 5312 maritus
855 5256 1028 5313 Christianus
1057 5258 1197 5313 hominurn
1216 5258 1409 5315 malevolentia
1423 5265 1490 5313 sunt
1505 5259 1630 5315 castrati.
1682 5257 1765 5315 Idem
1787 5255 1883 5329 colligi·

194 5342 316 5397 habebat
348 5342 485 5397 ethnicam
515 5349 564 5399 aut
582 5344 729 5400 Judaeum
761 5362 874 5400 uxorem
905 5352 932 5399 et
959 5350 1101 5399 uror=tur
1117 5361 1153 5399 ex
1172 5344 1232 5399 loco
1250 5343 1403 5414 apostolico
1425 5351 1448 5401 t.
1461 5343 1585 5401 Corinth.
1604 5351 1628 5413 7,
1645 5361 1671 5400 v.
1690 5348 1740 5402 ιιι
1761 5345 1820 5408 Qui
1833 5344 1885 5397 ιιιι

194 5427 352 5482 Christiana
381 5428 522 5482 ethnicum
551 5431 597 5485 vel
620 5431 770 5487 Judaioum
801 5433 947 5498 maritum,
977 5431 1025 5485 tabi
1054 5447 1138 5483 auore
1162 5439 1217 5495 est,
1244 5430 1383 5485 sollicitus
1409 5438 1465 5499 ιιι,
1490 5446 1564 5499 quae
1582 5438 1646 5482 ment
1668 5432 1806 5501 Domini,
1830 5446 1886 5502 qao·

194 5514 287 5569 studio
304 5515 381 5589 pacis
399 5520 428 5568 et
445 5516 608 5571 concordiae
627 5518 715 5573 multa
734 5525 812 5574 erunt
826 5518 971 5575 toleranda
991 5533 1025 5573 ac
1052 5519 1135 5572 niodo
1162 5518 1275 5587 placeat
1295 5516 1432 5587 Domino,
1464 5515 1517 5572 hoc
1543 5522 1585 5570 est
1612 5516 1660 5589 qui
1689 5517 1720 5573 in
1747 5516 1887 5573 coedbatn
