4020 6022
288 302 347 363 168
855 294 977 354 Locus
994 294 1199 355 menemus
1217 297 1386 363 QUINTUS

286 452 399 507 initium
422 454 636 520 reformationis
661 456 803 524 quadam
821 452 981 524 Hamhssrpi
1006 449 1119 505 ancisa
1132 448 1136 553 i
1148 465 1210 508 man
1228 452 1293 523 sttfit
1309 457 1339 509 a
1361 454 1400 512 bei
1417 454 1557 525 ueletiam
1577 454 1821 527 arelatinum,
1844 456 1907 513 ubet
1928 456 1984 513 ult

286 556 400 593 sacrem
419 542 529 611 patrui,
559 541 609 612 φα·
627 541 806 611 pertendit,
830 557 860 595 sc
884 540 936 594 hoc
967 539 1065 603 facere
1089 552 1210 619 emman
1239 541 1268 609 je
1294 542 1356 610 neb
1385 542 1441 597 tem
1472 542 1610 613 aetitiam
1632 544 1720 614 tleatt
1743 544 1794 599 tat
1819 543 1901 600 britte
1929 544 1984 599 aut

288 626 417 681 abuma
439 626 616 697 anniam,
634 645 696 682 cam
719 628 765 683 len
785 626 896 696 Moysis
925 624 999 679 nme
1017 624 1058 677 ael
1071 624 1229 682 uarietate
1249 626 1326 683 erret
1342 628 1405 696 aut>
1425 628 1546 686 sattim
1567 631 1670 701 baltea,
1698 631 1744 699 lah
1763 630 1825 701 ta’e
1845 630 1984 701 astarten,

284 713 434 782 escensu.
1132 674 1208 781 iure
1229 713 1276 782 [ru
1295 728 1357 769 nen
1375 714 1495 785 tecue,
1520 717 1572 784 scs
1589 718 1684 785 serm,
1709 718 1737 785 ic
1758 716 1804 773 ns
1828 716 1911 773 sees
1930 716 1983 772 cnr

162 802 254 895 effi·
325 804 383 855 tel.
418 800 476 856 Nos
490 800 754 869 connnstatuimns,
764 798 968 869 moestitiam
981 798 1136 867 uaduuml
1150 796 1597 871 timehlittaegriftmtattccter
1606 805 1667 873 noa
1677 803 1783 874 aetiten,
1791 802 1846 859 itin
1854 802 1984 873 hemines

162 906 186 948 u
200 906 244 947 use
289 904 384 941 omnes
402 904 437 941 ac
456 887 583 957 ansatas
601 890 666 943 Ler.
685 890 728 943 18.
745 902 893 957 apresens
904 903 960 939 non
973 901 1031 938 esse
1048 898 1123 935 mere
1148 890 1198 939 nur
1216 884 1284 941 hott
1303 888 1415 957 remeat
1431 890 1526 958 nabe,
1552 890 1690 961 trahentia
1715 890 1983 959 nonientana,

163 956 278 1051 22:⁴22?
289 974 429 1029 Leviticae
446 976 487 1029 ad
497 975 550 1045 jus
559 974 711 1044 positivum
729 982 836 1028 tantum
851 971 1031 1043 pertinentes,
1051 984 1123 1037 auae
1149 970 1269 1039 trnmme,
1286 973 1452 1043 trininitas
1470 976 1547 1031 iente
1566 976 1631 1044 sunt,
1649 976 1709 1034 neit
1727 981 1757 1033 ee
1775 976 1811 1032 im
1824 976 1985 1047 latialiter

163 1060 269 1103 cauas.
289 1060 447 1115 ludoicum
461 1064 601 1115 damma
614 1062 761 1131 poputum,
780 1066 903 1129 tempore
914 1064 1021 1111 tantum
1043 1054 1074 1108 V.
1090 1054 1122 1107 Τ.
1134 1012 1137 1137 i
1149 1056 1222 1127 tirel
1244 1058 1300 1113 unt
1318 1058 1347 1114 in
1366 1060 1410 1117 trs
1429 1060 1531 1130 &sitiit
1559 1062 1625 1131 siat
1643 1063 1767 1119 eisteten
1793 1062 1837 1131 iit,
1861 1062 1917 1119 unt
1941 1076 1985 1117 am

291 1148 428 1217 stipent,
447 1151 500 1203 sat
518 1163 576 1202 esse
588 1147 667 1217 juris
687 1145 837 1209 naturalis,
855 1160 927 1214 quae
948 1141 1123 1202 Cluentianae
1148 1145 1219 1212 taes
1236 1143 1281 1213 tt,
1304 1144 1356 1213 tet
1376 1146 1420 1200 ber
1437 1147 1518 1216 nauti
1534 1150 1588 1204 ant
1609 1148 1650 1203 tir
1666 1148 1818 1219 &cittium
1842 1149 1916 1219 inibit
1934 1150 1984 1206 bet

291 1232 466 1290 attaminet.
482 1235 514 1287 T.
532 1233 661 1302 obiiceret,
679 1227 1121 1301 ideoqueds‘spensotionihumo·
1148 1230 1245 1287 bertot
1272 1230 1310 1287 im
1337 1231 1435 1287 tritten
1467 1234 1520 1289 unt
1549 1234 1649 1290 stetten
1676 1236 1753 1293 titire
1787 1235 1856 1305 nirtt
1884 1236 1985 1306 baites,

174 1324 220 1367 xv·
232 1321 277 1366 ²⁷⁷-
290 1336 344 1373 nae
364 1320 394 1373 in
411 1319 473 1374 eltis
490 1320 598 1374 nauum
615 1319 745 1373 relictum
762 1317 933 1371 essetecum.
963 1316 1121 1385 Antequam
1149 1316 1258 1385 tentem
1277 1319 1385 1387 netum
1404 1318 1471 1376 ests
1495 1322 1548 1376 unt
1570 1322 1706 1387 catanien
1725 1322 1810 1385 tribe,
1830 1323 1882 1378 tce
1902 1323 1983 1378 sian

289 1423 356 1461 vero
375 1410 485 1461 nostras
502 1404 655 1460 sentenhne
677 1403 859 1459 fundamenta
875 1401 1061 1473 proferamus,
1082 1399 1407 1515 vi·'nnttrittce1iet,
1435 1408 1484 1461 bot
1510 1407 1591 1463 anbtt
1608 1409 1679 1478 trahi
1699 1409 1764 1478 barn
1797 1424 1829 1465 tc.
1876 1408 1984 1464 Eadem

291 1491 412 1547 dandum
428 1491 520 1564 prius,
548 1507 603 1563 quo
623 1492 687 1561 jure
714 1505 804 1563 quave
820 1488 924 1560 injuria
941 1486 1121 1558 multiplicem
1133 1518 1135 1542 l
1146 1488 1201 1543 tuit
1218 1488 1325 1543 Bucari
1341 1492 1490 1558 sententia,
1508 1510 1572 1549 cum
1592 1493 1648 1565 legi
1666 1493 1776 1549 divinas
1796 1511 1848 1565 per
1865 1493 1984 1565 Moysen

289 1577 487 1633 dissensionem
506 1578 536 1632 in
550 1576 604 1631 hac
624 1576 784 1647 quaestione
797 1574 983 1631 Bellnrminus
1000 1570 1122 1628 ecelesiis
1146 1575 1265 1631 auditae
1284 1577 1361 1648 leges
1377 1576 1573 1649 imperatorum
1598 1579 1634 1634 ds
1651 1578 1765 1634 incende
1783 1586 1813 1635 et
1835 1579 1984 1635 inutilibus

289 1664 389 1719 nostra
408 1664 520 1720 tribuat
559 1664 607 1718 De
626 1664 788 1733 quaestione
810 1662 864 1716 ilia
881 1660 987 1729 (scribit
1006 1659 1067 1714 libr.
1086 1658 1121 1713 de
1146 1661 1250 1733 nuptiis
1267 1662 1368 1719 diserte
1387 1665 1474 1721 addat
1490 1665 1520 1720 in
1543 1681 1639 1721 comm.
1659 1683 1683 1722 c.
1702 1665 1984 1738 imitamentis.

288 1750 405 1807 munim.
424 1768 485 1823 cap.
514 1750 573 1819 th),
598 1750 676 1804 intro
699 1768 768 1819 quos
786 1752 895 1819 modus
917 1746 1044 1816 coenatio
1063 1746 1119 1799 sive
1132 1746 1268 1885 {Tertiam
1288 1750 1453 1805 sententiam
1472 1751 1539 1807 dicit
1558 1768 1619 1809 esse
1632 1752 1764 1822 Philippi
1787 1752 1985 1808 Melanthonis

289 1838 374 1891 aiam
385 1838 517 1907 affinitas
536 1836 743 1891 matrimonium
754 1837 818 1905 iure
838 1835 982 1906 impediat,
1002 1833 1120 1904 quinque
1146 1832 1175 1886 in
1190 1833 1242 1888 loc.
1260 1834 1302 1891 tit.
1325 1837 1361 1891 de
1377 1838 1489 1909 conjug.
1506 1844 1534 1893 et
1547 1837 1699 1894 Chemuicii
1714 1838 1744 1891 in
1758 1842 1783 1894 2.
1800 1844 1873 1909 part.
1887 1854 1984 1897 exeun

288 1922 397 1979 inuenio
409 1924 615 1981 haeretieorum
626 1922 786 1977 sententias.
816 1922 916 1975 Primo
928 1928 967 1976 est
980 1919 1121 1974 Johannis
1145 1920 1241 1976 mucii
1260 1920 1338 1979 Trid.
1353 1941 1381 1994 p.
1398 1929 1471 1979 1230.
1493 1925 1544 1994 qui
1558 1925 1721 1980 conueniunt
1739 1942 1802 1977 cum
1813 1925 1940 1980 Luthsro
1957 1934 1983 1981 et

203 1988 214 2015 ⁹
295 2010 413 2080 Wiclsfi,
433 2013 483 2080 oui
506 2012 536 2065 in
557 2013 582 2066 t.
608 2009 681 2064 lihro
705 2009 825 2077 trialopi
840 2026 902 2079 cap.
920 2010 965 2063 20.
984 2008 1121 2077 affirmat,
1146 2007 1266 2074 Buoero,
1279 2011 1356 2077 quod
1370 2020 1522 2080 praecepta
1534 2012 1743 2065 stohicaoirea
1755 2013 1865 2081 matins
1879 2029 1983 2082 coaria-

288 2098 482 2166 tornationem
505 2097 535 2150 in
557 2096 653 2166 primo
677 2095 768 2150 edum
793 2096 888 2164 modu
905 2094 1042 2165 impedire
1057 2070 1229 2189 con-(tionis
1243 2095 1400 2150 naturalem
1411 2098 1542 2166 justitiae
1559 2115 1687 2152 normam
1698 2098 1860 2153 contineant
1880 2106 1907 2151 et
1928 2116 1983 2170 per

282 2184 411 2254 jucium,
429 2183 516 2253 idque
533 2185 564 2237 in
582 2190 658 2237 recto
676 2182 784 2250 ordine,
804 2183 834 2235 in
854 2189 1011 2236 mantmrso
1029 2187 1121 2234 autem
1146 2177 1197 2232 hoo
1215 2178 1299 2233 etiam
1317 2184 1398 2252 apud
1417 2182 1592 2241 Christianos
1609 2184 1666 2239 eim
1682 2183 1803 2239 hahmnt
1820 2191 1847 2239 et
1864 2185 1981 2239 omnino

287 2270 397 2325 naham
421 2287 479 2324 esse
505 2270 733 2341 prohihitionem,
765 2286 798 2322 es
817 2285 871 2337 quo
900 2268 1024 2337 callipit,
1050 2267 1135 2349 inter¹
1150 2264 1336 2321 immutabilia
1346 2268 1412 2336 sim,
1425 2271 1478 2323 sed
1488 2270 1759 2339 dmmspantquoad
1773 2270 1848 2325 alios
1874 2272 1985 2340 aradus

287 2358 395 2421 fratres
416 2366 442 2411 st
458 2372 570 2412 soreres
585 2356 791 2409 matrimonium
803 2373 890 2425 posse
907 2354 1121 2425 conjuncicum
1147 2351 1177 2405 in
1202 2352 1325 2406 Leuitico
1353 2372 1409 2409 non
1433 2371 1587 2425 cupressos.
1625 2356 1733 2409 Dicunt
1758 2356 1844 2421 enim,
1870 2357 1985 2427 aliquas

287 2444 322 2498 id
337 2460 393 2497 non
411 2444 448 2498 sit
461 2443 634 2515 prohibitum
653 2444 722 2513 iure
744 2442 855 2511 diuino,
879 2444 932 2496 sert
947 2448 1053 2495 tantum
1066 2456 1122 2510 per
1148 2435 1222 2492 aiios
1239 2441 1349 2508 prodas
1365 2441 1401 2494 ah
1420 2441 1537 2495 ecclesia
1562 2441 1680 2510 antiqua
1706 2448 1780 2496 recte
1803 2442 1899 2508 fussee
1914 2461 1985 2517 pro·

288 2530 439 2583 humanam
462 2529 652 2585 inventionem.
691 2528 915 2599 Respondemus:
937 2527 966 2584 Si
986 2543 1050 2583 vere
1068 2527 1121 2581 hoc
1147 2523 1261 2589 hihitee,
1289 2528 1372 2580 modo
1393 2526 1427 2580 iot
1436 2529 1492 2594 fiat
1509 2535 1623 2581 semota
1641 2526 1769 2581 libertate
1787 2530 1984 2599 conscentias,

289 2614 426 2671 Wieleius
444 2615 550 2680 statuit,
568 2614 643 2687 quod
659 2614 845 2671 Bellurminus
864 2613 905 2667 illi
923 2613 1032 2677 tribuit,
1052 2612 1121 2667 nihil
1148 2610 1181 2662 id
1199 2617 1240 2664 ert
1257 2618 1288 2665 at
1308 2616 1418 2665 nonsit
1433 2621 1581 2682 peccatum
1598 2614 1629 2666 in
1648 2613 1834 2685 effitientia,
1857 2616 1888 2669 si
1902 2632 1985 2670 semes

289 2700 370 2759 nobis
389 2719 452 2758 cum
475 2702 561 2774 ipsius
588 2702 718 2773 opinione
738 2709 782 2757 est
807 2701 976 2765 commercii,
1002 2717 1037 2754 en
1055 2716 1121 2755 uero
1146 2697 1204 2760 fiat.
1234 2698 1454 2769 Respondemus:
1471 2699 1618 2771 Philippus
1629 2698 1793 2755 Melanthos
1809 2707 1839 2757 et
1852 2700 1983 2759 Chemmi-

289 2787 423 2844 Wicleius
443 2788 472 2843 id
490 2788 625 2856 statuerit,
642 2789 717 2844 haud
735 2787 871 2843 immerito
889 2787 1039 2856 dubitatur,
1058 2803 1120 2842 cum
1147 2781 1206 2836 cius
1231 2783 1304 2837 idem
1321 2784 1432 2840 omnino
1447 2802 1511 2841 cum
1531 2785 1654 2841 liuthero
1665 2792 1805 2858 emtuunt,
1832 2798 1987 2861 praecepta

288 2874 368 2932 Alex.
387 2873 513 2931 wenna
528 2874 576 2931 lib.
596 2878 620 2929 2.
646 2874 681 2929 de
700 2873 818 2931 matrim
836 2890 897 2945 cap.
921 2879 946 2929 5.
966 2871 1048 2928 diam
1061 2871 1119 2943 opi·
1148 2868 1382 2925 seilicstLeriticn
1394 2889 1455 2928 esse
1467 2872 1536 2942 juris
1551 2872 1685 2928 naturalis
1700 2889 1734 2928 nc
1746 2874 1864 2945 proinde
1875 2876 1987 2948 dispen-

288 2963 399 3019 nionem
416 2960 538 3017 Wicleio
560 2960 681 3030 tribuat,
701 2960 775 3032 quod
791 2960 896 3015 scilicet
914 2960 1022 3013 nullum
1036 2977 1120 3029 pror·
1147 2955 1280 3012 sadonem
1303 2957 1409 3012 nullam
1428 2956 1582 3014 admittere.
1613 2958 1747 3023 Quodis
1766 2960 1897 3016 mutate
1921 2980 1988 3017 eon·

287 3067 336 3105 sus
348 3066 380 3104 ea
392 3048 633 3118 emesanpuinitats
642 3055 777 3102 nascatur
789 3046 962 3115 copnationis
972 3046 1120 3113 macutum,
1146 3040 1280 3095 essentiae
1292 3043 1322 3096 in
1334 3042 1565 3114 prohibitionibus
1578 3043 1704 3100 humanis
1715 3046 1832 3113 addunt,
1849 3047 1882 3102 id
1892 3048 1936 3103 vel
1947 3050 1986 3105 de

289 3151 408 3206 cumque
435 3134 540 3191 fatente
565 3135 684 3206 ipsomet
712 3134 881 3190 Bellen-mino
912 3131 1074 3187 Dominious
1103 3149 1120 3186 a
1146 3128 1378 3198 prohibitionibus
1402 3131 1555 3187 Pontificiis
1580 3132 1788 3203 accipiendum,
1813 3150 1889 3203 quae
1920 3152 1984 3192 eon-

288 3222 356 3279 Soto
369 3228 393 3279 t.
409 3228 477 3277 sent.
499 3222 563 3276 dist.
586 3227 628 3278 40.
652 3226 703 3275 nrt.
725 3226 750 3277 3.
774 3221 858 3291 plane
875 3220 1040 3275 counmism
1061 3234 1121 3273 sen·
1147 3214 1291 3270 scientiam
1308 3234 1363 3272 non
1384 3217 1524 3289 obligant,
1549 3219 1593 3275 vel
1620 3219 1655 3275 de
1673 3218 1909 3289 prohibitionibus
1925 3239 1984 3278 ms·

289 3307 404 3363 tentiam
422 3308 513 3363 eidem
530 3307 647 3376 tribuet,
671 3305 801 3361 videlicet
812 3306 1032 3376 prohibitiones,
1051 3322 1122 3375 qaae
1148 3301 1296 3372 gistratus,
1321 3303 1345 3357 si
1366 3304 1403 3358 nd
1423 3321 1470 3359 sss
1488 3306 1597 3360 accedit
1614 3306 1805 3377 dispensatio,
1828 3324 1881 3378 per
1900 3325 1985 3380 quam

288 3394 426 3447 habentur
449 3394 479 3446 in
497 3392 634 3459 Leuitico,
661 3392 716 3445 uim
733 3408 815 3445 suam
832 3393 901 3459 jure
921 3392 1016 3446 divisio
1037 3390 1120 3444 ctiam
1148 3386 1296 3457 prohibitio
1323 3390 1353 3443 in
1373 3406 1439 3444 casu
1459 3390 1574 3461 speciali
1591 3391 1744 3461 relaxetur,
1774 3392 1820 3449 rel
1836 3393 1874 3449 de
1891 3395 1985 3466 probi·

244 3526 247 3531 .
289 3483 370 3552 apud
388 3479 563 3536 Christianos
580 3477 710 3532 retinere.
748 3476 880 3532 Secunda
897 3486 938 3531 est
956 3477 1074 3532 ertheri
1092 3480 1121 3531 in
1149 3474 1251 3529 lcitione
1281 3476 1484 3531 matrimonium
1510 3478 1726 3535 conuehendum
1751 3478 1865 3550 quidem
1892 3481 1980 3553 impe-

289 3568 339 3623 tit.
358 3568 394 3620 cte
411 3574 484 3636 capt.
504 3565 607 3634 Babyl.
626 3580 651 3618 c.
665 3563 700 3618 de
717 3568 796 3618 matr.
814 3570 843 3618 et
855 3564 884 3618 in
898 3580 977 3618 serm.
995 3564 1121 3618 demetr.
1149 3559 1249 3630 diente,
1261 3568 1434 3619 conmactum
1448 3568 1542 3620 mmeu
1555 3581 1611 3619 non
1624 3563 1778 3634 dirimente,
1794 3582 1858 3621 cum
1872 3567 1985 3627 divinae

289 3653 356 3711 edit.
371 3652 488 3725 Argent.
508 3668 553 3707 an.
570 3655 643 3707 1525.
663 3656 691 3704 et
708 3650 832 3703 Martini
851 3650 958 3703 Brtceri
975 3651 1004 3704 in
1023 3665 1121 3705 comm.
1147 3646 1347 3717 prohibitiones
1377 3656 1406 3705 et
1434 3650 1651 3706 conmahendum
1679 3650 1832 3722 impedient
1861 3660 1892 3709 et
1917 3673 1984 3711 con-

289 3758 311 3797 c.
328 3746 366 3799 le.
383 3738 481 3796 Matth.
499 3737 548 3810 qui
563 3738 639 3792 solos
656 3738 766 3807 arodus
783 3738 958 3805 carnationis
976 3736 1065 3793 Levit.
1080 3742 1119 3792 18.
1146 3739 1266 3789 unctum
1281 3735 1440 3805 dissolvant,
1453 3736 1499 3793 vel
1513 3737 1547 3793 de
1559 3736 1779 3810 transgressione
1787 3738 1985 3809 prohibitionis

284 3826 443 3899 prohibitos
460 3824 634 3880 matrimonii
661 3824 862 3894 impedimenta
887 3832 1055 3893 aqnmcunt,
1073 3840 1119 3891 ¹ce·
1147 3837 1181 3875 ex
1206 3821 1289 3893 plena
1311 3829 1339 3878 et
1363 3830 1440 3880 certa
1465 3824 1580 3880 scientia
1610 3824 1746 3896 proiecta,
1777 3842 1841 3881 cum
1871 3828 1984 3886 divinae

289 3922 363 3968 teror
381 3914 417 3967 ah
436 3912 553 3967 ecclesa
573 3912 689 3965 adduas
709 3912 820 3965 omnino
843 3910 981 3978 rejiciunt.
1018 3911 1119 3979 Itaque
1144 3907 1340 3978 prohibitiones
1356 3910 1552 3967 conscientiam
1564 3912 1748 3983 obstringant,
1763 3912 1822 3969 sire
1834 3929 1871 3969 ex
1885 3931 1983 3986 pronc-

288 3999 394 4066 nolunt,
413 4000 443 4053 in
463 3999 600 4069 aradibus
617 3998 647 4051 in
658 3997 782 4052 Leuitico
801 3998 939 4066 repressis
956 3996 1016 4050 ulto
1034 3999 1118 4051 morto
1146 3995 1210 4059 resi,
1228 3994 1287 4050 sive
1304 4013 1338 4050 ex
1352 3996 1509 4068 ignorantia
1527 3998 1672 4053 violentur.

288 4084 373 4141 licere
395 4084 573 4139 matrimonia
595 4084 773 4149 contrahere,
799 4100 886 4152 neque
909 4082 998 4137 ullam
1018 4085 1119 4138 admit·
1178 4086 1237 4137 292.
1284 4082 1396 4138 Praeter
1431 4083 1505 4138 huuc
1541 4084 1696 4141 dissensum
1731 4084 1830 4142 tribuit
1869 4088 1981 4144 Jesnits
1998 4099 2010 4123 ⁶

287 4178 348 4227 tunt
365 4171 499 4226 eeclesiae
520 4170 769 4242 dispensationem,
793 4186 854 4222 cum
879 4169 924 4224 len
946 4170 1000 4224 illo
1020 4170 1119 4225 diuina
1145 4165 1304 4223 Chemnicio
1322 4174 1379 4224 tres
1398 4170 1629 4225 contradictiones
1645 4175 1675 4226 et
1691 4187 1779 4226 unum
1793 4174 1979 4231 mendacium
1997 4217 2005 4225 ,

287 4258 332 4324 sit,
350 4276 406 4313 nan
424 4257 555 4326 humana,
575 4264 601 4311 et
617 4264 721 4322 contra
735 4255 839 4325 uolunt,
857 4256 888 4308 in
907 4258 1032 4312 omnibus
1050 4257 1119 4311 aliis
1145 4258 1169 4307 l.
1205 4255 1365 4324 Praecepta
1399 4256 1516 4309 Leue'tioi
1554 4258 1590 4311 ‹ie
1626 4259 1765 4327 proditus
1800 4263 1979 4329 conmmanit

287 4345 424 4414 aradibus
441 4343 527 4399 litere
533 4359 619 4412 posse
636 4340 772 4403 contrahi,
791 4358 848 4395 non
860 4342 983 4396 ohstante
995 4342 1118 4399 humana
1145 4340 1318 4396 thannata
1342 4341 1413 4395 dicit
1430 4358 1488 4396 esse
1506 4346 1642 4398 mandata
1659 4346 1822 4417 naturalia,
1848 4366 1922 4419 quae
1939 4352 1980 4404 ost

288 4431 347 4500 leae
373 4430 417 4485 uel
446 4428 656 4496 consuetudine,
681 4444 743 4481 cum
768 4427 848 4481 Deus
869 4428 972 4497 optimc
1001 4431 1119 4500 secuerit,
1145 4444 1237 4482 ouium
1247 4428 1370 4482 homines
1384 4429 1825 4501 etomniatsmporapsrtineaet
1843 4441 1979 4505 tanquam

288 4518 358 4589 quisi
371 4517 579 4588 prohibentium
601 4514 703 4586 quidus
726 4530 782 4567 non
796 4513 1002 4584 prohibendum
1020 4517 1258 4579 fucrit.'normae
1279 4516 1406 4583 iustitiae
1429 4517 1460 4570 in
1482 4525 1571 4572 mente
1596 4526 1623 4572 et
1642 4519 1784 4574 uoluntate
1806 4520 1910 4576 diosna
1928 4524 1978 4577 im-

286 4604 508 4676 Respondemus:
533 4599 768 4673 Distinguendum
790 4606 833 4656 est
855 4600 928 4656 inter
950 4602 1117 4673 prohibitio·
1129 4546 1289 4657 immobiles
1307 4619 1336 4673 p.
1358 4606 1429 4658 12³1.
1448 4610 1474 4656 st
1491 4611 1584 4659 tamen
1601 4623 1629 4676 p.
1652 4610 1726 4662 12³0.
1744 4608 1866 4675 damae,
1884 4610 1977 4664 Deum

287 4707 348 4745 nem
377 4689 558 4757 Pontificianc
595 4704 613 4742 a
643 4686 790 4759 tyrannide
821 4686 947 4760 ,Romani
981 4688 1117 4759 pontificis
1143 4689 1321 4759 dispensasse
1337 4707 1400 4743 cum
1415 4691 1486 4755 filiis
1502 4692 1627 4761 Adami,
1643 4699 1675 4746 ut
1692 4694 1802 4756 fratres
1818 4710 1884 4750 oues
1900 4714 1976 4753 soro

287 4777 485 4841 introductam,
512 4791 583 4848 quac
607 4778 648 4830 est
674 4779 732 4829 rete
750 4773 930 4845 pecuniarum
954 4780 983 4829 et
1002 4775 1220 4847 laqueusrihus
1238 4776 1451 4844 copularentur,
1478 4778 1528 4847 qui
1544 4786 1584 4832 est
1597 4777 1708 4848 primus
1722 4782 1834 4849 arastus
1852 4782 1884 4836 ie
1900 4783 1977 4839 linea

286 4863 529 4928 conscientiarum,
560 4865 589 4915 et
619 4861 691 4916 inter
714 4861 932 4929 prohihitionem
962 4861 1070 4916 nienhem
1100 4858 1304 4939 aitransetrsa
1322 4863 1352 4917 in
1368 4865 1632 4934 Latttcceeprcrcc
1648 4865 1816 4935 prohibitus.
1852 4868 1978 4941 Respon-

286 4956 426 5022 potestate
448 4948 627 5020 magistratus
651 4945 757 5016 politici
781 4946 950 5017 proiectam,
978 4964 1050 5019 quse
1074 4948 1254 5025 estffdemus:
1277 4952 1403 5022 exceptio
1426 4969 1482 5007 non
1507 4951 1579 5007 tollit
1603 4952 1729 5023 regulam
1752 4970 1788 5008 nc
1804 4952 1978 5025 dispensatio

286 5035 468 5108 sepimentum
487 5051 520 5090 ac
537 5033 641 5089 vallum
661 5032 731 5105 legis
748 5032 859 5087 divinae
878 5039 905 5088 et
920 5032 1017 5088 nititur
1034 5034 1171 5103 rnfiejin
1194 5034 1354 5106 particulari
1385 5038 1506 5109 quodam
1533 5054 1599 5093 cnsu
1627 5054 1683 5093 uon
1712 5039 1807 5095 abolet
1838 5042 1979 5100 interdiati

285 5122 368 5179 nibus
385 5120 582 5191 probabilibus.
631 5119 693 5176 Non
713 5118 905 5190 posteriorem,
928 5119 977 5173 sed
996 5120 1115 5191 priorem
1127 5108 1381 5201 {universalitatem
1415 5125 1569 5195 Praecepta
1585 5124 1635 5182 ills
1646 5124 1764 5180 Levitici
1779 5128 1924 5197 pcrtinnn
1940 5131 1978 5186 ud

286 5226 320 5266 ex
337 5207 454 5264 ecclesia
472 5207 640 5262 eliminatam
662 5206 802 5261 Lutherus
818 5204 920 5269 voluit,
940 5206 979 5265 [ut
997 5222 1031 5261 ex
1052 5223 1116 5263 con·
1142 5222 1235 5263 omncs
1253 5210 1377 5267 hemines
1396 5217 1425 5267 et
1440 5211 1532 5265 omniu
1546 5218 1670 5284 tempora
1681 5212 1806 5283 exceptis
1817 5214 1886 5272 solis
1898 5216 1979 5275 Adae

286 5300 378 5351 textus
396 5293 467 5351 serie
484 5293 666 5351 manifestum.
706 5291 851 5363 conjunge
867 5308 915 5357 ee,
930 5309 1001 5364 quae
1019 5293 1049 5347 iu
1067 5294 1116 5353 lib.
1141 5293 1205 5349 liliis
1231 5302 1260 5351 et
1287 5296 1384 5367 primis
1411 5296 1466 5352 illis
1483 5298 1580 5352 mundi
1603 5299 1789 5370 temporibus,
1816 5318 1876 5373 qua
1893 5304 1932 5361 ds
1947 5322 1978 5361 re

287 5380 428 5439 decausis
447 5380 564 5435 matrim.
584 5394 648 5434 ann.
669 5384 743 5436 15³⁰.
769 5378 844 5434 edito
863 5377 1002 5433 Lutherus
1018 5386 1117 5452 postes
1141 5386 1238 5453 postea
1256 5382 1368 5439 uberius
1387 5382 1504 5440 dicmur.
1549 5388 1577 5441 2.
1596 5386 1798 5457 Matrimonia,
1830 5406 1905 5461 quae
1922 5410 1978 5447 nce

286 5468 397 5541 scripsit
420 5472 486 5528 mn.
503 5472 526 5523 5.
548 5465 612 5523 hen.
635 5464 727 5521 (iarun
752 5482 780 5536 p.
801 5470 865 5521 25¹1:
891 5465 947 5523 ffitt
966 5442 1266 5553 Gltbidafiipupuant
1289 5476 1387 5524 sonmo
1407 5468 1518 5525 dininas
1532 5471 1749 5545 prohibitiones,
1776 5488 1841 5530 esse
1865 5494 1885 5531 a
1914 5480 1978 5533 Deo

286 5559 342 5615 unt
360 5554 466 5616 elicta
486 5554 531 5611 ter
542 5551 724 5625 &castitati
741 5551 835 5623 baltea
852 5552 923 5609 utre
947 5553 1017 5611 mhn
1034 5554 1116 5626 tietb,
1128 5562 1131 5599 Ι
1142 5558 1294 5625 conjuncto
1310 5564 1336 5611 et
1354 5556 1421 5613 iaco
1436 5576 1493 5613 non
1511 5560 1611 5615 etant
1623 5578 1707 5631 posse
1725 5563 1833 5620 marte
1850 5582 1880 5638 p.
1903 5572 1978 5627 tres.
