<?xml version="1.0" encoding="UTF-8"?>
<!DOCTYPE html PUBLIC "-//W3C//DTD XHTML 1.0 Transitional//EN"
    "http://www.w3.org/TR/xhtml1/DTD/xhtml1-transitional.dtd">
<html xmlns="http://www.w3.org/1999/xhtml" xml:lang="en" lang="en">
 <head>
  <title>
</title>
<meta http-equiv="Content-Type" content="text/html;charset=utf-8" />
  <meta name='ocr-system' content='tesseract 3.04.00' />
  <meta name='ocr-capabilities' content='ocr_page ocr_carea ocr_par ocr_line ocrx_word'/>
</head>
<body>
  <div class='ocr_page' id='page_1' title='image "./locitheologicit01gerhgoog/locitheologicit01gerhgoog_0302.png"; bbox 0 0 4020 6022; ppageno 0'>
   <div class='ocr_carea' id='block_1_1' title="bbox 233 197 1342 283">
    <p class='ocr_par' dir='ltr' id='par_1_1' title="bbox 233 197 1342 283">
     <span class='ocr_line' id='line_1_1' title="bbox 233 197 1342 283; baseline -0.007 -16"><span class='ocrx_word' id='word_1_1' title='bbox 233 210 294 271; x_wconf 84' lang='grc' dir='ltr'><strong>ιιι</strong></span> <span class='ocrx_word' id='word_1_2' title='bbox 410 274 415 283; x_wconf 65' lang='grc'>,</span> <span class='ocrx_word' id='word_1_3' title='bbox 811 200 934 260; x_wconf 85' lang='lat' dir='ltr'><strong>rocus</strong></span> <span class='ocrx_word' id='word_1_4' title='bbox 950 197 1155 259; x_wconf 78' lang='lat' dir='ltr'><strong>numurus</strong></span> <span class='ocrx_word' id='word_1_5' title='bbox 1172 198 1342 266; x_wconf 81' lang='lat' dir='ltr'><strong>eumrus</strong></span> 
     </span>
    </p>
   </div>
   <div class='ocr_carea' id='block_1_2' title="bbox 113 354 2000 3733">
    <p class='ocr_par' dir='ltr' id='par_1_2' title="bbox 113 354 2000 3703">
     <span class='ocr_line' id='line_1_2' title="bbox 233 354 1931 429; baseline -0.001 -15"><span class='ocrx_word' id='word_1_6' title='bbox 233 356 275 414; x_wconf 83' lang='grc' dir='ltr'><strong>ιιι</strong></span> <span class='ocrx_word' id='word_1_7' title='bbox 305 357 399 427; x_wconf 75' lang='lat' dir='ltr'><strong>qrstu</strong></span> <span class='ocrx_word' id='word_1_8' title='bbox 417 355 575 427; x_wconf 76' lang='lat' dir='ltr'><strong>ttutrrtrttrt</strong></span> <span class='ocrx_word' id='word_1_9' title='bbox 606 354 638 427; x_wconf 77' lang='grc' dir='ltr'><strong>ιιι</strong></span> <span class='ocrx_word' id='word_1_10' title='bbox 664 355 781 427; x_wconf 67' lang='lat' dir='ltr'><strong>quitum</strong></span> <span class='ocrx_word' id='word_1_11' title='bbox 809 355 853 413; x_wconf 83' lang='grc' dir='ltr'><strong>ιιι</strong></span> <span class='ocrx_word' id='word_1_12' title='bbox 876 354 985 428; x_wconf 72' lang='lat' dir='ltr'><strong>quecea</strong></span> <span class='ocrx_word' id='word_1_13' title='bbox 1013 354 1068 412; x_wconf 84' lang='lat' dir='ltr'><strong>unt</strong></span> <span class='ocrx_word' id='word_1_14' title='bbox 1092 360 1250 425; x_wconf 79' lang='lat' dir='ltr'><strong>praecepta</strong></span> <span class='ocrx_word' id='word_1_15' title='bbox 1273 370 1324 411; x_wconf 77' lang='lat' dir='ltr'><strong>acc</strong></span> <span class='ocrx_word' id='word_1_16' title='bbox 1347 355 1508 425; x_wconf 70' lang='lat' dir='ltr'><strong>prohibita.</strong></span> <span class='ocrx_word' id='word_1_17' title='bbox 1533 355 1596 424; x_wconf 75' lang='grc' dir='ltr'>ιιιιι</span> <span class='ocrx_word' id='word_1_18' title='bbox 1622 371 1690 427; x_wconf 77' lang='lat' dir='ltr'><strong>erpa</strong></span> <span class='ocrx_word' id='word_1_19' title='bbox 1711 356 1856 426; x_wconf 73' lang='grc' dir='ltr'>ιιιιιιιιι</span> <span class='ocrx_word' id='word_1_20' title='bbox 1876 373 1931 429; x_wconf 80' lang='lat' dir='ltr'><strong>pe·</strong></span> 
     </span>
     <span class='ocr_line' id='line_1_3' title="bbox 234 441 1930 515; baseline -0.002 -15"><span class='ocrx_word' id='word_1_21' title='bbox 234 442 391 514; x_wconf 67' lang='lat' dir='ltr'><strong>tsimttqem</strong></span> <span class='ocrx_word' id='word_1_22' title='bbox 409 441 634 514; x_wconf 66' lang='lat' dir='ltr'><strong>vitalitatem</strong></span> <span class='ocrx_word' id='word_1_23' title='bbox 653 441 705 499; x_wconf 81' lang='lat' dir='ltr'><strong>tat</strong></span> <span class='ocrx_word' id='word_1_24' title='bbox 724 441 921 513; x_wconf 65' lang='grc' dir='ltr'><strong>ιιιιιιιιιιι.ιι</strong></span> <span class='ocrx_word' id='word_1_25' title='bbox 1095 441 1267 496; x_wconf 80' lang='grc' dir='ltr'>ιιιιιιιιιιιιι</span> <span class='ocrx_word' id='word_1_26' title='bbox 1297 449 1511 512; x_wconf 82' lang='lat' dir='ltr'><strong>praematuram</strong></span> <span class='ocrx_word' id='word_1_27' title='bbox 1541 459 1599 496; x_wconf 77' lang='lat' dir='ltr'><strong>aaa</strong></span> <span class='ocrx_word' id='word_1_28' title='bbox 1628 442 1718 497; x_wconf 75' lang='grc' dir='ltr'>ιιαιιιι</span> <span class='ocrx_word' id='word_1_29' title='bbox 1748 458 1844 498; x_wconf 76' lang='lat' dir='ltr'><strong>eccam</strong></span> <span class='ocrx_word' id='word_1_30' title='bbox 1868 459 1930 515; x_wconf 79' lang='lat' dir='ltr'><strong>pec·</strong></span> 
     </span>
     <span class='ocr_line' id='line_1_4' title="bbox 113 527 1932 598; baseline 0.005 -22"><span class='ocrx_word' id='word_1_31' title='bbox 113 535 160 577; x_wconf 82' lang='lat' dir='ltr'><strong>xv.</strong></span> <span class='ocrx_word' id='word_1_32' title='bbox 173 533 219 579; x_wconf 78' lang='grc' dir='ltr'><strong>ιιι</strong></span> <span class='ocrx_word' id='word_1_33' title='bbox 266 534 326 586; x_wconf 78' lang='grc'><strong>476.</strong></span> <span class='ocrx_word' id='word_1_34' title='bbox 363 529 442 596; x_wconf 79' lang='lat' dir='ltr'><strong>Quae</strong></span> <span class='ocrx_word' id='word_1_35' title='bbox 479 528 508 583; x_wconf 93' lang='lat' dir='ltr'><strong>in</strong></span> <span class='ocrx_word' id='word_1_36' title='bbox 543 528 713 583; x_wconf 75' lang='lat' dir='ltr'><strong>mntradum</strong></span> <span class='ocrx_word' id='word_1_37' title='bbox 747 528 914 596; x_wconf 77' lang='lat' dir='ltr'><strong>afferuubn,</strong></span> <span class='ocrx_word' id='word_1_38' title='bbox 957 527 1068 584; x_wconf 87' lang='lat' dir='ltr'><strong>facilem</strong></span> <span class='ocrx_word' id='word_1_39' title='bbox 1094 534 1196 583; x_wconf 90' lang='lat' dir='ltr'><strong>catum.</strong></span> <span class='ocrx_word' id='word_1_40' title='bbox 1236 527 1462 598; x_wconf 85' lang='lat' dir='ltr'><strong>Respondemus:</strong></span> <span class='ocrx_word' id='word_1_41' title='bbox 1492 528 1551 584; x_wconf 92' lang='lat' dir='ltr'><strong>Imo</strong></span> <span class='ocrx_word' id='word_1_42' title='bbox 1573 544 1638 584; x_wconf 84' lang='lat' dir='ltr'><strong>vero</strong></span> <span class='ocrx_word' id='word_1_43' title='bbox 1665 527 1825 585; x_wconf 68' lang='lat' dir='ltr'><strong>benedictio</strong></span> <span class='ocrx_word' id='word_1_44' title='bbox 1843 544 1932 585; x_wconf 79' lang='lat' dir='ltr'><strong>sacer·</strong></span> 
     </span>
     <span class='ocr_line' id='line_1_5' title="bbox 231 612 1931 687; baseline 0.001 -17"><span class='ocrx_word' id='word_1_45' title='bbox 231 614 338 671; x_wconf 87' lang='lat' dir='ltr'><strong>babent</strong></span> <span class='ocrx_word' id='word_1_46' title='bbox 350 613 577 686; x_wconf 74' lang='lat' dir='ltr'><strong>explicationem:</strong></span> <span class='ocrx_word' id='word_1_47' title='bbox 596 618 619 667; x_wconf 88' lang='lat' dir='ltr'><strong>l.</strong></span> <span class='ocrx_word' id='word_1_48' title='bbox 635 612 693 676; x_wconf 76' lang='lat' dir='ltr'><strong>eat</strong></span> <span class='ocrx_word' id='word_1_49' title='bbox 703 613 851 684; x_wconf 70' lang='lat' dir='ltr'><em>sponsalia</em></span> <span class='ocrx_word' id='word_1_50' title='bbox 862 621 1068 682; x_wconf 80' lang='lat' dir='ltr'><strong>coatraacmat,</strong></span> <span class='ocrx_word' id='word_1_51' title='bbox 1095 612 1195 668; x_wconf 87' lang='lat' dir='ltr'><strong>dotalis</strong></span> <span class='ocrx_word' id='word_1_52' title='bbox 1219 618 1262 669; x_wconf 85' lang='lat' dir='ltr'><strong>est</strong></span> <span class='ocrx_word' id='word_1_53' title='bbox 1279 613 1337 669; x_wconf 86' lang='lat' dir='ltr'><strong>tale</strong></span> <span class='ocrx_word' id='word_1_54' title='bbox 1354 613 1497 684; x_wconf 88' lang='lat' dir='ltr'><strong>quoddam</strong></span> <span class='ocrx_word' id='word_1_55' title='bbox 1514 613 1713 686; x_wconf 87' lang='lat' dir='ltr'><strong>adiaphorum,</strong></span> <span class='ocrx_word' id='word_1_56' title='bbox 1743 615 1826 686; x_wconf 87' lang='lat' dir='ltr'><strong>cujua</strong></span> <span class='ocrx_word' id='word_1_57' title='bbox 1844 632 1931 687; x_wconf 87' lang='lat' dir='ltr'><strong>genus</strong></span> 
     </span>
     <span class='ocr_line' id='line_1_6' title="bbox 230 698 2000 773; baseline -0.002 -17"><span class='ocrx_word' id='word_1_58' title='bbox 230 718 328 756; x_wconf 84' lang='lat' dir='ltr'><strong>coram</strong></span> <span class='ocrx_word' id='word_1_59' title='bbox 345 702 411 756; x_wconf 86' lang='lat' dir='ltr'><strong>Deo</strong></span> <span class='ocrx_word' id='word_1_60' title='bbox 427 708 491 755; x_wconf 86' lang='lat' dir='ltr'><strong>suat</strong></span> <span class='ocrx_word' id='word_1_61' title='bbox 507 700 569 754; x_wconf 81' lang='lat' dir='ltr'><strong>ueri</strong></span> <span class='ocrx_word' id='word_1_62' title='bbox 586 700 723 770; x_wconf 80' lang='lat' dir='ltr'><strong>coujupm</strong></span> <span class='ocrx_word' id='word_1_63' title='bbox 741 700 826 755; x_wconf 88' lang='lat' dir='ltr'><strong>etiam</strong></span> <span class='ocrx_word' id='word_1_64' title='bbox 844 709 909 756; x_wconf 85' lang='lat' dir='ltr'><strong>aute</strong></span> <span class='ocrx_word' id='word_1_65' title='bbox 921 701 1068 769; x_wconf 75' lang='lat' dir='ltr'><strong>publicam</strong></span> <span class='ocrx_word' id='word_1_66' title='bbox 1095 698 1240 755; x_wconf 89' lang='lat' dir='ltr'><strong>descendit</strong></span> <span class='ocrx_word' id='word_1_67' title='bbox 1263 716 1297 754; x_wconf 90' lang='lat' dir='ltr'><strong>ex</strong></span> <span class='ocrx_word' id='word_1_68' title='bbox 1321 700 1464 771; x_wconf 81' lang='lat' dir='ltr'><strong>primaeua</strong></span> <span class='ocrx_word' id='word_1_69' title='bbox 1490 700 1617 773; x_wconf 91' lang='lat' dir='ltr'><strong>conjugii</strong></span> <span class='ocrx_word' id='word_1_70' title='bbox 1646 700 1822 757; x_wconf 87' lang='lat' dir='ltr'><strong>institutione</strong></span> <span class='ocrx_word' id='word_1_71' title='bbox 1849 706 1880 757; x_wconf 81' lang='lat' dir='ltr'><strong>et</strong></span> <span class='ocrx_word' id='word_1_72' title='bbox 1896 702 2000 759; x_wconf 72' lang='lat' dir='ltr'><strong>adite</strong></span> 
     </span>
     <span class='ocr_line' id='line_1_7' title="bbox 229 782 1931 859; baseline 0 -16"><span class='ocrx_word' id='word_1_73' title='bbox 229 788 389 843; x_wconf 82' lang='lat' dir='ltr'><strong>sacerdotis</strong></span> <span class='ocrx_word' id='word_1_74' title='bbox 424 786 631 857; x_wconf 79' lang='lat' dir='ltr'><strong>copulationem</strong></span> <span class='ocrx_word' id='word_1_75' title='bbox 668 793 695 841; x_wconf 88' lang='lat' dir='ltr'><strong>et</strong></span> <span class='ocrx_word' id='word_1_76' title='bbox 733 786 958 841; x_wconf 76' lang='lat' dir='ltr'><strong>benedictionem.</strong></span> <span class='ocrx_word' id='word_1_77' title='bbox 1012 786 1066 841; x_wconf 86' lang='lat' dir='ltr'><strong>Re·</strong></span> <span class='ocrx_word' id='word_1_78' title='bbox 1095 782 1222 847; x_wconf 80' lang='grc' dir='ltr'>ιύιαξίιι</span> <span class='ocrx_word' id='word_1_79' title='bbox 1241 788 1288 839; x_wconf 78' lang='grc' dir='ltr'><strong>και</strong></span> <span class='ocrx_word' id='word_1_80' title='bbox 1307 782 1517 859; x_wconf 73' lang='grc' dir='ltr'><strong>εὐσχημοσύνην</strong></span> <span class='ocrx_word' id='word_1_81' title='bbox 1536 784 1753 843; x_wconf 76' lang='lat' dir='ltr'><strong>eeclesiasb‘eam</strong></span> <span class='ocrx_word' id='word_1_82' title='bbox 1777 787 1931 843; x_wconf 70' lang='lat' dir='ltr'><strong>necessum</strong></span> 
     </span>
     <span class='ocr_line' id='line_1_8' title="bbox 231 871 1931 947; baseline -0.001 -18"><span class='ocrx_word' id='word_1_83' title='bbox 231 874 416 947; x_wconf 75' lang='lat' dir='ltr'>spondemus:</span> <span class='ocrx_word' id='word_1_84' title='bbox 437 872 617 929; x_wconf 68' lang='lat' dir='ltr'><strong>Ostendimus</strong></span> <span class='ocrx_word' id='word_1_85' title='bbox 635 872 772 943; x_wconf 90' lang='lat' dir='ltr'><strong>superius,</strong></span> <span class='ocrx_word' id='word_1_86' title='bbox 799 872 885 928; x_wconf 85' lang='lat' dir='ltr'><strong>alium</strong></span> <span class='ocrx_word' id='word_1_87' title='bbox 902 888 1068 930; x_wconf 82' lang='lat' dir='ltr'><strong>comensem</strong></span> <span class='ocrx_word' id='word_1_88' title='bbox 1094 871 1253 942; x_wconf 67' lang='lat' dir='ltr'><strong>requiritur,</strong></span> <span class='ocrx_word' id='word_1_89' title='bbox 1271 873 1378 942; x_wconf 89' lang='lat' dir='ltr'><strong>species</strong></span> <span class='ocrx_word' id='word_1_90' title='bbox 1392 890 1457 928; x_wconf 84' lang='lat' dir='ltr'><strong>vero</strong></span> <span class='ocrx_word' id='word_1_91' title='bbox 1470 888 1504 928; x_wconf 89' lang='lat' dir='ltr'><strong>ex</strong></span> <span class='ocrx_word' id='word_1_92' title='bbox 1517 872 1580 944; x_wconf 87' lang='lat' dir='ltr'><strong>lege</strong></span> <span class='ocrx_word' id='word_1_93' title='bbox 1591 872 1783 929; x_wconf 88' lang='lat' dir='ltr'><strong>ecclesiastiea</strong></span> <span class='ocrx_word' id='word_1_94' title='bbox 1798 873 1931 946; x_wconf 79' lang='lat' dir='ltr'><strong>originem</strong></span> 
     </span>
     <span class='ocr_line' id='line_1_9' title="bbox 229 956 1932 1030; baseline -0.001 -14"><span class='ocrx_word' id='word_1_95' title='bbox 229 977 291 1016; x_wconf 89' lang='lat' dir='ltr'><strong>esse</strong></span> <span class='ocrx_word' id='word_1_96' title='bbox 312 960 526 1030; x_wconf 82' lang='lat' dir='ltr'><strong>epaasalitium,</strong></span> <span class='ocrx_word' id='word_1_97' title='bbox 553 959 637 1013; x_wconf 89' lang='lat' dir='ltr'><strong>alium</strong></span> <span class='ocrx_word' id='word_1_98' title='bbox 664 974 729 1015; x_wconf 83' lang='lat' dir='ltr'><strong>uero</strong></span> <span class='ocrx_word' id='word_1_99' title='bbox 757 960 1007 1029; x_wconf 72' lang='lat' dir='ltr'><strong>matrimonialem,</strong></span> <span class='ocrx_word' id='word_1_100' title='bbox 1035 976 1068 1015; x_wconf 89' lang='lat' dir='ltr'><strong>ac</strong></span> <span class='ocrx_word' id='word_1_101' title='bbox 1095 956 1194 1025; x_wconf 84' lang='lat' dir='ltr'><strong>trabit,</strong></span> <span class='ocrx_word' id='word_1_102' title='bbox 1226 974 1261 1014; x_wconf 92' lang='lat' dir='ltr'><strong>ac</strong></span> <span class='ocrx_word' id='word_1_103' title='bbox 1285 958 1401 1029; x_wconf 83' lang='lat' dir='ltr'><strong>proinde</strong></span> <span class='ocrx_word' id='word_1_104' title='bbox 1426 959 1488 1030; x_wconf 85' lang='lat' dir='ltr'><strong>ejne</strong></span> <span class='ocrx_word' id='word_1_105' title='bbox 1512 958 1718 1030; x_wconf 72' lang='lat' dir='ltr'><strong>praetermissio</strong></span> <span class='ocrx_word' id='word_1_106' title='bbox 1743 966 1788 1015; x_wconf 87' lang='lat' dir='ltr'><strong>est</strong></span> <span class='ocrx_word' id='word_1_107' title='bbox 1806 958 1932 1016; x_wconf 70' lang='lat' dir='ltr'><strong>molesia·</strong></span> 
     </span>
     <span class='ocr_line' id='line_1_10' title="bbox 229 1043 1932 1118; baseline 0 -17"><span class='ocrx_word' id='word_1_108' title='bbox 229 1045 347 1117; x_wconf 91' lang='lat' dir='ltr'><strong>proinde</strong></span> <span class='ocrx_word' id='word_1_109' title='bbox 376 1044 606 1116; x_wconf 84' lang='lat' dir='ltr'><strong>distinguendum</strong></span> <span class='ocrx_word' id='word_1_110' title='bbox 633 1062 694 1101; x_wconf 87' lang='lat' dir='ltr'><strong>ease</strong></span> <span class='ocrx_word' id='word_1_111' title='bbox 720 1046 792 1101; x_wconf 90' lang='lat' dir='ltr'><strong>inter</strong></span> <span class='ocrx_word' id='word_1_112' title='bbox 818 1046 979 1118; x_wconf 82' lang='lat' dir='ltr'><strong>conjuginm</strong></span> <span class='ocrx_word' id='word_1_113' title='bbox 1006 1064 1068 1117; x_wconf 91' lang='lat' dir='ltr'><strong>pro-</strong></span> <span class='ocrx_word' id='word_1_114' title='bbox 1096 1043 1183 1099; x_wconf 75' lang='lat' dir='ltr'><strong>eticae</strong></span> <span class='ocrx_word' id='word_1_115' title='bbox 1201 1043 1273 1116; x_wconf 89' lang='lat' dir='ltr'><strong>legis</strong></span> <span class='ocrx_word' id='word_1_116' title='bbox 1292 1044 1415 1100; x_wconf 78' lang='lat' dir='ltr'><strong>uiolatio.</strong></span> <span class='ocrx_word' id='word_1_117' title='bbox 1452 1044 1494 1102; x_wconf 93' lang='lat' dir='ltr'><strong>Ut</strong></span> <span class='ocrx_word' id='word_1_118' title='bbox 1513 1061 1580 1116; x_wconf 88' lang='lat' dir='ltr'><strong>ergo</strong></span> <span class='ocrx_word' id='word_1_119' title='bbox 1597 1045 1681 1100; x_wconf 86' lang='lat' dir='ltr'><strong>etiam</strong></span> <span class='ocrx_word' id='word_1_120' title='bbox 1699 1044 1763 1113; x_wconf 89' lang='lat' dir='ltr'><strong>alii,</strong></span> <span class='ocrx_word' id='word_1_121' title='bbox 1794 1045 1845 1116; x_wconf 91' lang='lat' dir='ltr'><strong>qui</strong></span> <span class='ocrx_word' id='word_1_122' title='bbox 1863 1046 1932 1101; x_wconf 90' lang='lat' dir='ltr'><strong>ordi·</strong></span> 
     </span>
     <span class='ocr_line' id='line_1_11' title="bbox 229 1129 1932 1202; baseline 0.003 -20"><span class='ocrx_word' id='word_1_123' title='bbox 229 1132 344 1187; x_wconf 75' lang='lat' dir='ltr'><strong>niseum</strong></span> <span class='ocrx_word' id='word_1_124' title='bbox 360 1131 419 1188; x_wconf 82' lang='lat' dir='ltr'><strong>sire</strong></span> <span class='ocrx_word' id='word_1_125' title='bbox 437 1131 599 1187; x_wconf 75' lang='lat' dir='ltr'><strong>inchoatum</strong></span> <span class='ocrx_word' id='word_1_126' title='bbox 617 1136 646 1188; x_wconf 80' lang='lat' dir='ltr'><strong>et</strong></span> <span class='ocrx_word' id='word_1_127' title='bbox 665 1137 839 1188; x_wconf 71' lang='lat' dir='ltr'><strong>warrantum</strong></span> <span class='ocrx_word' id='word_1_128' title='bbox 856 1133 915 1189; x_wconf 76' lang='lat' dir='ltr'><strong>aire</strong></span> <span class='ocrx_word' id='word_1_129' title='bbox 941 1150 1067 1189; x_wconf 77' lang='lat' dir='ltr'><strong>eonsum-</strong></span> <span class='ocrx_word' id='word_1_130' title='bbox 1094 1145 1158 1183; x_wconf 91' lang='lat' dir='ltr'><strong>nem</strong></span> <span class='ocrx_word' id='word_1_131' title='bbox 1184 1129 1401 1186; x_wconf 84' lang='lat' dir='ltr'><strong>ecclesiasticum</strong></span> <span class='ocrx_word' id='word_1_132' title='bbox 1418 1136 1447 1185; x_wconf 90' lang='lat' dir='ltr'><strong>et</strong></span> <span class='ocrx_word' id='word_1_133' title='bbox 1475 1131 1552 1202; x_wconf 88' lang='lat' dir='ltr'><strong>leges</strong></span> <span class='ocrx_word' id='word_1_134' title='bbox 1573 1130 1703 1186; x_wconf 77' lang='lat' dir='ltr'><strong>henaim</strong></span> <span class='ocrx_word' id='word_1_135' title='bbox 1720 1130 1751 1185; x_wconf 88' lang='lat' dir='ltr'><strong>in</strong></span> <span class='ocrx_word' id='word_1_136' title='bbox 1770 1131 1834 1187; x_wconf 82' lang='lat' dir='ltr'><strong>aliis</strong></span> <span class='ocrx_word' id='word_1_137' title='bbox 1852 1132 1932 1187; x_wconf 89' lang='lat' dir='ltr'><strong>rebus</strong></span> 
     </span>
     <span class='ocr_line' id='line_1_12' title="bbox 231 1213 1931 1291; baseline 0 -19"><span class='ocrx_word' id='word_1_138' title='bbox 231 1222 345 1273; x_wconf 87' lang='lat' dir='ltr'><strong>matum.</strong></span> <span class='ocrx_word' id='word_1_139' title='bbox 380 1216 444 1276; x_wconf 84' lang='lat' dir='ltr'><strong>Non</strong></span> <span class='ocrx_word' id='word_1_140' title='bbox 462 1233 514 1288; x_wconf 88' lang='lat' dir='ltr'><strong>per</strong></span> <span class='ocrx_word' id='word_1_141' title='bbox 532 1217 679 1287; x_wconf 72' lang='lat' dir='ltr'><strong>sponsalia,</strong></span> <span class='ocrx_word' id='word_1_142' title='bbox 697 1217 747 1274; x_wconf 90' lang='lat' dir='ltr'><strong>sed</strong></span> <span class='ocrx_word' id='word_1_143' title='bbox 765 1235 815 1288; x_wconf 91' lang='lat' dir='ltr'><strong>per</strong></span> <span class='ocrx_word' id='word_1_144' title='bbox 831 1219 923 1289; x_wconf 82' lang='lat' dir='ltr'><strong>ipsum</strong></span> <span class='ocrx_word' id='word_1_145' title='bbox 941 1220 1067 1291; x_wconf 80' lang='lat' dir='ltr'><strong>conjugii</strong></span> <span class='ocrx_word' id='word_1_146' title='bbox 1095 1213 1201 1271; x_wconf 82' lang='grc' dir='ltr'>ιιιιιιιιι</span> <span class='ocrx_word' id='word_1_147' title='bbox 1219 1214 1338 1283; x_wconf 78' lang='lat' dir='ltr'><strong>violent,</strong></span> <span class='ocrx_word' id='word_1_148' title='bbox 1365 1231 1473 1286; x_wconf 90' lang='lat' dir='ltr'><strong>poenae</strong></span> <span class='ocrx_word' id='word_1_149' title='bbox 1499 1215 1609 1287; x_wconf 87' lang='lat' dir='ltr'><strong>legibus</strong></span> <span class='ocrx_word' id='word_1_150' title='bbox 1627 1216 1755 1287; x_wconf 80' lang='lat' dir='ltr'><strong>adiectae</strong></span> <span class='ocrx_word' id='word_1_151' title='bbox 1779 1216 1931 1273; x_wconf 88' lang='lat' dir='ltr'><strong>redduntur</strong></span> 
     </span>
     <span class='ocr_line' id='line_1_13' title="bbox 230 1299 1930 1375; baseline 0.005 -22"><span class='ocrx_word' id='word_1_152' title='bbox 230 1309 403 1360; x_wconf 61' lang='lat' dir='ltr'><strong>conuectum</strong></span> <span class='ocrx_word' id='word_1_153' title='bbox 422 1319 524 1374; x_wconf 81' lang='lat' dir='ltr'><strong>sponna</strong></span> <span class='ocrx_word' id='word_1_154' title='bbox 537 1302 570 1358; x_wconf 86' lang='lat' dir='ltr'><strong>fit</strong></span> <span class='ocrx_word' id='word_1_155' title='bbox 588 1320 665 1374; x_wconf 74' lang='lat' dir='ltr'><strong>uxor,</strong></span> <span class='ocrx_word' id='word_1_156' title='bbox 683 1309 715 1359; x_wconf 86' lang='lat' dir='ltr'><strong>ut</strong></span> <span class='ocrx_word' id='word_1_157' title='bbox 732 1320 782 1359; x_wconf 76' lang='lat' dir='ltr'><strong>tuo</strong></span> <span class='ocrx_word' id='word_1_158' title='bbox 799 1304 862 1360; x_wconf 81' lang='lat' dir='ltr'><strong>loco</strong></span> <span class='ocrx_word' id='word_1_159' title='bbox 880 1305 989 1375; x_wconf 78' lang='lat' dir='ltr'><strong>plenius</strong></span> <span class='ocrx_word' id='word_1_160' title='bbox 1007 1305 1064 1361; x_wconf 82' lang='lat' dir='ltr'><strong>fuit</strong></span> <span class='ocrx_word' id='word_1_161' title='bbox 1100 1299 1229 1370; x_wconf 78' lang='lat' dir='ltr'><strong>obnoxii3</strong></span> <span class='ocrx_word' id='word_1_162' title='bbox 1246 1301 1286 1356; x_wconf 81' lang='lat' dir='ltr'><strong>tic</strong></span> <span class='ocrx_word' id='word_1_163' title='bbox 1303 1301 1340 1356; x_wconf 87' lang='lat' dir='ltr'><strong>ad</strong></span> <span class='ocrx_word' id='word_1_164' title='bbox 1358 1300 1463 1357; x_wconf 87' lang='lat' dir='ltr'><strong>bonum</strong></span> <span class='ocrx_word' id='word_1_165' title='bbox 1474 1302 1607 1372; x_wconf 83' lang='lat' dir='ltr'><strong>ordinem,</strong></span> <span class='ocrx_word' id='word_1_166' title='bbox 1618 1301 1794 1374; x_wconf 73' lang='lat' dir='ltr'><strong>disciplinam</strong></span> <span class='ocrx_word' id='word_1_167' title='bbox 1807 1309 1838 1359; x_wconf 83' lang='lat' dir='ltr'><strong>et</strong></span> <span class='ocrx_word' id='word_1_168' title='bbox 1851 1302 1930 1362; x_wconf 80' lang='lat' dir='ltr'><strong>hune·</strong></span> 
     </span>
     <span class='ocr_line' id='line_1_14' title="bbox 231 1385 1929 1461; baseline -0.001 -14"><span class='ocrx_word' id='word_1_169' title='bbox 231 1391 457 1447; x_wconf 87' lang='lat' dir='ltr'><strong>demonstratum</strong></span> <span class='ocrx_word' id='word_1_170' title='bbox 507 1387 551 1444; x_wconf 79' lang='lat' dir='ltr'><strong>Ac</strong></span> <span class='ocrx_word' id='word_1_171' title='bbox 575 1389 600 1444; x_wconf 92' lang='lat' dir='ltr'><strong>si</strong></span> <span class='ocrx_word' id='word_1_172' title='bbox 622 1389 666 1445; x_wconf 88' lang='lat' dir='ltr'><strong>rel</strong></span> <span class='ocrx_word' id='word_1_173' title='bbox 692 1391 809 1446; x_wconf 87' lang='lat' dir='ltr'><strong>maxime</strong></span> <span class='ocrx_word' id='word_1_174' title='bbox 832 1391 986 1447; x_wconf 88' lang='lat' dir='ltr'><strong>intercedat</strong></span> <span class='ocrx_word' id='word_1_175' title='bbox 1003 1409 1068 1447; x_wconf 87' lang='lat' dir='ltr'><strong>con·</strong></span> <span class='ocrx_word' id='word_1_176' title='bbox 1099 1389 1201 1440; x_wconf 80' lang='lat' dir='ltr'><strong>statem</strong></span> <span class='ocrx_word' id='word_1_177' title='bbox 1226 1385 1368 1457; x_wconf 90' lang='lat' dir='ltr'><strong>publicam</strong></span> <span class='ocrx_word' id='word_1_178' title='bbox 1391 1389 1610 1444; x_wconf 81' lang='lat' dir='ltr'><strong>conservandam</strong></span> <span class='ocrx_word' id='word_1_179' title='bbox 1630 1405 1665 1444; x_wconf 91' lang='lat' dir='ltr'><strong>ae</strong></span> <span class='ocrx_word' id='word_1_180' title='bbox 1681 1388 1850 1461; x_wconf 84' lang='lat' dir='ltr'><strong>dignitatem</strong></span> <span class='ocrx_word' id='word_1_181' title='bbox 1870 1407 1929 1446; x_wconf 91' lang='lat' dir='ltr'><strong>con·</strong></span> 
     </span>
     <span class='ocr_line' id='line_1_15' title="bbox 230 1471 1930 1548; baseline 0.002 -17"><span class='ocrx_word' id='word_1_182' title='bbox 230 1492 328 1532; x_wconf 89' lang='lat' dir='ltr'><strong>aensus</strong></span> <span class='ocrx_word' id='word_1_183' title='bbox 352 1474 563 1531; x_wconf 85' lang='lat' dir='ltr'><strong>matrimonialis</strong></span> <span class='ocrx_word' id='word_1_184' title='bbox 591 1475 693 1531; x_wconf 86' lang='lat' dir='ltr'><strong>tacitus</strong></span> <span class='ocrx_word' id='word_1_185' title='bbox 711 1476 756 1531; x_wconf 85' lang='lat' dir='ltr'><strong>rel</strong></span> <span class='ocrx_word' id='word_1_186' title='bbox 773 1493 919 1548; x_wconf 90' lang='lat' dir='ltr'><strong>expressus</strong></span> <span class='ocrx_word' id='word_1_187' title='bbox 938 1484 1003 1533; x_wconf 84' lang='lat' dir='ltr'><strong>ante</strong></span> <span class='ocrx_word' id='word_1_188' title='bbox 1022 1495 1067 1534; x_wconf 90' lang='lat' dir='ltr'><strong>co·</strong></span> <span class='ocrx_word' id='word_1_189' title='bbox 1092 1471 1167 1543; x_wconf 75' lang='lat' dir='ltr'><strong>jussli</strong></span> <span class='ocrx_word' id='word_1_190' title='bbox 1186 1473 1362 1529; x_wconf 59' lang='lat' dir='ltr'><strong>&amp;terendam</strong></span> <span class='ocrx_word' id='word_1_191' title='bbox 1387 1481 1462 1531; x_wconf 77' lang='lat' dir='ltr'><strong>reate</strong></span> <span class='ocrx_word' id='word_1_192' title='bbox 1486 1475 1717 1530; x_wconf 70' lang='lat' dir='ltr'><strong>animadverfitur</strong></span> <span class='ocrx_word' id='word_1_193' title='bbox 1743 1475 1774 1530; x_wconf 90' lang='lat' dir='ltr'><strong>in</strong></span> <span class='ocrx_word' id='word_1_194' title='bbox 1791 1490 1855 1546; x_wconf 85' lang='lat' dir='ltr'><strong>eos,</strong></span> <span class='ocrx_word' id='word_1_195' title='bbox 1886 1478 1930 1547; x_wconf 87' lang='lat' dir='ltr'><strong>qui</strong></span> 
     </span>
     <span class='ocr_line' id='line_1_16' title="bbox 229 1557 1930 1634; baseline -0.002 -16"><span class='ocrx_word' id='word_1_196' title='bbox 229 1563 334 1634; x_wconf 86' lang='lat' dir='ltr'><strong>putam,</strong></span> <span class='ocrx_word' id='word_1_197' title='bbox 352 1560 441 1617; x_wconf 90' lang='lat' dir='ltr'><strong>nihilo</strong></span> <span class='ocrx_word' id='word_1_198' title='bbox 460 1566 554 1617; x_wconf 88' lang='lat' dir='ltr'><strong>tamen</strong></span> <span class='ocrx_word' id='word_1_199' title='bbox 571 1561 663 1616; x_wconf 92' lang='lat' dir='ltr'><strong>minus</strong></span> <span class='ocrx_word' id='word_1_200' title='bbox 683 1561 729 1617; x_wconf 92' lang='lat' dir='ltr'><strong>lex</strong></span> <span class='ocrx_word' id='word_1_201' title='bbox 747 1562 935 1618; x_wconf 89' lang='lat' dir='ltr'><strong>ecclesiastica</strong></span> <span class='ocrx_word' id='word_1_202' title='bbox 948 1564 1069 1619; x_wconf 86' lang='lat' dir='ltr'><strong>violetur</strong></span> <span class='ocrx_word' id='word_1_203' title='bbox 1095 1563 1160 1612; x_wconf 67' lang='lat' dir='ltr'><strong>aute</strong></span> <span class='ocrx_word' id='word_1_204' title='bbox 1178 1557 1307 1628; x_wconf 82' lang='lat' dir='ltr'><strong>publicas</strong></span> <span class='ocrx_word' id='word_1_205' title='bbox 1321 1559 1433 1631; x_wconf 86' lang='lat' dir='ltr'><strong>nuptias</strong></span> <span class='ocrx_word' id='word_1_206' title='bbox 1451 1577 1515 1616; x_wconf 89' lang='lat' dir='ltr'><strong>cum</strong></span> <span class='ocrx_word' id='word_1_207' title='bbox 1532 1561 1641 1632; x_wconf 89' lang='lat' dir='ltr'><strong>sponsis</strong></span> <span class='ocrx_word' id='word_1_208' title='bbox 1652 1560 1711 1617; x_wconf 88' lang='lat' dir='ltr'><strong>suis</strong></span> <span class='ocrx_word' id='word_1_209' title='bbox 1722 1570 1930 1619; x_wconf 82' lang='lat' dir='ltr'><strong>consueverunt</strong></span> 
     </span>
     <span class='ocr_line' id='line_1_17' title="bbox 230 1642 1932 1719; baseline 0.001 -16"><span class='ocrx_word' id='word_1_210' title='bbox 230 1652 259 1703; x_wconf 88' lang='lat' dir='ltr'><strong>et</strong></span> <span class='ocrx_word' id='word_1_211' title='bbox 288 1647 451 1703; x_wconf 86' lang='lat' dir='ltr'><strong>scandalum</strong></span> <span class='ocrx_word' id='word_1_212' title='bbox 479 1647 542 1703; x_wconf 89' lang='lat' dir='ltr'><strong>aliis</strong></span> <span class='ocrx_word' id='word_1_213' title='bbox 574 1646 733 1719; x_wconf 73' lang='lat' dir='ltr'><strong>praebetur.</strong></span> <span class='ocrx_word' id='word_1_214' title='bbox 784 1650 811 1703; x_wconf 87' lang='lat'><strong>2.</strong></span> <span class='ocrx_word' id='word_1_215' title='bbox 841 1649 896 1713; x_wconf 77' lang='lat' dir='ltr'><strong>Qut</strong></span> <span class='ocrx_word' id='word_1_216' title='bbox 920 1651 1068 1719; x_wconf 78' lang='lat' dir='ltr'><strong>operasalia</strong></span> <span class='ocrx_word' id='word_1_217' title='bbox 1097 1642 1154 1699; x_wconf 92' lang='lat' dir='ltr'><strong>Ubi</strong></span> <span class='ocrx_word' id='word_1_218' title='bbox 1184 1650 1277 1699; x_wconf 87' lang='lat' dir='ltr'><strong>tumen</strong></span> <span class='ocrx_word' id='word_1_219' title='bbox 1294 1647 1428 1701; x_wconf 81' lang='lat' dir='ltr'><strong>mouendi</strong></span> <span class='ocrx_word' id='word_1_220' title='bbox 1453 1654 1518 1700; x_wconf 87' lang='lat' dir='ltr'><strong>sumt</strong></span> <span class='ocrx_word' id='word_1_221' title='bbox 1543 1647 1675 1703; x_wconf 88' lang='lat' dir='ltr'><strong>ecclesiae</strong></span> <span class='ocrx_word' id='word_1_222' title='bbox 1691 1648 1827 1714; x_wconf 82' lang='lat' dir='ltr'><strong>ministri,</strong></span> <span class='ocrx_word' id='word_1_223' title='bbox 1856 1654 1889 1704; x_wconf 88' lang='lat' dir='ltr'><strong>nt</strong></span> <span class='ocrx_word' id='word_1_224' title='bbox 1904 1651 1932 1703; x_wconf 81' lang='lat' dir='ltr'><strong>in</strong></span> 
     </span>
     <span class='ocr_line' id='line_1_18' title="bbox 231 1730 1932 1804; baseline 0.007 -24"><span class='ocrx_word' id='word_1_225' title='bbox 231 1741 445 1803; x_wconf 61' lang='lat' dir='ltr'><strong>contraxerunt,</strong></span> <span class='ocrx_word' id='word_1_226' title='bbox 475 1734 503 1788; x_wconf 76' lang='grc' dir='ltr'><strong><em>ιί</em></strong></span> <span class='ocrx_word' id='word_1_227' title='bbox 519 1733 676 1787; x_wconf 71' lang='lat' dir='ltr'><strong>carnaliter</strong></span> <span class='ocrx_word' id='word_1_228' title='bbox 693 1743 891 1804; x_wconf 64' lang='lat' dir='ltr'><strong>emmeant,</strong></span> <span class='ocrx_word' id='word_1_229' title='bbox 920 1751 969 1790; x_wconf 67' lang='lat' dir='ltr'><strong>uec</strong></span> <span class='ocrx_word' id='word_1_230' title='bbox 992 1753 1069 1792; x_wconf 65' lang='lat'><strong>5002·-</strong></span> <span class='ocrx_word' id='word_1_231' title='bbox 1092 1730 1267 1798; x_wconf 77' lang='lat' dir='ltr'><strong>poenitentia</strong></span> <span class='ocrx_word' id='word_1_232' title='bbox 1296 1731 1355 1786; x_wconf 78' lang='lat' dir='ltr'><strong>eive</strong></span> <span class='ocrx_word' id='word_1_233' title='bbox 1384 1733 1581 1804; x_wconf 75' lang='lat' dir='ltr'><strong>deprecatione</strong></span> <span class='ocrx_word' id='word_1_234' title='bbox 1609 1732 1798 1790; x_wconf 68' lang='lat' dir='ltr'><strong>ecclesiastiea</strong></span> <span class='ocrx_word' id='word_1_235' title='bbox 1831 1733 1932 1792; x_wconf 61' lang='grc' dir='ltr'>Μίδαι</span> 
     </span>
     <span class='ocr_line' id='line_1_19' title="bbox 233 1815 1931 1893; baseline 0.001 -19"><span class='ocrx_word' id='word_1_236' title='bbox 233 1826 394 1874; x_wconf 83' lang='lat' dir='ltr'><strong>taaturmcc</strong></span> <span class='ocrx_word' id='word_1_237' title='bbox 411 1819 585 1874; x_wconf 81' lang='lat' dir='ltr'><strong>adulterium</strong></span> <span class='ocrx_word' id='word_1_238' title='bbox 602 1820 780 1874; x_wconf 80' lang='lat' dir='ltr'><strong>committunt.</strong></span> <span class='ocrx_word' id='word_1_239' title='bbox 825 1822 905 1888; x_wconf 81' lang='lat' dir='ltr'><strong>Erpa</strong></span> <span class='ocrx_word' id='word_1_240' title='bbox 930 1837 986 1875; x_wconf 80' lang='lat' dir='ltr'><strong>aaa</strong></span> <span class='ocrx_word' id='word_1_241' title='bbox 1001 1838 1069 1893; x_wconf 68' lang='lat' dir='ltr'><strong>por·</strong></span> <span class='ocrx_word' id='word_1_242' title='bbox 1096 1815 1204 1884; x_wconf 90' lang='lat' dir='ltr'><strong>sponsis</strong></span> <span class='ocrx_word' id='word_1_243' title='bbox 1230 1817 1398 1888; x_wconf 89' lang='lat' dir='ltr'><strong>imponenda</strong></span> <span class='ocrx_word' id='word_1_244' title='bbox 1421 1825 1517 1874; x_wconf 91' lang='lat' dir='ltr'><strong>cautos</strong></span> <span class='ocrx_word' id='word_1_245' title='bbox 1540 1824 1570 1876; x_wconf 91' lang='lat' dir='ltr'><strong>et</strong></span> <span class='ocrx_word' id='word_1_246' title='bbox 1587 1819 1743 1876; x_wconf 83' lang='lat' dir='ltr'><strong>moderatos</strong></span> <span class='ocrx_word' id='word_1_247' title='bbox 1774 1836 1837 1876; x_wconf 88' lang='lat' dir='ltr'><strong>sese</strong></span> <span class='ocrx_word' id='word_1_248' title='bbox 1854 1838 1931 1892; x_wconf 82' lang='lat' dir='ltr'><strong>prae·</strong></span> 
     </span>
     <span class='ocr_line' id='line_1_20' title="bbox 234 1899 1932 1979; baseline 0.004 -20"><span class='ocrx_word' id='word_1_249' title='bbox 234 1913 299 1959; x_wconf 86' lang='lat' dir='ltr'><strong>sumt</strong></span> <span class='ocrx_word' id='word_1_250' title='bbox 318 1905 379 1959; x_wconf 81' lang='lat' dir='ltr'><strong>dici</strong></span> <span class='ocrx_word' id='word_1_251' title='bbox 394 1913 615 1974; x_wconf 79' lang='lat' dir='ltr'><strong>trampresrorce</strong></span> <span class='ocrx_word' id='word_1_252' title='bbox 633 1907 706 1960; x_wconf 77' lang='lat' dir='ltr'><strong>recti</strong></span> <span class='ocrx_word' id='word_1_253' title='bbox 711 1907 867 1976; x_wconf 80' lang='lat' dir='ltr'><strong>praecepti.</strong></span> <span class='ocrx_word' id='word_1_254' title='bbox 899 1906 1069 1978; x_wconf 82' lang='lat' dir='ltr'><strong>Responsio:</strong></span> <span class='ocrx_word' id='word_1_255' title='bbox 1096 1899 1182 1956; x_wconf 88' lang='lat' dir='ltr'><strong>beant</strong></span> <span class='ocrx_word' id='word_1_256' title='bbox 1208 1909 1237 1958; x_wconf 91' lang='lat' dir='ltr'><strong>et</strong></span> <span class='ocrx_word' id='word_1_257' title='bbox 1262 1904 1437 1961; x_wconf 77' lang='lat' dir='ltr'><strong>auditoribus</strong></span> <span class='ocrx_word' id='word_1_258' title='bbox 1461 1906 1519 1962; x_wconf 87' lang='lat' dir='ltr'><strong>suis</strong></span> <span class='ocrx_word' id='word_1_259' title='bbox 1536 1907 1644 1978; x_wconf 85' lang='lat' dir='ltr'><strong>peceati</strong></span> <span class='ocrx_word' id='word_1_260' title='bbox 1668 1906 1752 1978; x_wconf 87' lang='lat' dir='ltr'><strong>hujus</strong></span> <span class='ocrx_word' id='word_1_261' title='bbox 1770 1907 1932 1979; x_wconf 68' lang='lat' dir='ltr'><strong>qualitatem</strong></span> 
     </span>
     <span class='ocr_line' id='line_1_21' title="bbox 234 1990 1932 2066; baseline 0.002 -20"><span class='ocrx_word' id='word_1_262' title='bbox 234 1990 439 2064; x_wconf 81' lang='lat' dir='ltr'><strong>Argumentum</strong></span> <span class='ocrx_word' id='word_1_263' title='bbox 463 1990 515 2046; x_wconf 91' lang='lat' dir='ltr'><strong>hoo</strong></span> <span class='ocrx_word' id='word_1_264' title='bbox 538 1990 652 2062; x_wconf 88' lang='lat' dir='ltr'><strong>probat,</strong></span> <span class='ocrx_word' id='word_1_265' title='bbox 680 2008 727 2047; x_wconf 92' lang='lat' dir='ltr'><strong>eos</strong></span> <span class='ocrx_word' id='word_1_266' title='bbox 748 2008 803 2047; x_wconf 91' lang='lat' dir='ltr'><strong>non</strong></span> <span class='ocrx_word' id='word_1_267' title='bbox 820 2009 938 2064; x_wconf 89' lang='lat' dir='ltr'><strong>peccare</strong></span> <span class='ocrx_word' id='word_1_268' title='bbox 954 1991 1069 2066; x_wconf 78' lang='grc' dir='ltr'><em>πρώτως</em></span> <span class='ocrx_word' id='word_1_269' title='bbox 1096 1993 1170 2043; x_wconf 85' lang='lat' dir='ltr'><strong>recte</strong></span> <span class='ocrx_word' id='word_1_270' title='bbox 1211 1997 1365 2061; x_wconf 87' lang='lat' dir='ltr'><strong>exponant,</strong></span> <span class='ocrx_word' id='word_1_271' title='bbox 1401 1992 1477 2063; x_wconf 94' lang='lat' dir='ltr'><strong>quod</strong></span> <span class='ocrx_word' id='word_1_272' title='bbox 1518 1993 1625 2048; x_wconf 90' lang='lat' dir='ltr'><strong>scilicet</strong></span> <span class='ocrx_word' id='word_1_273' title='bbox 1661 2008 1717 2048; x_wconf 88' lang='lat' dir='ltr'><strong>non</strong></span> <span class='ocrx_word' id='word_1_274' title='bbox 1744 1993 1860 2065; x_wconf 89' lang='lat' dir='ltr'><strong>quidem</strong></span> <span class='ocrx_word' id='word_1_275' title='bbox 1883 2012 1932 2066; x_wconf 92' lang='lat' dir='ltr'><strong>pro</strong></span> 
     </span>
     <span class='ocr_line' id='line_1_22' title="bbox 235 2072 1933 2150; baseline 0.008 -19"><span class='ocrx_word' id='word_1_276' title='bbox 235 2077 341 2134; x_wconf 81' lang='lat' dir='ltr'><strong>directe</strong></span> <span class='ocrx_word' id='word_1_277' title='bbox 359 2076 562 2133; x_wconf 74' lang='lat' dir='ltr'><strong>cimmeriam</strong></span> <span class='ocrx_word' id='word_1_278' title='bbox 578 2083 675 2133; x_wconf 78' lang='lat' dir='ltr'><strong>coena</strong></span> <span class='ocrx_word' id='word_1_279' title='bbox 691 2078 782 2150; x_wconf 74' lang='lat' dir='ltr'><strong>legem</strong></span> <span class='ocrx_word' id='word_1_280' title='bbox 801 2078 923 2150; x_wconf 75' lang='lat' dir='ltr'><strong>aliquam</strong></span> <span class='ocrx_word' id='word_1_281' title='bbox 940 2080 1071 2149; x_wconf 75' lang='lat' dir='ltr'><strong>divinem,</strong></span> <span class='ocrx_word' id='word_1_282' title='bbox 1099 2072 1266 2130; x_wconf 66' lang='lat' dir='ltr'><strong>scortatione</strong></span> <span class='ocrx_word' id='word_1_283' title='bbox 1295 2075 1392 2132; x_wconf 79' lang='lat' dir='ltr'><strong>haberi</strong></span> <span class='ocrx_word' id='word_1_284' title='bbox 1414 2077 1546 2144; x_wconf 66' lang='lat' dir='ltr'><strong>debeata</strong></span> <span class='ocrx_word' id='word_1_285' title='bbox 1558 2078 1607 2134; x_wconf 84' lang='lat' dir='ltr'><strong>sed</strong></span> <span class='ocrx_word' id='word_1_286' title='bbox 1627 2084 1724 2134; x_wconf 75' lang='lat' dir='ltr'><strong>coena</strong></span> <span class='ocrx_word' id='word_1_287' title='bbox 1740 2079 1873 2136; x_wconf 75' lang='lat' dir='ltr'><strong>honesta·</strong></span> <span class='ocrx_word' id='word_1_288' title='bbox 1892 2098 1933 2137; x_wconf 80' lang='lat' dir='ltr'><strong>ec·</strong></span> 
     </span>
     <span class='ocr_line' id='line_1_23' title="bbox 235 2158 1932 2238; baseline 0.002 -19"><span class='ocrx_word' id='word_1_289' title='bbox 235 2162 346 2218; x_wconf 86' lang='lat' dir='ltr'><strong>interim</strong></span> <span class='ocrx_word' id='word_1_290' title='bbox 378 2169 473 2219; x_wconf 87' lang='lat' dir='ltr'><strong>manet</strong></span> <span class='ocrx_word' id='word_1_291' title='bbox 499 2162 583 2233; x_wconf 88' lang='lat' dir='ltr'><strong>illud,</strong></span> <span class='ocrx_word' id='word_1_292' title='bbox 614 2162 689 2234; x_wconf 89' lang='lat' dir='ltr'><strong>qnod</strong></span> <span class='ocrx_word' id='word_1_293' title='bbox 715 2168 831 2234; x_wconf 86' lang='lat' dir='ltr'><strong>peccent</strong></span> <span class='ocrx_word' id='word_1_294' title='bbox 858 2171 954 2221; x_wconf 71' lang='lat' dir='ltr'><strong>contre</strong></span> <span class='ocrx_word' id='word_1_295' title='bbox 979 2167 1070 2238; x_wconf 71' lang='lat' dir='ltr'><strong>legem</strong></span> <span class='ocrx_word' id='word_1_296' title='bbox 1097 2158 1197 2216; x_wconf 83' lang='lat' dir='ltr'><strong>clasiae</strong></span> <span class='ocrx_word' id='word_1_297' title='bbox 1227 2160 1303 2232; x_wconf 88' lang='lat' dir='ltr'><strong>leges</strong></span> <span class='ocrx_word' id='word_1_298' title='bbox 1328 2178 1391 2216; x_wconf 89' lang='lat' dir='ltr'><strong>eum</strong></span> <span class='ocrx_word' id='word_1_299' title='bbox 1415 2163 1547 2220; x_wconf 88' lang='lat' dir='ltr'><strong>scandalo</strong></span> <span class='ocrx_word' id='word_1_300' title='bbox 1562 2165 1675 2236; x_wconf 89' lang='lat' dir='ltr'><strong>publico</strong></span> <span class='ocrx_word' id='word_1_301' title='bbox 1691 2166 1728 2222; x_wconf 88' lang='lat' dir='ltr'><strong>sit</strong></span> <span class='ocrx_word' id='word_1_302' title='bbox 1750 2167 1932 2223; x_wconf 88' lang='lat' dir='ltr'><strong>commissum.</strong></span> 
     </span>
     <span class='ocr_line' id='line_1_24' title="bbox 236 2243 1932 2322; baseline 0.002 -16"><span class='ocrx_word' id='word_1_303' title='bbox 236 2249 473 2319; x_wconf 78' lang='lat' dir='ltr'><strong>ecclesiasticam,</strong></span> <span class='ocrx_word' id='word_1_304' title='bbox 494 2255 591 2304; x_wconf 88' lang='lat' dir='ltr'><strong>contra</strong></span> <span class='ocrx_word' id='word_1_305' title='bbox 607 2250 780 2304; x_wconf 77' lang='lat' dir='ltr'><strong>honestatem</strong></span> <span class='ocrx_word' id='word_1_306' title='bbox 797 2250 954 2321; x_wconf 80' lang='lat' dir='ltr'><strong>publicem,</strong></span> <span class='ocrx_word' id='word_1_307' title='bbox 973 2259 1069 2310; x_wconf 66' lang='lat' dir='ltr'><strong>nonna</strong></span> <span class='ocrx_word' id='word_1_308' title='bbox 1096 2243 1251 2302; x_wconf 83' lang='lat' dir='ltr'><strong>Mentaerua</strong></span> <span class='ocrx_word' id='word_1_309' title='bbox 1271 2248 1305 2303; x_wconf 92' lang='lat' dir='ltr'><strong>de</strong></span> <span class='ocrx_word' id='word_1_310' title='bbox 1324 2251 1436 2320; x_wconf 76' lang='lat' dir='ltr'><strong>conjug.</strong></span> <span class='ocrx_word' id='word_1_311' title='bbox 1458 2250 1552 2322; x_wconf 90' lang='lat' dir='ltr'><strong>pagin.</strong></span> <span class='ocrx_word' id='word_1_312' title='bbox 1575 2258 1630 2309; x_wconf 80' lang='lat' dir='ltr'><strong>til.</strong></span> <span class='ocrx_word' id='word_1_313' title='bbox 1657 2251 1813 2310; x_wconf 86' lang='lat' dir='ltr'><strong>Tarnorins</strong></span> <span class='ocrx_word' id='word_1_314' title='bbox 1832 2253 1932 2313; x_wconf 67' lang='lat' dir='ltr'><strong>libra</strong></span> 
     </span>
     <span class='ocr_line' id='line_1_25' title="bbox 233 2330 1598 2409; baseline 0.004 -19"><span class='ocrx_word' id='word_1_315' title='bbox 233 2335 312 2399; x_wconf 76' lang='grc' dir='ltr'>τάξιν</span> <span class='ocrx_word' id='word_1_316' title='bbox 329 2339 377 2390; x_wconf 83' lang='grc' dir='ltr'><strong>και</strong></span> <span class='ocrx_word' id='word_1_317' title='bbox 395 2333 605 2409; x_wconf 62' lang='grc' dir='ltr'><strong>εὐσχημοσύνῃ</strong></span> <span class='ocrx_word' id='word_1_318' title='bbox 600 2335 731 2391; x_wconf 86' lang='lat' dir='ltr'><strong>salutari</strong></span> <span class='ocrx_word' id='word_1_319' title='bbox 742 2335 856 2392; x_wconf 90' lang='lat' dir='ltr'><strong>oonsilio</strong></span> <span class='ocrx_word' id='word_1_320' title='bbox 872 2334 1068 2409; x_wconf 75' lang='grc' dir='ltr'>ἱιιιιοάιιιιιιιις</span> <span class='ocrx_word' id='word_1_321' title='bbox 1095 2330 1130 2387; x_wconf 74' lang='lat' dir='ltr'><strong>de</strong></span> <span class='ocrx_word' id='word_1_322' title='bbox 1148 2333 1265 2389; x_wconf 59' lang='lat' dir='ltr'><strong>mutrim</strong></span> <span class='ocrx_word' id='word_1_323' title='bbox 1284 2335 1365 2405; x_wconf 73' lang='lat' dir='ltr'><strong>capit·</strong></span> <span class='ocrx_word' id='word_1_324' title='bbox 1384 2341 1425 2392; x_wconf 78' lang='lat'><strong>3⁴.</strong></span> <span class='ocrx_word' id='word_1_325' title='bbox 1446 2343 1598 2407; x_wconf 74' lang='lat' dir='ltr'><strong>quaeret.</strong></span> 
     </span>
     <span class='ocr_line' id='line_1_26' title="bbox 233 2419 2000 2528; baseline 0.003 -51"><span class='ocrx_word' id='word_1_326' title='bbox 233 2421 350 2492; x_wconf 90' lang='lat' dir='ltr'><strong>proinde</strong></span> <span class='ocrx_word' id='word_1_327' title='bbox 381 2421 464 2477; x_wconf 87' lang='lat' dir='ltr'><strong>etiam</strong></span> <span class='ocrx_word' id='word_1_328' title='bbox 494 2423 626 2498; x_wconf 69' lang='lat' dir='ltr'><strong>dictique</strong></span> <span class='ocrx_word' id='word_1_329' title='bbox 653 2428 855 2493; x_wconf 85' lang='lat' dir='ltr'><strong>consequenter</strong></span> <span class='ocrx_word' id='word_1_330' title='bbox 878 2428 907 2478; x_wconf 90' lang='lat' dir='ltr'><strong>et</strong></span> <span class='ocrx_word' id='word_1_331' title='bbox 933 2424 1069 2482; x_wconf 80' lang='lat' dir='ltr'><strong>indirecte</strong></span> <span class='ocrx_word' id='word_1_332' title='bbox 1129 2424 1186 2474; x_wconf 79' lang='grc' dir='ltr'>ιιι.</span> <span class='ocrx_word' id='word_1_333' title='bbox 1223 2419 1411 2484; x_wconf 81' lang='lat' dir='ltr'><strong>Quaeriturb.</strong></span> <span class='ocrx_word' id='word_1_334' title='bbox 1444 2440 1483 2476; x_wconf 87' lang='lat' dir='ltr'><strong>aa</strong></span> <span class='ocrx_word' id='word_1_335' title='bbox 1511 2426 1552 2478; x_wconf 86' lang='lat' dir='ltr'><strong>act</strong></span> <span class='ocrx_word' id='word_1_336' title='bbox 1564 2424 1710 2494; x_wconf 80' lang='lat' dir='ltr'><strong>publicam</strong></span> <span class='ocrx_word' id='word_1_337' title='bbox 1728 2426 2000 2528; x_wconf 65' lang='lat' dir='ltr'><strong>poeniteutiamttt¹</strong></span> 
     </span>
     <span class='ocr_line' id='line_1_27' title="bbox 234 2480 2000 2608; baseline 0.005 -44"><span class='ocrx_word' id='word_1_338' title='bbox 234 2512 331 2564; x_wconf 88' lang='lat' dir='ltr'><strong>contra</strong></span> <span class='ocrx_word' id='word_1_339' title='bbox 345 2507 437 2608; x_wconf 83' lang='lat' dir='ltr'><strong>legem</strong></span> <span class='ocrx_word' id='word_1_340' title='bbox 456 2506 578 2562; x_wconf 83' lang='lat' dir='ltr'><strong>divinam</strong></span> <span class='ocrx_word' id='word_1_341' title='bbox 595 2512 720 2578; x_wconf 81' lang='lat' dir='ltr'><strong>peccant</strong></span> <span class='ocrx_word' id='word_1_342' title='bbox 745 2510 773 2562; x_wconf 79' lang='lat'><strong>3.</strong></span> <span class='ocrx_word' id='word_1_343' title='bbox 788 2509 854 2562; x_wconf 85' lang='lat' dir='ltr'><strong>Noa</strong></span> <span class='ocrx_word' id='word_1_344' title='bbox 871 2511 1071 2566; x_wconf 83' lang='lat' dir='ltr'><strong>auatbabeucti</strong></span> <span class='ocrx_word' id='word_1_345' title='bbox 1094 2506 1130 2558; x_wconf 74' lang='lat' dir='ltr'><strong>ab</strong></span> <span class='ocrx_word' id='word_1_346' title='bbox 1148 2507 1282 2561; x_wconf 65' lang='lat' dir='ltr'><strong>materiae</strong></span> <span class='ocrx_word' id='word_1_347' title='bbox 1298 2509 1427 2564; x_wconf 77' lang='lat' dir='ltr'><strong>miniatro</strong></span> <span class='ocrx_word' id='word_1_348' title='bbox 1445 2511 1509 2579; x_wconf 78' lang='lat' dir='ltr'><strong>copi</strong></span> <span class='ocrx_word' id='word_1_349' title='bbox 1520 2512 1633 2580; x_wconf 80' lang='lat' dir='ltr'><strong>possint</strong></span> <span class='ocrx_word' id='word_1_350' title='bbox 1656 2530 1691 2566; x_wconf 90' lang='lat' dir='ltr'><strong>ac</strong></span> <span class='ocrx_word' id='word_1_351' title='bbox 1715 2514 1849 2580; x_wconf 71' lang='lat' dir='ltr'><strong>amcam,</strong></span> <span class='ocrx_word' id='word_1_352' title='bbox 1871 2517 1933 2586; x_wconf 83' lang='lat' dir='ltr'><strong>qui·</strong></span> <span class='ocrx_word' id='word_1_353' title='bbox 1943 2480 2000 2572; x_wconf 70' lang='lat' dir='ltr'><strong>iulii</strong></span> 
     </span>
     <span class='ocr_line' id='line_1_28' title="bbox 229 2582 2000 2683; baseline 0.006 -37"><span class='ocrx_word' id='word_1_354' title='bbox 229 2612 286 2667; x_wconf 79' lang='lat' dir='ltr'><strong>pro</strong></span> <span class='ocrx_word' id='word_1_355' title='bbox 304 2595 419 2665; x_wconf 57' lang='lat' dir='ltr'><strong>sperica</strong></span> <span class='ocrx_word' id='word_1_356' title='bbox 436 2595 486 2664; x_wconf 88' lang='lat' dir='ltr'><strong>qui</strong></span> <span class='ocrx_word' id='word_1_357' title='bbox 502 2594 588 2648; x_wconf 84' lang='lat' dir='ltr'><strong>libari</strong></span> <span class='ocrx_word' id='word_1_358' title='bbox 602 2595 726 2664; x_wconf 69' lang='lat' dir='ltr'><strong>accepti</strong></span> <span class='ocrx_word' id='word_1_359' title='bbox 748 2603 813 2649; x_wconf 80' lang='lat' dir='ltr'><strong>aaut</strong></span> <span class='ocrx_word' id='word_1_360' title='bbox 830 2612 864 2650; x_wconf 83' lang='lat' dir='ltr'><strong>ec</strong></span> <span class='ocrx_word' id='word_1_361' title='bbox 879 2613 986 2665; x_wconf 75' lang='lat' dir='ltr'><strong>epam</strong></span> <span class='ocrx_word' id='word_1_362' title='bbox 1003 2606 1068 2653; x_wconf 75' lang='grc' dir='ltr'>αιιιι</span> <span class='ocrx_word' id='word_1_363' title='bbox 1094 2592 1144 2644; x_wconf 81' lang='grc' dir='ltr'><strong>ιιι</strong></span> <span class='ocrx_word' id='word_1_364' title='bbox 1167 2608 1258 2646; x_wconf 81' lang='lat' dir='ltr'><strong>merrae</strong></span> <span class='ocrx_word' id='word_1_365' title='bbox 1281 2601 1358 2648; x_wconf 79' lang='lat' dir='ltr'><strong>recto</strong></span> <span class='ocrx_word' id='word_1_366' title='bbox 1365 2597 1508 2665; x_wconf 70' lang='lat' dir='ltr'><strong>,septimo</strong></span> <span class='ocrx_word' id='word_1_367' title='bbox 1535 2599 1581 2652; x_wconf 85' lang='lat' dir='ltr'><strong>ael</strong></span> <span class='ocrx_word' id='word_1_368' title='bbox 1601 2605 1697 2654; x_wconf 85' lang='lat' dir='ltr'><strong>octavo</strong></span> <span class='ocrx_word' id='word_1_369' title='bbox 1714 2616 1749 2653; x_wconf 80' lang='lat' dir='ltr'><strong>eu</strong></span> <span class='ocrx_word' id='word_1_370' title='bbox 1767 2617 1841 2655; x_wconf 85' lang='lat' dir='ltr'><strong>acco</strong></span> <span class='ocrx_word' id='word_1_371' title='bbox 1865 2618 1930 2656; x_wconf 84' lang='lat' dir='ltr'><strong>aea·</strong></span> <span class='ocrx_word' id='word_1_372' title='bbox 1943 2582 2000 2683; x_wconf 56' lang='grc' dir='ltr'><strong>ξῖζυ,</strong></span> 
     </span>
     <span class='ocr_line' id='line_1_29' title="bbox 228 2634 2000 2759; baseline 0.006 -26"><span class='ocrx_word' id='word_1_373' title='bbox 228 2681 375 2751; x_wconf 79' lang='lat' dir='ltr'><strong>publicam</strong></span> <span class='ocrx_word' id='word_1_374' title='bbox 393 2686 420 2733; x_wconf 88' lang='lat' dir='ltr'><strong>et</strong></span> <span class='ocrx_word' id='word_1_375' title='bbox 436 2665 575 2735; x_wconf 75' lang='grc' dir='ltr'>ιοιιιιιιιιιι</span> <span class='ocrx_word' id='word_1_376' title='bbox 588 2679 813 2738; x_wconf 79' lang='lat' dir='ltr'><strong>benedictionem.</strong></span> <span class='ocrx_word' id='word_1_377' title='bbox 840 2680 1067 2752; x_wconf 85' lang='lat' dir='ltr'><strong>Respondemus:</strong></span> <span class='ocrx_word' id='word_1_378' title='bbox 1088 2677 1173 2747; x_wconf 80' lang='lat' dir='ltr'><strong>juaio</strong></span> <span class='ocrx_word' id='word_1_379' title='bbox 1190 2687 1344 2734; x_wconf 79' lang='lat' dir='ltr'><strong>nascamur</strong></span> <span class='ocrx_word' id='word_1_380' title='bbox 1364 2634 1470 2735; x_wconf 72' lang='lat' dir='ltr'><strong>ittera</strong></span> <span class='ocrx_word' id='word_1_381' title='bbox 1499 2682 1657 2755; x_wconf 87' lang='lat' dir='ltr'><strong>Rigidiores</strong></span> <span class='ocrx_word' id='word_1_382' title='bbox 1682 2684 1796 2756; x_wconf 87' lang='lat' dir='ltr'><strong>quidam</strong></span> <span class='ocrx_word' id='word_1_383' title='bbox 1815 2688 1934 2759; x_wconf 85' lang='lat' dir='ltr'><strong>presby·</strong></span> <span class='ocrx_word' id='word_1_384' title='bbox 1922 2686 2000 2738; x_wconf 53' lang='lat'><strong>⁴¹¹⁶·</strong></span> 
     </span>
     <span class='ocr_line' id='line_1_30' title="bbox 234 2748 2000 2844; baseline 0.005 -21"><span class='ocrx_word' id='word_1_385' title='bbox 234 2767 298 2823; x_wconf 91' lang='lat' dir='ltr'><strong>Non</strong></span> <span class='ocrx_word' id='word_1_386' title='bbox 315 2782 465 2838; x_wconf 86' lang='lat' dir='ltr'><strong>negamus,</strong></span> <span class='ocrx_word' id='word_1_387' title='bbox 495 2781 555 2822; x_wconf 88' lang='lat' dir='ltr'><strong>esse</strong></span> <span class='ocrx_word' id='word_1_388' title='bbox 573 2765 688 2837; x_wconf 86' lang='lat' dir='ltr'><strong>aliquod</strong></span> <span class='ocrx_word' id='word_1_389' title='bbox 708 2766 856 2823; x_wconf 78' lang='lat' dir='ltr'><strong>discrimen</strong></span> <span class='ocrx_word' id='word_1_390' title='bbox 873 2767 945 2825; x_wconf 88' lang='lat' dir='ltr'><strong>inter</strong></span> <span class='ocrx_word' id='word_1_391' title='bbox 963 2776 1068 2826; x_wconf 88' lang='lat' dir='ltr'><strong>scorta·</strong></span> <span class='ocrx_word' id='word_1_392' title='bbox 1093 2762 1145 2817; x_wconf 87' lang='lat' dir='ltr'><strong>teri</strong></span> <span class='ocrx_word' id='word_1_393' title='bbox 1175 2765 1347 2820; x_wconf 91' lang='lat' dir='ltr'><strong>medicorum</strong></span> <span class='ocrx_word' id='word_1_394' title='bbox 1383 2767 1627 2823; x_wconf 72' lang='lat' dir='ltr'><strong>fundamentorum</strong></span> <span class='ocrx_word' id='word_1_395' title='bbox 1656 2786 1756 2839; x_wconf 87' lang='lat' dir='ltr'><strong>parum</strong></span> <span class='ocrx_word' id='word_1_396' title='bbox 1788 2773 1872 2844; x_wconf 87' lang='lat' dir='ltr'><strong>gnari</strong></span> <span class='ocrx_word' id='word_1_397' title='bbox 1903 2748 2000 2830; x_wconf 72' lang='lat' dir='ltr'><strong>idum</strong></span> 
     </span>
     <span class='ocr_line' id='line_1_31' title="bbox 234 2847 1996 2953; baseline 0.003 -45"><span class='ocrx_word' id='word_1_398' title='bbox 234 2852 337 2908; x_wconf 89' lang='lat' dir='ltr'><strong>tionem</strong></span> <span class='ocrx_word' id='word_1_399' title='bbox 364 2858 393 2907; x_wconf 95' lang='grc' dir='ltr'><strong>ιι</strong></span> <span class='ocrx_word' id='word_1_400' title='bbox 420 2850 642 2908; x_wconf 81' lang='lat' dir='ltr'><strong>commixtionem</strong></span> <span class='ocrx_word' id='word_1_401' title='bbox 670 2870 835 2953; x_wconf 82' lang='lat' dir='ltr'><strong>sponsorum</strong></span> <span class='ocrx_word' id='word_1_402' title='bbox 856 2861 922 2910; x_wconf 89' lang='lat' dir='ltr'><strong>ante</strong></span> <span class='ocrx_word' id='word_1_403' title='bbox 946 2856 1068 2927; x_wconf 86' lang='lat' dir='ltr'><strong>nuptiae,</strong></span> <span class='ocrx_word' id='word_1_404' title='bbox 1093 2847 1251 2918; x_wconf 65' lang='lat' dir='ltr'><strong>affirmant,</strong></span> <span class='ocrx_word' id='word_1_405' title='bbox 1280 2852 1330 2907; x_wconf 77' lang='lat' dir='ltr'><strong>ted</strong></span> <span class='ocrx_word' id='word_1_406' title='bbox 1349 2853 1469 2923; x_wconf 88' lang='lat' dir='ltr'><strong>quirem</strong></span> <span class='ocrx_word' id='word_1_407' title='bbox 1488 2853 1610 2923; x_wconf 87' lang='lat' dir='ltr'><strong>penitius</strong></span> <span class='ocrx_word' id='word_1_408' title='bbox 1633 2855 1810 2927; x_wconf 90' lang='lat' dir='ltr'><strong>expendunt,</strong></span> <span class='ocrx_word' id='word_1_409' title='bbox 1839 2858 1868 2913; x_wconf 92' lang='lat' dir='ltr'><strong>in</strong></span> <span class='ocrx_word' id='word_1_410' title='bbox 1886 2877 1933 2915; x_wconf 92' lang='lat' dir='ltr'><strong>ne</strong></span> <span class='ocrx_word' id='word_1_411' title='bbox 1942 2850 1996 2945; x_wconf 56' lang='lat'><strong>1⁸:21}</strong></span> 
     </span>
     <span class='ocr_line' id='line_1_32' title="bbox 233 2937 2000 3037; baseline 0.002 -41"><span class='ocrx_word' id='word_1_412' title='bbox 233 2956 268 2996; x_wconf 84' lang='lat' dir='ltr'><strong>ae</strong></span> <span class='ocrx_word' id='word_1_413' title='bbox 284 2938 401 3011; x_wconf 91' lang='lat' dir='ltr'><strong>proinde</strong></span> <span class='ocrx_word' id='word_1_414' title='bbox 420 2938 503 2995; x_wconf 89' lang='lat' dir='ltr'><strong>etiarn</strong></span> <span class='ocrx_word' id='word_1_415' title='bbox 521 2938 593 2995; x_wconf 86' lang='lat' dir='ltr'><strong>inter</strong></span> <span class='ocrx_word' id='word_1_416' title='bbox 612 2940 721 3010; x_wconf 90' lang='lat' dir='ltr'><strong>spurios</strong></span> <span class='ocrx_word' id='word_1_417' title='bbox 740 2947 768 2996; x_wconf 90' lang='lat' dir='ltr'><strong>et</strong></span> <span class='ocrx_word' id='word_1_418' title='bbox 785 2959 838 3011; x_wconf 94' lang='grc' dir='ltr'>θοι,</span> <span class='ocrx_word' id='word_1_419' title='bbox 857 2941 950 3013; x_wconf 86' lang='lat' dir='ltr'><strong>quiex</strong></span> <span class='ocrx_word' id='word_1_420' title='bbox 966 2960 1068 3014; x_wconf 88' lang='lat' dir='ltr'><strong>sponsa</strong></span> <span class='ocrx_word' id='word_1_421' title='bbox 1093 2941 1206 3006; x_wconf 71' lang='lat' dir='ltr'><strong>gentem</strong></span> <span class='ocrx_word' id='word_1_422' title='bbox 1229 2937 1395 2993; x_wconf 84' lang='lat' dir='ltr'><strong>sententiam</strong></span> <span class='ocrx_word' id='word_1_423' title='bbox 1418 2939 1532 2996; x_wconf 91' lang='lat' dir='ltr'><strong>abeunt.</strong></span> <span class='ocrx_word' id='word_1_424' title='bbox 1581 2940 1626 2996; x_wconf 93' lang='lat' dir='ltr'><strong>De</strong></span> <span class='ocrx_word' id='word_1_425' title='bbox 1650 2943 1824 3012; x_wconf 77' lang='lat' dir='ltr'><strong>cepts&#39;meatri</strong></span> <span class='ocrx_word' id='word_1_426' title='bbox 1842 2948 2000 3037; x_wconf 64' lang='lat' dir='ltr'><strong>partam</strong></span> 
     </span>
     <span class='ocr_line' id='line_1_33' title="bbox 232 2995 1996 3100; baseline 0.005 -18"><span class='ocrx_word' id='word_1_427' title='bbox 232 3031 297 3083; x_wconf 89' lang='lat' dir='ltr'><strong>ante</strong></span> <span class='ocrx_word' id='word_1_428' title='bbox 319 3025 432 3097; x_wconf 83' lang='lat' dir='ltr'><strong>nuptias</strong></span> <span class='ocrx_word' id='word_1_429' title='bbox 456 3025 579 3096; x_wconf 84' lang='lat' dir='ltr'><strong>susecpti</strong></span> <span class='ocrx_word' id='word_1_430' title='bbox 603 3032 680 3096; x_wconf 88' lang='lat' dir='ltr'><strong>sunt;</strong></span> <span class='ocrx_word' id='word_1_431' title='bbox 712 3026 822 3082; x_wconf 85' lang='lat' dir='ltr'><strong>iuterim</strong></span> <span class='ocrx_word' id='word_1_432' title='bbox 855 3028 953 3100; x_wconf 88' lang='lat' dir='ltr'><strong>negari</strong></span> <span class='ocrx_word' id='word_1_433' title='bbox 983 3028 1067 3084; x_wconf 87' lang='lat' dir='ltr'><strong>etiam</strong></span> <span class='ocrx_word' id='word_1_434' title='bbox 1093 3021 1183 3078; x_wconf 76' lang='lat' dir='ltr'><strong>minor</strong></span> <span class='ocrx_word' id='word_1_435' title='bbox 1211 3029 1255 3078; x_wconf 68' lang='lat' dir='ltr'><strong>eti</strong></span> <span class='ocrx_word' id='word_1_436' title='bbox 1283 3023 1429 3080; x_wconf 54' lang='lat' dir='ltr'><strong>dubitati&amp;</strong></span> <span class='ocrx_word' id='word_1_437' title='bbox 1477 3024 1610 3091; x_wconf 68' lang='lat' dir='ltr'><strong>Qutmvit</strong></span> <span class='ocrx_word' id='word_1_438' title='bbox 1637 3027 1710 3083; x_wconf 70' lang='lat' dir='ltr'><strong>enim</strong></span> <span class='ocrx_word' id='word_1_439' title='bbox 1737 3045 1772 3085; x_wconf 80' lang='lat'><strong>0¹</strong></span> <span class='ocrx_word' id='word_1_440' title='bbox 1789 2995 1996 3088; x_wconf 60' lang='lat' dir='ltr'><strong>veteriburm</strong></span> 
     </span>
     <span class='ocr_line' id='line_1_34' title="bbox 235 3106 1932 3185; baseline 0.003 -17"><span class='ocrx_word' id='word_1_441' title='bbox 235 3112 345 3184; x_wconf 83' lang='lat' dir='ltr'><strong>nequit,</strong></span> <span class='ocrx_word' id='word_1_442' title='bbox 361 3111 557 3168; x_wconf 83' lang='lat' dir='ltr'><strong>commixtione</strong></span> <span class='ocrx_word' id='word_1_443' title='bbox 576 3112 625 3167; x_wconf 89' lang='lat' dir='ltr'><strong>illa</strong></span> <span class='ocrx_word' id='word_1_444' title='bbox 636 3111 851 3169; x_wconf 71' lang='lat' dir='ltr'><strong>ecclesiastcam</strong></span> <span class='ocrx_word' id='word_1_445' title='bbox 859 3114 949 3185; x_wconf 86' lang='lat' dir='ltr'><strong>legem</strong></span> <span class='ocrx_word' id='word_1_446' title='bbox 962 3115 1068 3185; x_wconf 72' lang='lat' dir='ltr'><strong>violari,</strong></span> <span class='ocrx_word' id='word_1_447' title='bbox 1093 3106 1240 3178; x_wconf 84' lang='lat' dir='ltr'><strong>Eutypbre</strong></span> <span class='ocrx_word' id='word_1_448' title='bbox 1258 3108 1374 3165; x_wconf 79' lang='lat' dir='ltr'><strong>Cnidius</strong></span> <span class='ocrx_word' id='word_1_449' title='bbox 1392 3110 1529 3167; x_wconf 78' lang='lat' dir='ltr'><strong>referente</strong></span> <span class='ocrx_word' id='word_1_450' title='bbox 1551 3110 1705 3168; x_wconf 82' lang='lat' dir='ltr'><strong>Censorino</strong></span> <span class='ocrx_word' id='word_1_451' title='bbox 1724 3113 1761 3171; x_wconf 89' lang='lat' dir='ltr'><strong>de</strong></span> <span class='ocrx_word' id='word_1_452' title='bbox 1782 3115 1829 3171; x_wconf 89' lang='lat' dir='ltr'><strong>die</strong></span> <span class='ocrx_word' id='word_1_453' title='bbox 1846 3119 1932 3174; x_wconf 82' lang='lat' dir='ltr'><strong>natal.</strong></span> 
     </span>
     <span class='ocr_line' id='line_1_35' title="bbox 232 3195 1934 3274; baseline 0.004 -20"><span class='ocrx_word' id='word_1_454' title='bbox 232 3198 358 3271; x_wconf 90' lang='lat' dir='ltr'><strong>conjugii</strong></span> <span class='ocrx_word' id='word_1_455' title='bbox 384 3198 550 3272; x_wconf 84' lang='lat' dir='ltr'><strong>dignitatem</strong></span> <span class='ocrx_word' id='word_1_456' title='bbox 576 3197 738 3254; x_wconf 89' lang='lat' dir='ltr'><strong>labefactari</strong></span> <span class='ocrx_word' id='word_1_457' title='bbox 766 3203 794 3253; x_wconf 89' lang='lat' dir='ltr'><strong>et</strong></span> <span class='ocrx_word' id='word_1_458' title='bbox 820 3199 955 3256; x_wconf 89' lang='lat' dir='ltr'><strong>ecclesiae</strong></span> <span class='ocrx_word' id='word_1_459' title='bbox 973 3201 1067 3257; x_wconf 82' lang='lat' dir='ltr'><strong>nrultis</strong></span> <span class='ocrx_word' id='word_1_460' title='bbox 1094 3211 1157 3249; x_wconf 76' lang='lat' dir='ltr'>0111ss</span> <span class='ocrx_word' id='word_1_461' title='bbox 1181 3200 1364 3250; x_wconf 84' lang='lat' dir='ltr'><strong>monstrosum</strong></span> <span class='ocrx_word' id='word_1_462' title='bbox 1386 3195 1540 3267; x_wconf 89' lang='lat' dir='ltr'><strong>judicarit,</strong></span> <span class='ocrx_word' id='word_1_463' title='bbox 1571 3203 1600 3252; x_wconf 92' lang='lat' dir='ltr'><strong>et</strong></span> <span class='ocrx_word' id='word_1_464' title='bbox 1619 3197 1738 3254; x_wconf 72' lang='lat' dir='ltr'><strong>Reman</strong></span> <span class='ocrx_word' id='word_1_465' title='bbox 1763 3202 1934 3274; x_wconf 82' lang='lat' dir='ltr'><strong>anu’quiores</strong></span> 
     </span>
     <span class='ocr_line' id='line_1_36' title="bbox 234 3281 1933 3356; baseline 0.005 -18"><span class='ocrx_word' id='word_1_466' title='bbox 234 3285 322 3340; x_wconf 90' lang='lat' dir='ltr'><strong>modis</strong></span> <span class='ocrx_word' id='word_1_467' title='bbox 340 3283 428 3340; x_wconf 88' lang='lat' dir='ltr'><strong>illudi.</strong></span> <span class='ocrx_word' id='word_1_468' title='bbox 465 3283 610 3356; x_wconf 89' lang='lat' dir='ltr'><strong>Illegitimi</strong></span> <span class='ocrx_word' id='word_1_469' title='bbox 628 3284 715 3356; x_wconf 87' lang='lat' dir='ltr'><strong>igitur</strong></span> <span class='ocrx_word' id='word_1_470' title='bbox 733 3291 798 3340; x_wconf 89' lang='lat' dir='ltr'><strong>sunt</strong></span> <span class='ocrx_word' id='word_1_471' title='bbox 814 3285 885 3342; x_wconf 89' lang='lat' dir='ltr'><strong>tales</strong></span> <span class='ocrx_word' id='word_1_472' title='bbox 912 3286 993 3341; x_wconf 89' lang='lat' dir='ltr'><strong>liberi</strong></span> <span class='ocrx_word' id='word_1_473' title='bbox 1013 3304 1068 3343; x_wconf 92' lang='lat' dir='ltr'><strong>non</strong></span> <span class='ocrx_word' id='word_1_474' title='bbox 1095 3281 1254 3352; x_wconf 80' lang='lat' dir='ltr'><strong>huJusmodi</strong></span> <span class='ocrx_word' id='word_1_475' title='bbox 1270 3287 1367 3352; x_wconf 88' lang='lat' dir='ltr'><strong>partus</strong></span> <span class='ocrx_word' id='word_1_476' title='bbox 1387 3289 1520 3354; x_wconf 87' lang='lat' dir='ltr'><strong>tauquam</strong></span> <span class='ocrx_word' id='word_1_477' title='bbox 1538 3289 1706 3341; x_wconf 85' lang='lat' dir='ltr'><strong>monstrosas</strong></span> <span class='ocrx_word' id='word_1_478' title='bbox 1728 3286 1858 3345; x_wconf 84' lang='lat' dir='ltr'><strong>raritates</strong></span> <span class='ocrx_word' id='word_1_479' title='bbox 1878 3306 1933 3346; x_wconf 91' lang='lat' dir='ltr'><strong>non</strong></span> 
     </span>
     <span class='ocr_line' id='line_1_37' title="bbox 233 3368 1931 3442; baseline 0.005 -16"><span class='ocrx_word' id='word_1_480' title='bbox 233 3370 340 3426; x_wconf 87' lang='lat' dir='ltr'><strong>ratione</strong></span> <span class='ocrx_word' id='word_1_481' title='bbox 363 3369 519 3425; x_wconf 84' lang='grc' dir='ltr'>ιιιιιιιιιιιιι</span> <span class='ocrx_word' id='word_1_482' title='bbox 543 3370 689 3440; x_wconf 76' lang='lat' dir='ltr'><strong>enjmdam</strong></span> <span class='ocrx_word' id='word_1_483' title='bbox 713 3371 837 3442; x_wconf 89' lang='lat' dir='ltr'><strong>requisiti</strong></span> <span class='ocrx_word' id='word_1_484' title='bbox 867 3373 903 3426; x_wconf 92' lang='lat' dir='ltr'><strong>ad</strong></span> <span class='ocrx_word' id='word_1_485' title='bbox 929 3374 1067 3430; x_wconf 88' lang='lat' dir='ltr'><strong>matrime-</strong></span> <span class='ocrx_word' id='word_1_486' title='bbox 1096 3368 1260 3439; x_wconf 88' lang='lat' dir='ltr'><strong>receperint,</strong></span> <span class='ocrx_word' id='word_1_487' title='bbox 1279 3373 1311 3423; x_wconf 92' lang='lat' dir='ltr'><strong>ut</strong></span> <span class='ocrx_word' id='word_1_488' title='bbox 1328 3384 1361 3423; x_wconf 86' lang='lat' dir='ltr'><strong>ex</strong></span> <span class='ocrx_word' id='word_1_489' title='bbox 1379 3368 1505 3425; x_wconf 88' lang='lat' dir='ltr'><strong>Varrone</strong></span> <span class='ocrx_word' id='word_1_490' title='bbox 1525 3368 1610 3425; x_wconf 89' lang='lat' dir='ltr'><strong>refert</strong></span> <span class='ocrx_word' id='word_1_491' title='bbox 1621 3370 1728 3428; x_wconf 83' lang='lat' dir='ltr'><strong>Gellius</strong></span> <span class='ocrx_word' id='word_1_492' title='bbox 1747 3372 1797 3430; x_wconf 93' lang='lat' dir='ltr'><strong>lib.</strong></span> <span class='ocrx_word' id='word_1_493' title='bbox 1816 3380 1842 3432; x_wconf 79' lang='lat'><strong>³.</strong></span> <span class='ocrx_word' id='word_1_494' title='bbox 1858 3382 1931 3434; x_wconf 82' lang='lat' dir='ltr'><strong>noct</strong></span> 
     </span>
     <span class='ocr_line' id='line_1_38' title="bbox 234 3454 1932 3529; baseline 0.003 -17"><span class='ocrx_word' id='word_1_495' title='bbox 234 3456 311 3512; x_wconf 91' lang='lat' dir='ltr'><strong>nium</strong></span> <span class='ocrx_word' id='word_1_496' title='bbox 330 3455 487 3524; x_wconf 89' lang='lat' dir='ltr'><strong>necessarii,</strong></span> <span class='ocrx_word' id='word_1_497' title='bbox 502 3455 552 3510; x_wconf 90' lang='lat' dir='ltr'><strong>sed</strong></span> <span class='ocrx_word' id='word_1_498' title='bbox 571 3455 677 3510; x_wconf 89' lang='lat' dir='ltr'><strong>ratione</strong></span> <span class='ocrx_word' id='word_1_499' title='bbox 695 3455 848 3512; x_wconf 85' lang='lat' dir='ltr'><strong>accidentia</strong></span> <span class='ocrx_word' id='word_1_500' title='bbox 876 3458 1022 3529; x_wconf 89' lang='lat' dir='ltr'><strong>cujusdam</strong></span> <span class='ocrx_word' id='word_1_501' title='bbox 1039 3460 1067 3514; x_wconf 90' lang='lat' dir='ltr'><strong>in</strong></span> <span class='ocrx_word' id='word_1_502' title='bbox 1096 3454 1181 3511; x_wconf 81' lang='lat' dir='ltr'><strong>Attio.</strong></span> <span class='ocrx_word' id='word_1_503' title='bbox 1209 3472 1233 3511; x_wconf 85' lang='lat' dir='ltr'><strong>c.</strong></span> <span class='ocrx_word' id='word_1_504' title='bbox 1264 3460 1302 3511; x_wconf 86' lang='grc'><strong>16.</strong></span> <span class='ocrx_word' id='word_1_505' title='bbox 1330 3455 1397 3526; x_wconf 91' lang='lat' dir='ltr'><strong>quin</strong></span> <span class='ocrx_word' id='word_1_506' title='bbox 1422 3462 1450 3509; x_wconf 87' lang='lat' dir='ltr'><strong>et</strong></span> <span class='ocrx_word' id='word_1_507' title='bbox 1471 3455 1599 3512; x_wconf 89' lang='lat' dir='ltr'><strong>abortum</strong></span> <span class='ocrx_word' id='word_1_508' title='bbox 1623 3458 1679 3514; x_wconf 91' lang='lat' dir='ltr'><strong>dici</strong></span> <span class='ocrx_word' id='word_1_509' title='bbox 1696 3458 1932 3518; x_wconf 78' lang='lat' dir='ltr'><strong>rationabilitate</strong></span> 
     </span>
     <span class='ocr_line' id='line_1_39' title="bbox 233 3540 1931 3619; baseline 0.004 -23"><span class='ocrx_word' id='word_1_510' title='bbox 233 3541 294 3597; x_wconf 91' lang='lat' dir='ltr'><strong>foro</strong></span> <span class='ocrx_word' id='word_1_511' title='bbox 326 3548 439 3598; x_wconf 89' lang='lat' dir='ltr'><strong>externo</strong></span> <span class='ocrx_word' id='word_1_512' title='bbox 464 3541 622 3598; x_wconf 89' lang='lat' dir='ltr'><strong>necessario</strong></span> <span class='ocrx_word' id='word_1_513' title='bbox 650 3540 790 3612; x_wconf 88' lang='lat' dir='ltr'><strong>requisiti,</strong></span> <span class='ocrx_word' id='word_1_514' title='bbox 819 3541 893 3598; x_wconf 92' lang='lat' dir='ltr'><strong>unde</strong></span> <span class='ocrx_word' id='word_1_515' title='bbox 922 3561 1069 3614; x_wconf 75' lang='lat' dir='ltr'><strong>praecoces</strong></span> <span class='ocrx_word' id='word_1_516' title='bbox 1095 3540 1227 3596; x_wconf 78' lang='lat' dir='ltr'><strong>Terentio</strong></span> <span class='ocrx_word' id='word_1_517' title='bbox 1253 3541 1454 3612; x_wconf 72' lang='lat' dir='ltr'><strong>septimettrem</strong></span> <span class='ocrx_word' id='word_1_518' title='bbox 1480 3550 1593 3615; x_wconf 87' lang='lat' dir='ltr'><strong>partum</strong></span> <span class='ocrx_word' id='word_1_519' title='bbox 1616 3545 1745 3602; x_wconf 80' lang='lat' dir='ltr'><strong>Donatus</strong></span> <span class='ocrx_word' id='word_1_520' title='bbox 1770 3547 1801 3603; x_wconf 92' lang='lat' dir='ltr'><strong>in</strong></span> <span class='ocrx_word' id='word_1_521' title='bbox 1821 3547 1931 3619; x_wconf 82' lang='lat' dir='ltr'><strong>Hecyra</strong></span> 
     </span>
     <span class='ocr_line' id='line_1_40' title="bbox 233 3624 1931 3733; baseline 0.005 -50"><span class='ocrx_word' id='word_1_522' title='bbox 233 3626 343 3727; x_wconf 82' lang='lat' dir='ltr'><strong>vulgari</strong></span> <span class='ocrx_word' id='word_1_523' title='bbox 368 3626 486 3682; x_wconf 73' lang='lat' dir='ltr'><strong>dieterm</strong></span> <span class='ocrx_word' id='word_1_524' title='bbox 514 3624 652 3698; x_wconf 88' lang='lat' dir='ltr'><strong>appellari</strong></span> <span class='ocrx_word' id='word_1_525' title='bbox 681 3632 710 3684; x_wconf 90' lang='lat' dir='ltr'><strong>et</strong></span> <span class='ocrx_word' id='word_1_526' title='bbox 735 3643 752 3682; x_wconf 89' lang='lat' dir='ltr'><strong>a</strong></span> <span class='ocrx_word' id='word_1_527' title='bbox 779 3627 914 3684; x_wconf 86' lang='lat' dir='ltr'><strong>sodalitiis</strong></span> <span class='ocrx_word' id='word_1_528' title='bbox 937 3629 1068 3702; x_wconf 86' lang='lat' dir='ltr'><strong>opificum</strong></span> <span class='ocrx_word' id='word_1_529' title='bbox 1096 3632 1150 3683; x_wconf 85' lang='lat' dir='ltr'><strong>aet</strong></span> <span class='ocrx_word' id='word_1_530' title='bbox 1171 3632 1196 3685; x_wconf 85' lang='grc'><strong>3.</strong></span> <span class='ocrx_word' id='word_1_531' title='bbox 1213 3643 1287 3683; x_wconf 89' lang='lat' dir='ltr'><strong>scen.</strong></span> <span class='ocrx_word' id='word_1_532' title='bbox 1309 3635 1332 3684; x_wconf 89' lang='grc'>3</span> <span class='ocrx_word' id='word_1_533' title='bbox 1350 3634 1436 3694; x_wconf 88' lang='lat' dir='ltr'><strong>notet,</strong></span> <span class='ocrx_word' id='word_1_534' title='bbox 1455 3635 1549 3729; x_wconf 81' lang='lat' dir='ltr'><strong>tamen</strong></span> <span class='ocrx_word' id='word_1_535' title='bbox 1566 3631 1775 3703; x_wconf 86' lang='lat' dir='ltr'><strong>Hippocratis&#39;</strong></span> <span class='ocrx_word' id='word_1_536' title='bbox 1768 3650 1803 3733; x_wconf 32' lang='lat' dir='ltr'><strong>sn,</strong></span> <span class='ocrx_word' id='word_1_537' title='bbox 1817 3633 1879 3691; x_wconf 88' lang='lat' dir='ltr'><strong>libr.</strong></span> <span class='ocrx_word' id='word_1_538' title='bbox 1897 3635 1931 3691; x_wconf 90' lang='lat' dir='ltr'><strong>dc</strong></span> 
     </span>
    </p>
   </div>
   <div class='ocr_carea' id='block_1_3' title="bbox 226 3792 1931 5517">
    <p class='ocr_par' dir='ltr' id='par_1_3' title="bbox 226 3792 1931 5517">
     <span class='ocr_line' id='line_1_41' title="bbox 226 3792 1930 3876; baseline 0.006 -22"><span class='ocrx_word' id='word_1_539' title='bbox 226 3802 316 3871; x_wconf 86' lang='lat' dir='ltr'><strong>sacit,</strong></span> <span class='ocrx_word' id='word_1_540' title='bbox 335 3801 388 3854; x_wconf 79' lang='lat' dir='ltr'><strong>red</strong></span> <span class='ocrx_word' id='word_1_541' title='bbox 402 3816 536 3869; x_wconf 79' lang='lat' dir='ltr'><strong>rpomaam</strong></span> <span class='ocrx_word' id='word_1_542' title='bbox 553 3798 609 3853; x_wconf 78' lang='lat' dir='ltr'><strong>eibi</strong></span> <span class='ocrx_word' id='word_1_543' title='bbox 627 3800 764 3854; x_wconf 84' lang='lat' dir='ltr'><strong>traditam</strong></span> <span class='ocrx_word' id='word_1_544' title='bbox 778 3804 970 3872; x_wconf 82' lang='lat' dir='ltr'><strong>copmorcemlc</strong></span> <span class='ocrx_word' id='word_1_545' title='bbox 983 3805 1071 3860; x_wconf 70' lang='lat' dir='ltr'><strong>utitur</strong></span> <span class='ocrx_word' id='word_1_546' title='bbox 1096 3798 1208 3855; x_wconf 82' lang='lat' dir='ltr'><strong>vitalem</strong></span> <span class='ocrx_word' id='word_1_547' title='bbox 1230 3815 1262 3854; x_wconf 88' lang='lat' dir='ltr'><strong>ac</strong></span> <span class='ocrx_word' id='word_1_548' title='bbox 1290 3800 1444 3872; x_wconf 89' lang='lat' dir='ltr'><strong>legitimum</strong></span> <span class='ocrx_word' id='word_1_549' title='bbox 1470 3802 1579 3872; x_wconf 77' lang='lat' dir='ltr'><strong>stabnt,</strong></span> <span class='ocrx_word' id='word_1_550' title='bbox 1607 3792 1717 3876; x_wconf 88' lang='lat' dir='ltr'><strong>legibus</strong></span> <span class='ocrx_word' id='word_1_551' title='bbox 1742 3805 1873 3863; x_wconf 83' lang='lat' dir='ltr'><strong>civilibus</strong></span> <span class='ocrx_word' id='word_1_552' title='bbox 1892 3824 1930 3864; x_wconf 90' lang='lat' dir='ltr'><strong>re·</strong></span> 
     </span>
     <span class='ocr_line' id='line_1_42' title="bbox 235 3886 1929 3963; baseline 0.004 -20"><span class='ocrx_word' id='word_1_553' title='bbox 235 3906 287 3943; x_wconf 81' lang='lat' dir='ltr'><strong>ruo</strong></span> <span class='ocrx_word' id='word_1_554' title='bbox 305 3889 379 3957; x_wconf 82' lang='lat' dir='ltr'><strong>jure.</strong></span> <span class='ocrx_word' id='word_1_555' title='bbox 425 3886 647 3958; x_wconf 87' lang='lat' dir='ltr'><strong>Respondemus:</strong></span> <span class='ocrx_word' id='word_1_556' title='bbox 672 3887 732 3942; x_wconf 91' lang='lat' dir='ltr'><strong>Imo</strong></span> <span class='ocrx_word' id='word_1_557' title='bbox 748 3905 813 3944; x_wconf 88' lang='lat' dir='ltr'><strong>raro</strong></span> <span class='ocrx_word' id='word_1_558' title='bbox 831 3908 887 3944; x_wconf 80' lang='lat' dir='ltr'><strong>aaa</strong></span> <span class='ocrx_word' id='word_1_559' title='bbox 910 3891 940 3945; x_wconf 83' lang='lat' dir='ltr'><strong>ia</strong></span> <span class='ocrx_word' id='word_1_560' title='bbox 956 3909 1070 3948; x_wconf 76' lang='lat' dir='ltr'><strong>suoram</strong></span> <span class='ocrx_word' id='word_1_561' title='bbox 1096 3891 1178 3957; x_wconf 83' lang='lat' dir='ltr'><strong>cepta</strong></span> <span class='ocrx_word' id='word_1_562' title='bbox 1217 3902 1325 3941; x_wconf 90' lang='lat' dir='ltr'><strong>omnem</strong></span> <span class='ocrx_word' id='word_1_563' title='bbox 1368 3887 1569 3945; x_wconf 85' lang='lat' dir='ltr'><strong>dubitationem</strong></span> <span class='ocrx_word' id='word_1_564' title='bbox 1611 3891 1709 3946; x_wconf 73' lang='lat' dir='ltr'><strong>mento</strong></span> <span class='ocrx_word' id='word_1_565' title='bbox 1752 3891 1929 3963; x_wconf 81' lang='lat' dir='ltr'><strong>praescindit</strong></span> 
     </span>
     <span class='ocr_line' id='line_1_43' title="bbox 234 3971 1929 4049; baseline 0.006 -20"><span class='ocrx_word' id='word_1_566' title='bbox 234 3975 333 4032; x_wconf 81' lang='lat' dir='ltr'><strong>sedin</strong></span> <span class='ocrx_word' id='word_1_567' title='bbox 352 3990 484 4044; x_wconf 68' lang='lat' dir='ltr'><strong>moneam</strong></span> <span class='ocrx_word' id='word_1_568' title='bbox 505 3991 566 4028; x_wconf 87' lang='lat' dir='ltr'><strong>eam</strong></span> <span class='ocrx_word' id='word_1_569' title='bbox 583 3974 639 4027; x_wconf 83' lang='lat' dir='ltr'><strong>ribi</strong></span> <span class='ocrx_word' id='word_1_570' title='bbox 655 3976 793 4029; x_wconf 84' lang='lat' dir='ltr'><strong>traditam</strong></span> <span class='ocrx_word' id='word_1_571' title='bbox 811 3992 871 4031; x_wconf 82' lang='lat' dir='ltr'><strong>eme</strong></span> <span class='ocrx_word' id='word_1_572' title='bbox 890 3979 1000 4049; x_wconf 81' lang='lat' dir='ltr'><strong>copitct,</strong></span> <span class='ocrx_word' id='word_1_573' title='bbox 1017 3996 1068 4035; x_wconf 89' lang='lat' dir='ltr'><strong>nec</strong></span> <span class='ocrx_word' id='word_1_574' title='bbox 1096 3971 1201 4027; x_wconf 65' lang='lat' dir='ltr'><strong>Paulus</strong></span> <span class='ocrx_word' id='word_1_575' title='bbox 1226 3972 1244 4030; x_wconf 86' lang='lat' dir='ltr'><strong>l·</strong></span> <span class='ocrx_word' id='word_1_576' title='bbox 1272 3972 1389 4044; x_wconf 62' lang='lat' dir='ltr'><strong>septimo</strong></span> <span class='ocrx_word' id='word_1_577' title='bbox 1427 3992 1529 4031; x_wconf 70' lang='lat' dir='ltr'><strong>mente·</strong></span> <span class='ocrx_word' id='word_1_578' title='bbox 1566 3974 1595 4031; x_wconf 85' lang='lat' dir='ltr'><strong>ff·</strong></span> <span class='ocrx_word' id='word_1_579' title='bbox 1634 3975 1669 4031; x_wconf 75' lang='lat' dir='ltr'><strong>de</strong></span> <span class='ocrx_word' id='word_1_580' title='bbox 1705 3982 1782 4033; x_wconf 66' lang='lat' dir='ltr'><strong>statu</strong></span> <span class='ocrx_word' id='word_1_581' title='bbox 1804 3978 1929 4037; x_wconf 72' lang='lat' dir='ltr'><strong>bomin:</strong></span> 
     </span>
     <span class='ocr_line' id='line_1_44' title="bbox 233 4060 1927 4135; baseline 0.002 -17"><span class='ocrx_word' id='word_1_582' title='bbox 233 4062 347 4133; x_wconf 89' lang='lat' dir='ltr'><strong>plenum</strong></span> <span class='ocrx_word' id='word_1_583' title='bbox 362 4062 410 4131; x_wconf 90' lang='lat' dir='ltr'><strong>jus</strong></span> <span class='ocrx_word' id='word_1_584' title='bbox 428 4060 554 4116; x_wconf 85' lang='lat' dir='ltr'><strong>maritale</strong></span> <span class='ocrx_word' id='word_1_585' title='bbox 571 4061 616 4116; x_wconf 84' lang='lat' dir='ltr'><strong>rel</strong></span> <span class='ocrx_word' id='word_1_586' title='bbox 633 4066 802 4131; x_wconf 85' lang='lat' dir='ltr'><strong>potestatem</strong></span> <span class='ocrx_word' id='word_1_587' title='bbox 821 4065 942 4135; x_wconf 89' lang='lat' dir='ltr'><strong>corporis</strong></span> <span class='ocrx_word' id='word_1_588' title='bbox 960 4065 989 4120; x_wconf 92' lang='lat' dir='ltr'><strong>in</strong></span> <span class='ocrx_word' id='word_1_589' title='bbox 1007 4082 1068 4121; x_wconf 88' lang='lat' dir='ltr'><strong>eam</strong></span> <span class='ocrx_word' id='word_1_590' title='bbox 1098 4060 1221 4129; x_wconf 71' lang='lat' dir='ltr'><strong>Septimo</strong></span> <span class='ocrx_word' id='word_1_591' title='bbox 1250 4076 1341 4116; x_wconf 68' lang='lat' dir='ltr'><strong>meuse</strong></span> <span class='ocrx_word' id='word_1_592' title='bbox 1367 4063 1449 4116; x_wconf 75' lang='lat' dir='ltr'><strong>nasci</strong></span> <span class='ocrx_word' id='word_1_593' title='bbox 1471 4064 1632 4131; x_wconf 78' lang='lat' dir='ltr'><strong>perfectum</strong></span> <span class='ocrx_word' id='word_1_594' title='bbox 1644 4071 1768 4134; x_wconf 82' lang='lat' dir='ltr'><strong>pas-tam,</strong></span> <span class='ocrx_word' id='word_1_595' title='bbox 1791 4065 1860 4134; x_wconf 80' lang='lat' dir='ltr'><strong>jem</strong></span> <span class='ocrx_word' id='word_1_596' title='bbox 1886 4084 1927 4121; x_wconf 87' lang='lat' dir='ltr'><strong>rc·</strong></span> 
     </span>
     <span class='ocr_line' id='line_1_45' title="bbox 234 4146 1930 4223; baseline 0.001 -18"><span class='ocrx_word' id='word_1_597' title='bbox 234 4148 359 4205; x_wconf 87' lang='lat' dir='ltr'><strong>obtinere</strong></span> <span class='ocrx_word' id='word_1_598' title='bbox 378 4150 485 4217; x_wconf 88' lang='lat' dir='ltr'><strong>potest,</strong></span> <span class='ocrx_word' id='word_1_599' title='bbox 516 4163 588 4218; x_wconf 90' lang='lat' dir='ltr'><strong>quae</strong></span> <span class='ocrx_word' id='word_1_600' title='bbox 603 4146 728 4201; x_wconf 89' lang='lat' dir='ltr'><strong>nondum</strong></span> <span class='ocrx_word' id='word_1_601' title='bbox 746 4153 790 4204; x_wconf 92' lang='lat' dir='ltr'><strong>est</strong></span> <span class='ocrx_word' id='word_1_602' title='bbox 806 4149 842 4204; x_wconf 84' lang='lat' dir='ltr'><strong>ab</strong></span> <span class='ocrx_word' id='word_1_603' title='bbox 861 4149 923 4220; x_wconf 90' lang='lat' dir='ltr'><strong>ipso</strong></span> <span class='ocrx_word' id='word_1_604' title='bbox 941 4150 1002 4207; x_wconf 92' lang='lat' dir='ltr'><strong>Deo</strong></span> <span class='ocrx_word' id='word_1_605' title='bbox 1019 4170 1070 4223; x_wconf 87' lang='lat' dir='ltr'><strong>per</strong></span> <span class='ocrx_word' id='word_1_606' title='bbox 1096 4154 1205 4216; x_wconf 71' lang='lat' dir='ltr'><strong>ceptum</strong></span> <span class='ocrx_word' id='word_1_607' title='bbox 1233 4154 1274 4201; x_wconf 79' lang='lat' dir='ltr'><strong>eat</strong></span> <span class='ocrx_word' id='word_1_608' title='bbox 1299 4154 1421 4216; x_wconf 79' lang='lat' dir='ltr'><strong>propter</strong></span> <span class='ocrx_word' id='word_1_609' title='bbox 1458 4148 1653 4204; x_wconf 82' lang='lat' dir='ltr'><strong>auctoritatem</strong></span> <span class='ocrx_word' id='word_1_610' title='bbox 1684 4151 1843 4207; x_wconf 76' lang='lat' dir='ltr'><strong>doctiorims&#39;</strong></span> <span class='ocrx_word' id='word_1_611' title='bbox 1875 4153 1930 4207; x_wconf 84' lang='lat' dir='ltr'><strong>oiri</strong></span> 
     </span>
     <span class='ocr_line' id='line_1_46' title="bbox 233 4231 1928 4308; baseline 0.003 -20"><span class='ocrx_word' id='word_1_612' title='bbox 233 4233 367 4290; x_wconf 89' lang='lat' dir='ltr'><strong>ecclesiae</strong></span> <span class='ocrx_word' id='word_1_613' title='bbox 385 4231 540 4288; x_wconf 86' lang='lat' dir='ltr'><strong>ministrum</strong></span> <span class='ocrx_word' id='word_1_614' title='bbox 558 4233 588 4286; x_wconf 92' lang='lat' dir='ltr'><strong>in</strong></span> <span class='ocrx_word' id='word_1_615' title='bbox 606 4248 719 4288; x_wconf 90' lang='lat' dir='ltr'><strong>uxorem</strong></span> <span class='ocrx_word' id='word_1_616' title='bbox 736 4233 790 4304; x_wconf 89' lang='lat' dir='ltr'><strong>ipsi</strong></span> <span class='ocrx_word' id='word_1_617' title='bbox 811 4234 885 4292; x_wconf 91' lang='lat' dir='ltr'><strong>data.</strong></span> <span class='ocrx_word' id='word_1_618' title='bbox 937 4236 1069 4301; x_wconf 80' lang='lat' dir='ltr'><strong>Quamvis</strong></span> <span class='ocrx_word' id='word_1_619' title='bbox 1095 4233 1291 4302; x_wconf 84' lang='lat' dir='ltr'><strong>Hippocratis,</strong></span> <span class='ocrx_word' id='word_1_620' title='bbox 1312 4241 1340 4288; x_wconf 87' lang='lat' dir='ltr'><strong>ct</strong></span> <span class='ocrx_word' id='word_1_621' title='bbox 1356 4234 1423 4289; x_wconf 84' lang='lat' dir='ltr'><strong>idco</strong></span> <span class='ocrx_word' id='word_1_622' title='bbox 1449 4237 1620 4290; x_wconf 78' lang='lat' dir='ltr'><strong>credendum</strong></span> <span class='ocrx_word' id='word_1_623' title='bbox 1646 4244 1699 4306; x_wconf 81' lang='lat' dir='ltr'><strong>cat,</strong></span> <span class='ocrx_word' id='word_1_624' title='bbox 1734 4254 1807 4305; x_wconf 83' lang='lat' dir='ltr'><strong>eum,</strong></span> <span class='ocrx_word' id='word_1_625' title='bbox 1824 4239 1876 4308; x_wconf 86' lang='lat' dir='ltr'><strong>qui</strong></span> <span class='ocrx_word' id='word_1_626' title='bbox 1897 4254 1928 4293; x_wconf 82' lang='lat' dir='ltr'><strong>cr</strong></span> 
     </span>
     <span class='ocr_line' id='line_1_47' title="bbox 232 4318 1928 4393; baseline 0.006 -17"><span class='ocrx_word' id='word_1_627' title='bbox 232 4319 335 4376; x_wconf 89' lang='lat' dir='ltr'><strong>babeat</strong></span> <span class='ocrx_word' id='word_1_628' title='bbox 359 4321 403 4391; x_wconf 84' lang='lat' dir='ltr'><strong>jus</strong></span> <span class='ocrx_word' id='word_1_629' title='bbox 427 4318 464 4374; x_wconf 92' lang='lat' dir='ltr'><strong>ad</strong></span> <span class='ocrx_word' id='word_1_630' title='bbox 486 4335 559 4389; x_wconf 89' lang='lat' dir='ltr'><strong>rem,</strong></span> <span class='ocrx_word' id='word_1_631' title='bbox 583 4335 639 4374; x_wconf 94' lang='lat' dir='ltr'><strong>non</strong></span> <span class='ocrx_word' id='word_1_632' title='bbox 664 4326 755 4376; x_wconf 88' lang='lat' dir='ltr'><strong>tamen</strong></span> <span class='ocrx_word' id='word_1_633' title='bbox 770 4321 818 4390; x_wconf 91' lang='lat' dir='ltr'><strong>jus</strong></span> <span class='ocrx_word' id='word_1_634' title='bbox 836 4321 865 4376; x_wconf 94' lang='lat' dir='ltr'><strong>in</strong></span> <span class='ocrx_word' id='word_1_635' title='bbox 884 4337 930 4392; x_wconf 86' lang='lat' dir='ltr'><strong>re;</strong></span> <span class='ocrx_word' id='word_1_636' title='bbox 954 4339 988 4378; x_wconf 89' lang='lat' dir='ltr'><strong>ac</strong></span> <span class='ocrx_word' id='word_1_637' title='bbox 1004 4324 1070 4380; x_wconf 87' lang='lat' dir='ltr'><strong>licet</strong></span> <span class='ocrx_word' id='word_1_638' title='bbox 1093 4320 1179 4388; x_wconf 64' lang='lat' dir='ltr'><strong>justia</strong></span> <span class='ocrx_word' id='word_1_639' title='bbox 1198 4320 1304 4392; x_wconf 70' lang='lat' dir='ltr'><strong>ttuptit&#39;t</strong></span> <span class='ocrx_word' id='word_1_640' title='bbox 1320 4321 1436 4390; x_wconf 68' lang='lat' dir='ltr'><strong>septimo</strong></span> <span class='ocrx_word' id='word_1_641' title='bbox 1454 4337 1546 4376; x_wconf 65' lang='lat' dir='ltr'><strong>mim</strong></span> <span class='ocrx_word' id='word_1_642' title='bbox 1558 4330 1641 4376; x_wconf 59' lang='lat' dir='ltr'><strong>ualui</strong></span> <span class='ocrx_word' id='word_1_643' title='bbox 1654 4330 1701 4387; x_wconf 60' lang='grc' dir='ltr'><strong>ιιι</strong></span> <span class='ocrx_word' id='word_1_644' title='bbox 1715 4324 1928 4393; x_wconf 65' lang='grc' dir='ltr'>ιιιῑιιιιιῖὶίιιι</span> 
     </span>
     <span class='ocr_line' id='line_1_48' title="bbox 233 4404 1928 4479; baseline 0.002 -19"><span class='ocrx_word' id='word_1_645' title='bbox 233 4422 353 4479; x_wconf 87' lang='lat' dir='ltr'><strong>sponsae</strong></span> <span class='ocrx_word' id='word_1_646' title='bbox 372 4422 428 4461; x_wconf 93' lang='lat' dir='ltr'><strong>non</strong></span> <span class='ocrx_word' id='word_1_647' title='bbox 446 4404 554 4461; x_wconf 87' lang='lat' dir='ltr'><strong>faceret</strong></span> <span class='ocrx_word' id='word_1_648' title='bbox 571 4404 701 4477; x_wconf 88' lang='lat' dir='ltr'><strong>injuriam</strong></span> <span class='ocrx_word' id='word_1_649' title='bbox 721 4406 771 4475; x_wconf 91' lang='lat' dir='ltr'><strong>(de</strong></span> <span class='ocrx_word' id='word_1_650' title='bbox 789 4423 844 4478; x_wconf 90' lang='lat' dir='ltr'><strong>quo</strong></span> <span class='ocrx_word' id='word_1_651' title='bbox 861 4412 954 4464; x_wconf 88' lang='lat' dir='ltr'><strong>tamen</strong></span> <span class='ocrx_word' id='word_1_652' title='bbox 971 4412 1069 4468; x_wconf 87' lang='lat' dir='ltr'><strong>merito</strong></span> <span class='ocrx_word' id='word_1_653' title='bbox 1095 4423 1163 4463; x_wconf 74' lang='lat' dir='ltr'><strong>erra.</strong></span> <span class='ocrx_word' id='word_1_654' title='bbox 1200 4404 1299 4478; x_wconf 85' lang='lat' dir='ltr'><strong>Neque</strong></span> <span class='ocrx_word' id='word_1_655' title='bbox 1317 4424 1382 4463; x_wconf 83' lang='lat' dir='ltr'><strong>vero</strong></span> <span class='ocrx_word' id='word_1_656' title='bbox 1403 4407 1590 4464; x_wconf 84' lang='lat' dir='ltr'><strong>necessarium</strong></span> <span class='ocrx_word' id='word_1_657' title='bbox 1604 4408 1805 4479; x_wconf 87' lang='lat' dir='ltr'><strong>judicandum,</strong></span> <span class='ocrx_word' id='word_1_658' title='bbox 1824 4426 1928 4466; x_wconf 83' lang='lat' dir='ltr'><strong>memes</strong></span> 
     </span>
     <span class='ocr_line' id='line_1_49' title="bbox 234 4491 1929 4567; baseline 0.002 -19"><span class='ocrx_word' id='word_1_659' title='bbox 234 4492 393 4561; x_wconf 87' lang='lat' dir='ltr'><strong>dubitatur,</strong></span> <span class='ocrx_word' id='word_1_660' title='bbox 418 4507 484 4546; x_wconf 93' lang='lat' dir='ltr'><strong>cum</strong></span> <span class='ocrx_word' id='word_1_661' title='bbox 507 4507 609 4561; x_wconf 90' lang='lat' dir='ltr'><strong>sponsa</strong></span> <span class='ocrx_word' id='word_1_662' title='bbox 632 4491 755 4546; x_wconf 90' lang='lat' dir='ltr'><strong>nondum</strong></span> <span class='ocrx_word' id='word_1_663' title='bbox 772 4492 875 4548; x_wconf 88' lang='lat' dir='ltr'><strong>debeat</strong></span> <span class='ocrx_word' id='word_1_664' title='bbox 893 4513 994 4567; x_wconf 90' lang='lat' dir='ltr'><strong>sponso</strong></span> <span class='ocrx_word' id='word_1_665' title='bbox 1012 4515 1069 4553; x_wconf 89' lang='lat' dir='ltr'><strong>ma·</strong></span> <span class='ocrx_word' id='word_1_666' title='bbox 1098 4498 1204 4563; x_wconf 83' lang='lat' dir='ltr'><strong>septem</strong></span> <span class='ocrx_word' id='word_1_667' title='bbox 1225 4493 1359 4564; x_wconf 88' lang='lat' dir='ltr'><strong>compleri</strong></span> <span class='ocrx_word' id='word_1_668' title='bbox 1379 4493 1509 4564; x_wconf 86' lang='lat' dir='ltr'><strong>integros,</strong></span> <span class='ocrx_word' id='word_1_669' title='bbox 1537 4493 1587 4548; x_wconf 91' lang='lat' dir='ltr'><strong>sed</strong></span> <span class='ocrx_word' id='word_1_670' title='bbox 1607 4492 1711 4548; x_wconf 83' lang='lat' dir='ltr'><strong>sufficit</strong></span> <span class='ocrx_word' id='word_1_671' title='bbox 1728 4494 1813 4550; x_wconf 72' lang='lat' dir='ltr'><strong>edam</strong></span> <span class='ocrx_word' id='word_1_672' title='bbox 1830 4495 1929 4552; x_wconf 89' lang='lat' dir='ltr'><strong>mensis</strong></span> 
     </span>
     <span class='ocr_line' id='line_1_50' title="bbox 233 4575 1929 4650; baseline 0.004 -17"><span class='ocrx_word' id='word_1_673' title='bbox 233 4578 342 4635; x_wconf 87' lang='lat' dir='ltr'><strong>ritalam</strong></span> <span class='ocrx_word' id='word_1_674' title='bbox 364 4575 463 4650; x_wconf 75' lang='grc' dir='ltr'>χάριν,</span> <span class='ocrx_word' id='word_1_675' title='bbox 495 4593 615 4649; x_wconf 86' lang='lat' dir='ltr'><strong>cumque</strong></span> <span class='ocrx_word' id='word_1_676' title='bbox 638 4578 754 4634; x_wconf 91' lang='lat' dir='ltr'><strong>honesta</strong></span> <span class='ocrx_word' id='word_1_677' title='bbox 780 4579 868 4650; x_wconf 90' lang='lat' dir='ltr'><strong>ipsius</strong></span> <span class='ocrx_word' id='word_1_678' title='bbox 885 4580 960 4638; x_wconf 86' lang='lat' dir='ltr'><strong>fama</strong></span> <span class='ocrx_word' id='word_1_679' title='bbox 981 4584 1069 4641; x_wconf 82' lang='lat' dir='ltr'><strong>isthac</strong></span> <span class='ocrx_word' id='word_1_680' title='bbox 1095 4578 1207 4650; x_wconf 89' lang='lat' dir='ltr'><strong>septimi</strong></span> <span class='ocrx_word' id='word_1_681' title='bbox 1226 4578 1343 4648; x_wconf 90' lang='lat' dir='ltr'><strong>initium,</strong></span> <span class='ocrx_word' id='word_1_682' title='bbox 1361 4583 1394 4633; x_wconf 92' lang='lat' dir='ltr'><strong>ut</strong></span> <span class='ocrx_word' id='word_1_683' title='bbox 1411 4578 1551 4649; x_wconf 79' lang='lat' dir='ltr'><strong>colligitur</strong></span> <span class='ocrx_word' id='word_1_684' title='bbox 1571 4596 1605 4634; x_wconf 88' lang='lat' dir='ltr'><strong>ex</strong></span> <span class='ocrx_word' id='word_1_685' title='bbox 1623 4579 1641 4634; x_wconf 81' lang='lat' dir='ltr'><strong>t</strong></span> <span class='ocrx_word' id='word_1_686' title='bbox 1657 4580 1796 4636; x_wconf 84' lang='lat' dir='ltr'><strong>Intestato</strong></span> <span class='ocrx_word' id='word_1_687' title='bbox 1814 4587 1838 4638; x_wconf 81' lang='lat'><strong>3.</strong></span> <span class='ocrx_word' id='word_1_688' title='bbox 1856 4581 1929 4639; x_wconf 82' lang='lat' dir='ltr'><strong>final.</strong></span> 
     </span>
     <span class='ocr_line' id='line_1_51' title="bbox 233 4663 1929 4738; baseline 0 -16"><span class='ocrx_word' id='word_1_689' title='bbox 233 4664 425 4722; x_wconf 83' lang='lat' dir='ltr'><strong>commixtione</strong></span> <span class='ocrx_word' id='word_1_690' title='bbox 445 4663 568 4737; x_wconf 85' lang='lat' dir='ltr'><strong>graviter</strong></span> <span class='ocrx_word' id='word_1_691' title='bbox 580 4663 726 4734; x_wconf 85' lang='lat' dir='ltr'><strong>laedetur),</strong></span> <span class='ocrx_word' id='word_1_692' title='bbox 744 4665 847 4737; x_wconf 89' lang='lat' dir='ltr'><strong>injuria</strong></span> <span class='ocrx_word' id='word_1_693' title='bbox 870 4672 964 4726; x_wconf 85' lang='lat' dir='ltr'><strong>tamen</strong></span> <span class='ocrx_word' id='word_1_694' title='bbox 982 4670 1070 4726; x_wconf 86' lang='lat' dir='ltr'><strong>afficit</strong></span> <span class='ocrx_word' id='word_1_695' title='bbox 1095 4665 1126 4721; x_wconf 83' lang='lat' dir='ltr'><strong>ff.</strong></span> <span class='ocrx_word' id='word_1_696' title='bbox 1145 4665 1180 4720; x_wconf 93' lang='lat' dir='ltr'><strong>de</strong></span> <span class='ocrx_word' id='word_1_697' title='bbox 1199 4665 1256 4720; x_wconf 88' lang='lat' dir='ltr'><strong>suis</strong></span> <span class='ocrx_word' id='word_1_698' title='bbox 1275 4668 1304 4720; x_wconf 89' lang='lat' dir='ltr'><strong>et</strong></span> <span class='ocrx_word' id='word_1_699' title='bbox 1322 4664 1453 4736; x_wconf 88' lang='lat' dir='ltr'><strong>legitimis</strong></span> <span class='ocrx_word' id='word_1_700' title='bbox 1465 4664 1581 4721; x_wconf 76' lang='lat' dir='ltr'><strong>heredit.</strong></span> <span class='ocrx_word' id='word_1_701' title='bbox 1615 4665 1659 4722; x_wconf 92' lang='lat' dir='ltr'><strong>De</strong></span> <span class='ocrx_word' id='word_1_702' title='bbox 1673 4667 1829 4721; x_wconf 78' lang='lat' dir='ltr'><strong>catimcetri</strong></span> <span class='ocrx_word' id='word_1_703' title='bbox 1842 4676 1929 4738; x_wconf 85' lang='lat' dir='ltr'><strong>parta</strong></span> 
     </span>
     <span class='ocr_line' id='line_1_52' title="bbox 234 4749 1927 4830; baseline 0.001 -22"><span class='ocrx_word' id='word_1_704' title='bbox 234 4751 386 4822; x_wconf 77' lang='lat' dir='ltr'><strong>molesiam,</strong></span> <span class='ocrx_word' id='word_1_705' title='bbox 398 4752 479 4824; x_wconf 87' lang='lat' dir='ltr'><strong>cujus</strong></span> <span class='ocrx_word' id='word_1_706' title='bbox 491 4749 705 4806; x_wconf 89' lang='lat' dir='ltr'><strong>constitutiones</strong></span> <span class='ocrx_word' id='word_1_707' title='bbox 718 4757 846 4822; x_wconf 87' lang='lat' dir='ltr'><strong>pmterre</strong></span> <span class='ocrx_word' id='word_1_708' title='bbox 858 4757 1069 4830; x_wconf 80' lang='lat' dir='ltr'><strong>transgreditur,</strong></span> <span class='ocrx_word' id='word_1_709' title='bbox 1096 4753 1185 4823; x_wconf 89' lang='lat' dir='ltr'><strong>major</strong></span> <span class='ocrx_word' id='word_1_710' title='bbox 1204 4750 1353 4806; x_wconf 87' lang='lat' dir='ltr'><strong>difficultas</strong></span> <span class='ocrx_word' id='word_1_711' title='bbox 1375 4756 1424 4806; x_wconf 84' lang='lat' dir='ltr'><strong>est</strong></span> <span class='ocrx_word' id='word_1_712' title='bbox 1460 4750 1645 4823; x_wconf 88' lang='lat' dir='ltr'><strong>Hippocrates</strong></span> <span class='ocrx_word' id='word_1_713' title='bbox 1663 4752 1693 4806; x_wconf 93' lang='lat' dir='ltr'><strong>in</strong></span> <span class='ocrx_word' id='word_1_714' title='bbox 1710 4751 1784 4809; x_wconf 89' lang='lat' dir='ltr'><strong>libro</strong></span> <span class='ocrx_word' id='word_1_715' title='bbox 1801 4752 1838 4810; x_wconf 92' lang='lat' dir='ltr'><strong>de</strong></span> <span class='ocrx_word' id='word_1_716' title='bbox 1856 4754 1927 4825; x_wconf 90' lang='lat' dir='ltr'><strong>prin·</strong></span> 
     </span>
     <span class='ocr_line' id='line_1_53' title="bbox 233 4835 1928 4915; baseline 0.001 -22"><span class='ocrx_word' id='word_1_717' title='bbox 233 4838 349 4903; x_wconf 92' lang='lat' dir='ltr'><strong>liberos,</strong></span> <span class='ocrx_word' id='word_1_718' title='bbox 377 4854 494 4910; x_wconf 88' lang='lat' dir='ltr'><strong>quorum</strong></span> <span class='ocrx_word' id='word_1_719' title='bbox 519 4837 592 4893; x_wconf 91' lang='lat' dir='ltr'><strong>ortui</strong></span> <span class='ocrx_word' id='word_1_720' title='bbox 618 4837 744 4893; x_wconf 88' lang='lat' dir='ltr'><strong>maculae</strong></span> <span class='ocrx_word' id='word_1_721' title='bbox 763 4845 792 4895; x_wconf 92' lang='lat' dir='ltr'><strong>et</strong></span> <span class='ocrx_word' id='word_1_722' title='bbox 807 4840 879 4897; x_wconf 88' lang='lat' dir='ltr'><strong>labia</strong></span> <span class='ocrx_word' id='word_1_723' title='bbox 897 4843 1004 4915; x_wconf 88' lang='lat' dir='ltr'><strong>aliquid</strong></span> <span class='ocrx_word' id='word_1_724' title='bbox 1021 4845 1068 4900; x_wconf 71' lang='lat' dir='ltr'><strong>ad.</strong></span> <span class='ocrx_word' id='word_1_725' title='bbox 1096 4839 1150 4911; x_wconf 88' lang='lat' dir='ltr'><strong>cip.</strong></span> <span class='ocrx_word' id='word_1_726' title='bbox 1170 4837 1328 4911; x_wconf 63' lang='lat' dir='ltr'><strong>ineptior</strong></span> <span class='ocrx_word' id='word_1_727' title='bbox 1346 4835 1502 4911; x_wconf 73' lang='lat' dir='ltr'><strong>peripteroe</strong></span> <span class='ocrx_word' id='word_1_728' title='bbox 1519 4836 1605 4894; x_wconf 77' lang='lat' dir='ltr'><strong>cridla</strong></span> <span class='ocrx_word' id='word_1_729' title='bbox 1620 4846 1678 4908; x_wconf 76' lang='grc' dir='ltr'>βιοῖ</span> <span class='ocrx_word' id='word_1_730' title='bbox 1692 4837 1814 4909; x_wconf 78' lang='grc' dir='ltr'><strong>πώποτε,</strong></span> <span class='ocrx_word' id='word_1_731' title='bbox 1834 4848 1928 4895; x_wconf 83' lang='lat' dir='ltr'><strong>octauo</strong></span> 
     </span>
     <span class='ocr_line' id='line_1_54' title="bbox 233 4923 1928 4997; baseline 0.002 -18"><span class='ocrx_word' id='word_1_732' title='bbox 233 4923 386 4996; x_wconf 86' lang='lat' dir='ltr'><strong>spergitur,</strong></span> <span class='ocrx_word' id='word_1_733' title='bbox 416 4931 445 4981; x_wconf 88' lang='lat' dir='ltr'><strong>et</strong></span> <span class='ocrx_word' id='word_1_734' title='bbox 463 4941 558 4982; x_wconf 92' lang='lat' dir='ltr'><strong>omnes</strong></span> <span class='ocrx_word' id='word_1_735' title='bbox 576 4924 711 4981; x_wconf 86' lang='lat' dir='ltr'><strong>eeclesiae</strong></span> <span class='ocrx_word' id='word_1_736' title='bbox 729 4941 762 4981; x_wconf 89' lang='lat' dir='ltr'><strong>ac</strong></span> <span class='ocrx_word' id='word_1_737' title='bbox 789 4926 903 4997; x_wconf 91' lang='lat' dir='ltr'><strong>politiae</strong></span> <span class='ocrx_word' id='word_1_738' title='bbox 920 4930 1011 4997; x_wconf 91' lang='lat' dir='ltr'><strong>illius,</strong></span> <span class='ocrx_word' id='word_1_739' title='bbox 1037 4932 1066 4988; x_wconf 92' lang='lat' dir='ltr'><strong>in</strong></span> <span class='ocrx_word' id='word_1_740' title='bbox 1096 4940 1187 4980; x_wconf 82' lang='lat' dir='ltr'><strong>menae</strong></span> <span class='ocrx_word' id='word_1_741' title='bbox 1206 4925 1297 4978; x_wconf 83' lang='lat' dir='ltr'><strong>editae</strong></span> <span class='ocrx_word' id='word_1_742' title='bbox 1316 4924 1412 4979; x_wconf 77' lang='lat' dir='ltr'><strong>mallan</strong></span> <span class='ocrx_word' id='word_1_743' title='bbox 1425 4940 1549 4994; x_wconf 84' lang='lat' dir='ltr'><strong>umquam</strong></span> <span class='ocrx_word' id='word_1_744' title='bbox 1564 4925 1640 4991; x_wconf 86' lang='lat' dir='ltr'><strong>uicit,</strong></span> <span class='ocrx_word' id='word_1_745' title='bbox 1654 4925 1729 4997; x_wconf 89' lang='lat' dir='ltr'><strong>quod</strong></span> <span class='ocrx_word' id='word_1_746' title='bbox 1746 4926 1849 4997; x_wconf 85' lang='lat' dir='ltr'><strong>repetit</strong></span> <span class='ocrx_word' id='word_1_747' title='bbox 1860 4926 1928 4983; x_wconf 87' lang='lat' dir='ltr'><strong>libre</strong></span> 
     </span>
     <span class='ocr_line' id='line_1_55' title="bbox 233 5010 1929 5088; baseline 0.002 -22"><span class='ocrx_word' id='word_1_748' title='bbox 233 5026 290 5083; x_wconf 88' lang='lat' dir='ltr'><strong>qua</strong></span> <span class='ocrx_word' id='word_1_749' title='bbox 312 5010 394 5076; x_wconf 81' lang='lat' dir='ltr'><strong>vivit,</strong></span> <span class='ocrx_word' id='word_1_750' title='bbox 421 5011 511 5076; x_wconf 84' lang='lat' dir='ltr'><strong>cives,</strong></span> <span class='ocrx_word' id='word_1_751' title='bbox 537 5010 639 5083; x_wconf 92' lang='lat' dir='ltr'><strong>quibus</strong></span> <span class='ocrx_word' id='word_1_752' title='bbox 656 5011 818 5068; x_wconf 89' lang='lat' dir='ltr'><strong>scandalum</strong></span> <span class='ocrx_word' id='word_1_753' title='bbox 841 5014 958 5084; x_wconf 90' lang='lat' dir='ltr'><strong>praebet</strong></span> <span class='ocrx_word' id='word_1_754' title='bbox 973 5033 1005 5072; x_wconf 87' lang='lat' dir='ltr'><strong>ac</strong></span> <span class='ocrx_word' id='word_1_755' title='bbox 1021 5019 1066 5088; x_wconf 86' lang='lat' dir='ltr'><strong>jn·</strong></span> <span class='ocrx_word' id='word_1_756' title='bbox 1096 5012 1132 5068; x_wconf 92' lang='lat' dir='ltr'><strong>de</strong></span> <span class='ocrx_word' id='word_1_757' title='bbox 1157 5015 1227 5082; x_wconf 85' lang='lat' dir='ltr'><strong>part.</strong></span> <span class='ocrx_word' id='word_1_758' title='bbox 1254 5010 1404 5067; x_wconf 87' lang='lat' dir='ltr'><strong>octimestr.</strong></span> <span class='ocrx_word' id='word_1_759' title='bbox 1431 5010 1481 5067; x_wconf 91' lang='lat' dir='ltr'><strong>sed</strong></span> <span class='ocrx_word' id='word_1_760' title='bbox 1508 5010 1538 5065; x_wconf 93' lang='lat' dir='ltr'><strong>in</strong></span> <span class='ocrx_word' id='word_1_761' title='bbox 1567 5011 1714 5083; x_wconf 84' lang='lat' dir='ltr'><strong>Aegypto,</strong></span> <span class='ocrx_word' id='word_1_762' title='bbox 1746 5010 1796 5066; x_wconf 88' lang='lat' dir='ltr'><strong>nbi</strong></span> <span class='ocrx_word' id='word_1_763' title='bbox 1821 5011 1929 5069; x_wconf 90' lang='lat' dir='ltr'><strong>foetifer</strong></span> 
     </span>
     <span class='ocr_line' id='line_1_56' title="bbox 232 5095 1929 5169; baseline 0.001 -15"><span class='ocrx_word' id='word_1_764' title='bbox 232 5096 354 5154; x_wconf 84' lang='lat' dir='ltr'><strong>reututis</strong></span> <span class='ocrx_word' id='word_1_765' title='bbox 396 5096 546 5153; x_wconf 87' lang='lat' dir='ltr'><strong>indomitae</strong></span> <span class='ocrx_word' id='word_1_766' title='bbox 591 5096 776 5169; x_wconf 87' lang='lat' dir='ltr'><strong>petulantiam</strong></span> <span class='ocrx_word' id='word_1_767' title='bbox 810 5099 963 5157; x_wconf 88' lang='lat' dir='ltr'><strong>confirmat.</strong></span> <span class='ocrx_word' id='word_1_768' title='bbox 1016 5104 1069 5161; x_wconf 85' lang='lat' dir='ltr'><strong>lus</strong></span> <span class='ocrx_word' id='word_1_769' title='bbox 1095 5098 1185 5162; x_wconf 87' lang='lat' dir='ltr'><strong>Nilus,</strong></span> <span class='ocrx_word' id='word_1_770' title='bbox 1203 5102 1232 5152; x_wconf 92' lang='lat' dir='ltr'><strong>et</strong></span> <span class='ocrx_word' id='word_1_771' title='bbox 1251 5097 1280 5151; x_wconf 94' lang='lat' dir='ltr'><strong>in</strong></span> <span class='ocrx_word' id='word_1_772' title='bbox 1298 5096 1435 5169; x_wconf 85' lang='lat' dir='ltr'><strong>Hispania</strong></span> <span class='ocrx_word' id='word_1_773' title='bbox 1448 5097 1484 5153; x_wconf 95' lang='lat' dir='ltr'><strong>ob</strong></span> <span class='ocrx_word' id='word_1_774' title='bbox 1501 5097 1629 5168; x_wconf 87' lang='lat' dir='ltr'><strong>pariendi</strong></span> <span class='ocrx_word' id='word_1_775' title='bbox 1643 5095 1807 5154; x_wconf 80' lang='lat' dir='ltr'><strong>facilitatem</strong></span> <span class='ocrx_word' id='word_1_776' title='bbox 1824 5099 1929 5157; x_wconf 86' lang='lat' dir='ltr'><strong>etcoeli</strong></span> 
     </span>
     <span class='ocr_line' id='line_1_57' title="bbox 234 5181 1929 5258; baseline -0.001 -15"><span class='ocrx_word' id='word_1_777' title='bbox 234 5181 402 5243; x_wconf 74' lang='grc' dir='ltr'>Βιιοιιιοιιιιι</span> <span class='ocrx_word' id='word_1_778' title='bbox 418 5182 481 5238; x_wconf 88' lang='lat' dir='ltr'><strong>libr.</strong></span> <span class='ocrx_word' id='word_1_779' title='bbox 504 5190 526 5239; x_wconf 91' lang='lat' dir='ltr'><strong>l.</strong></span> <span class='ocrx_word' id='word_1_780' title='bbox 548 5189 599 5240; x_wconf 89' lang='lat' dir='ltr'><strong>art.</strong></span> <span class='ocrx_word' id='word_1_781' title='bbox 619 5189 667 5241; x_wconf 72' lang='grc' dir='ltr'><strong>ιιι</strong></span> <span class='ocrx_word' id='word_1_782' title='bbox 688 5185 723 5240; x_wconf 77' lang='lat' dir='ltr'><strong>Si</strong></span> <span class='ocrx_word' id='word_1_783' title='bbox 734 5186 870 5240; x_wconf 59' lang='lat' dir='ltr'><strong>mauram</strong></span> <span class='ocrx_word' id='word_1_784' title='bbox 885 5188 988 5243; x_wconf 81' lang='lat' dir='ltr'><strong>mulier</strong></span> <span class='ocrx_word' id='word_1_785' title='bbox 1003 5198 1069 5244; x_wconf 82' lang='lat' dir='ltr'><strong>autc</strong></span> <span class='ocrx_word' id='word_1_786' title='bbox 1096 5202 1128 5240; x_wconf 85' lang='lat' dir='ltr'><strong>ac</strong></span> <span class='ocrx_word' id='word_1_787' title='bbox 1150 5183 1201 5240; x_wconf 91' lang='lat' dir='ltr'><strong>soli</strong></span> <span class='ocrx_word' id='word_1_788' title='bbox 1218 5183 1393 5240; x_wconf 84' lang='lat' dir='ltr'><strong>clementiam</strong></span> <span class='ocrx_word' id='word_1_789' title='bbox 1411 5184 1576 5241; x_wconf 83' lang='lat' dir='ltr'><strong>cctimestris</strong></span> <span class='ocrx_word' id='word_1_790' title='bbox 1599 5184 1708 5258; x_wconf 92' lang='lat' dir='ltr'><strong>aliquos</strong></span> <span class='ocrx_word' id='word_1_791' title='bbox 1725 5185 1806 5240; x_wconf 90' lang='lat' dir='ltr'><strong>nasci</strong></span> <span class='ocrx_word' id='word_1_792' title='bbox 1823 5186 1929 5255; x_wconf 79' lang='lat' dir='ltr'><strong>uitales,</strong></span> 
     </span>
     <span class='ocr_line' id='line_1_58' title="bbox 234 5269 1930 5345; baseline 0.002 -20"><span class='ocrx_word' id='word_1_793' title='bbox 234 5269 353 5341; x_wconf 70' lang='lat' dir='ltr'><strong>desiria</strong></span> <span class='ocrx_word' id='word_1_794' title='bbox 370 5275 497 5340; x_wconf 74' lang='lat' dir='ltr'><strong>impera</strong></span> <span class='ocrx_word' id='word_1_795' title='bbox 517 5271 654 5325; x_wconf 78' lang='lat' dir='ltr'><strong>materiae</strong></span> <span class='ocrx_word' id='word_1_796' title='bbox 668 5272 779 5340; x_wconf 81' lang='lat' dir='ltr'><strong>prolem</strong></span> <span class='ocrx_word' id='word_1_797' title='bbox 805 5274 946 5342; x_wconf 74' lang='lat' dir='ltr'><strong>parturit,</strong></span> <span class='ocrx_word' id='word_1_798' title='bbox 968 5277 1070 5345; x_wconf 78' lang='lat' dir='ltr'><strong>proice</strong></span> <span class='ocrx_word' id='word_1_799' title='bbox 1095 5271 1174 5326; x_wconf 92' lang='lat' dir='ltr'><strong>multi</strong></span> <span class='ocrx_word' id='word_1_800' title='bbox 1199 5277 1324 5326; x_wconf 86' lang='lat' dir='ltr'><strong>auctores</strong></span> <span class='ocrx_word' id='word_1_801' title='bbox 1343 5269 1454 5342; x_wconf 89' lang='lat' dir='ltr'><strong>probati</strong></span> <span class='ocrx_word' id='word_1_802' title='bbox 1471 5271 1654 5327; x_wconf 85' lang='lat' dir='ltr'><strong>tradiderunt</strong></span> <span class='ocrx_word' id='word_1_803' title='bbox 1708 5271 1843 5336; x_wconf 81' lang='lat' dir='ltr'><strong>Quamvis</strong></span> <span class='ocrx_word' id='word_1_804' title='bbox 1866 5289 1930 5330; x_wconf 86' lang='lat' dir='ltr'><strong>vem</strong></span> 
     </span>
     <span class='ocr_line' id='line_1_59' title="bbox 233 5356 1931 5430; baseline 0.003 -19"><span class='ocrx_word' id='word_1_805' title='bbox 233 5356 399 5429; x_wconf 79' lang='lat' dir='ltr'><strong>hujusmodi</strong></span> <span class='ocrx_word' id='word_1_806' title='bbox 405 5356 436 5412; x_wconf 86' lang='lat' dir='ltr'><strong>im</strong></span> <span class='ocrx_word' id='word_1_807' title='bbox 446 5357 573 5425; x_wconf 74' lang='lat' dir='ltr'><strong>istrorum</strong></span> <span class='ocrx_word' id='word_1_808' title='bbox 586 5357 731 5429; x_wconf 82' lang='lat' dir='ltr'><strong>increpari</strong></span> <span class='ocrx_word' id='word_1_809' title='bbox 740 5367 842 5430; x_wconf 87' lang='lat' dir='ltr'><strong>potest.</strong></span> <span class='ocrx_word' id='word_1_810' title='bbox 872 5364 897 5416; x_wconf 75' lang='lat'><strong>5.</strong></span> <span class='ocrx_word' id='word_1_811' title='bbox 917 5357 1068 5430; x_wconf 83' lang='lat' dir='ltr'><strong>Copulatio</strong></span> <span class='ocrx_word' id='word_1_812' title='bbox 1095 5356 1260 5428; x_wconf 83' lang='lat' dir='ltr'><strong>regulariter</strong></span> <span class='ocrx_word' id='word_1_813' title='bbox 1280 5356 1450 5412; x_wconf 85' lang='lat' dir='ltr'><strong>octimestrea</strong></span> <span class='ocrx_word' id='word_1_814' title='bbox 1470 5363 1567 5427; x_wconf 88' lang='lat' dir='ltr'><strong>partus</strong></span> <span class='ocrx_word' id='word_1_815' title='bbox 1586 5374 1642 5412; x_wconf 92' lang='lat' dir='ltr'><strong>non</strong></span> <span class='ocrx_word' id='word_1_816' title='bbox 1660 5358 1716 5414; x_wconf 88' lang='lat' dir='ltr'><strong>sint</strong></span> <span class='ocrx_word' id='word_1_817' title='bbox 1734 5358 1850 5430; x_wconf 83' lang='lat' dir='ltr'><strong>vitales,</strong></span> <span class='ocrx_word' id='word_1_818' title='bbox 1875 5376 1931 5416; x_wconf 88' lang='lat' dir='ltr'><strong>non</strong></span> 
     </span>
     <span class='ocr_line' id='line_1_60' title="bbox 229 5440 1930 5517; baseline 0.003 -19"><span class='ocrx_word' id='word_1_819' title='bbox 229 5445 348 5517; x_wconf 77' lang='lat' dir='ltr'><strong>publica</strong></span> <span class='ocrx_word' id='word_1_820' title='bbox 366 5452 407 5501; x_wconf 82' lang='lat' dir='ltr'><strong>eat</strong></span> <span class='ocrx_word' id='word_1_821' title='bbox 423 5460 470 5499; x_wconf 87' lang='lat' dir='ltr'><strong>res</strong></span> <span class='ocrx_word' id='word_1_822' title='bbox 490 5459 565 5499; x_wconf 83' lang='lat' dir='ltr'><strong>marc</strong></span> <span class='ocrx_word' id='word_1_823' title='bbox 584 5444 760 5513; x_wconf 72' lang='lat' dir='ltr'><strong>aetiopiam,</strong></span> <span class='ocrx_word' id='word_1_824' title='bbox 788 5447 818 5499; x_wconf 83' lang='lat' dir='ltr'><strong>iu</strong></span> <span class='ocrx_word' id='word_1_825' title='bbox 836 5448 919 5502; x_wconf 84' lang='lat' dir='ltr'><strong>uerbo</strong></span> <span class='ocrx_word' id='word_1_826' title='bbox 941 5449 1001 5503; x_wconf 82' lang='lat' dir='ltr'><strong>Dei</strong></span> <span class='ocrx_word' id='word_1_827' title='bbox 1017 5466 1067 5504; x_wconf 85' lang='lat' dir='ltr'><strong>acc</strong></span> <span class='ocrx_word' id='word_1_828' title='bbox 1096 5442 1235 5499; x_wconf 84' lang='lat' dir='ltr'><strong>tamenab</strong></span> <span class='ocrx_word' id='word_1_829' title='bbox 1251 5442 1280 5497; x_wconf 94' lang='lat' dir='ltr'><strong>id</strong></span> <span class='ocrx_word' id='word_1_830' title='bbox 1296 5459 1349 5514; x_wconf 89' lang='lat' dir='ltr'><strong>pro</strong></span> <span class='ocrx_word' id='word_1_831' title='bbox 1365 5440 1517 5514; x_wconf 88' lang='lat' dir='ltr'><strong>illegitimis</strong></span> <span class='ocrx_word' id='word_1_832' title='bbox 1534 5442 1656 5498; x_wconf 91' lang='lat' dir='ltr'><strong>habendi</strong></span> <span class='ocrx_word' id='word_1_833' title='bbox 1670 5449 1820 5516; x_wconf 61' lang='lat' dir='ltr'><strong>santonus</strong></span> <span class='ocrx_word' id='word_1_834' title='bbox 1831 5454 1930 5517; x_wconf 86' lang='lat' dir='ltr'><strong>partus</strong></span> 
     </span>
    </p>
   </div>
   <div class='ocr_carea' id='block_1_4' title="bbox 0 0 2014 6020">
    <p class='ocr_par' dir='ltr' id='par_1_4' title="bbox 0 0 2014 6020">
     <span class='ocr_line' id='line_1_61' title="bbox 0 0 2014 6020; baseline 0 0"><span class='ocrx_word' id='word_1_835' title='bbox 0 0 2014 6020; x_wconf 95' lang='lat' dir='ltr'><strong> </strong></span> 
     </span>
    </p>
   </div>
  </div>
 </body>
</html>
