4020 6022
204 236 264 296 tto
784 226 907 287 Locus
923 224 1129 286 uouemus
1147 227 1316 297 QUINTUS

204 388 353 461 conjugem
370 404 404 444 sc
423 405 491 445 uxor
504 386 633 444 doeercns
648 385 778 441 maritum
795 401 852 439 non
865 382 924 455 agit
941 397 1037 438 curam
1063 388 1222 455 tentamur,
1251 384 1321 441 adeo
1346 388 1380 440 ut
1402 384 1485 442 etiam
1508 384 1545 440 ab
1564 383 1683 441 ecclesia
1710 379 1828 456 publice
1843 394 1897 434 eor·

205 493 318 532 suorum
338 475 561 544 domesticorum,
590 490 657 545 ergo
674 472 758 529 fidem
783 470 935 543 abnegavit
953 475 981 524 et
997 468 1038 523 in·
1063 471 1116 543 ripi
1148 477 1176 528 et
1206 470 1290 527 officii
1319 471 1362 527 sui
1382 472 1524 529 admoneri
1550 469 1742 535 consueverit,
1770 467 1813 523 uti
1831 465 1898 521 infra

205 562 280 618 fideli
302 568 345 618 est
368 560 494 616 deterior.
546 559 650 625 Quodsi
679 575 746 631 ergo
766 558 830 612 talis
849 557 973 612 desertor
989 554 1039 610 de·
1063 557 1172 629 plenius
1199 558 1408 630 explicabimus.
1458 558 1564 623 Quodsi
1590 574 1658 629 ergo
1683 554 1897 612 ecclesiasticam

206 649 291 705 terior
315 653 358 704 est
380 646 502 712 infideli,
532 663 589 702 uon
611 647 702 700 miuus
725 650 839 716 propter
863 642 1039 713 illiusquam
1064 644 1142 700 illam
1161 661 1306 701 censuram
1323 645 1516 714 contemserit,
1545 646 1626 716 juxta
1643 642 1752 700 christi
1771 640 1897 712 [regulam

207 735 325 791 infidelis
355 733 537 789 desertionem
566 733 640 804 parti
667 730 807 787 innocenti
831 730 957 785 desertae
975 742 1040 782 con·
1064 737 1096 787 nt
1113 733 1236 787 ababa,
1255 740 1281 786 er
1294 733 1475 802 partiemur,
1491 733 1618 803 adeoque
1635 737 1668 786 ue
1686 729 1824 801 infidae,
1852 728 1898 783 erit

207 821 351 879 sulendum
369 822 430 877 erit
461 819 593 885 Quamvis
612 818 685 873 enim
702 816 873 889 professione
886 814 1039 870 malitiosus
1065 817 1219 873 habendus.
1253 818 1412 887 Matth,18‚
1432 836 1458 872 v.
1481 824 1522 875 17,
1558 821 1585 872 3,
1607 818 1655 872 Ee
1673 817 1897 871 consideratione

208 910 329 965 desertor
347 907 419 963 forte
437 892 557 962 infidelis
575 923 631 960 non
650 906 701 974 sit,
725 910 818 959 umen
842 904 902 974 ipso
920 901 995 956 facto
1012 906 1155 1001 etptertns
1185 905 1341 976 apostolici.
1392 904 1422 961 Si
1452 910 1582 960 accurate
1609 903 1805 959 consideretur
1838 917 1897 973 apo·

206 1013 288 1067 opere
316 993 436 1049 infidelis
467 997 522 1062 est,
552 992 606 1048 imo
635 990 752 1063 perfidia
769 1007 820 1045 sna
847 987 1178 1123 infidelitatempstolieus
1194 995 1296 1055 textus,
1325 989 1484 1061 apparebit,
1514 1007 1627 1046 causam
1643 988 1822 1046 liberationis
1840 1005 1898 1043 con·

207 1086 335 1154 superat,
353 1079 427 1135 idem
448 1096 514 1151 ergo
531 1081 578 1150 jus
598 1079 627 1133 in
655 1095 718 1133 eum
738 1078 934 1145 statuendum,
965 1074 1040 1147 quod
1062 1077 1141 1148 jugis
1160 1077 1249 1133 fidelis
1268 1075 1304 1132 ab
1323 1076 1443 1133 infidelis
1461 1077 1594 1132 servitute
1619 1091 1800 1148 nequaquam
1818 1074 1897 1129 statui

206 1170 234 1223 in
268 1184 414 1240 personam
452 1165 622 1237 professione
657 1163 796 1220 infidelem
825 1163 971 1231 statuitur,
1007 1177 1040 1216 ac
1066 1164 1260 1225 infidelitatem
1289 1164 1473 1230 decedentis,
1500 1163 1585 1235 (quod
1603 1162 1798 1219 rBellarminus
1816 1160 1898 1231 suspi-

207 1255 341 1310 terminus
375 1255 501 1319 infidelis
531 1253 559 1307 in
590 1258 667 1308 textu
695 1250 845 1323 apostolico
876 1247 1042 1322 generaliter
1068 1255 1148 1306 catur
1166 1249 1214 1306 lib.
1233 1250 1269 1304 de
1286 1251 1403 1305 matrim.
1422 1268 1445 1306 c.
1468 1253 1519 1317 12.)
1539 1250 1726 1321 sedinfidelr's
1742 1249 1943 1316 ‹discusunm

208 1340 402 1412 accipiendus,
434 1347 465 1394 ut
482 1357 537 1393 nou
555 1344 662 1394 tantum
682 1337 868 1410 professione,
892 1334 1041 1391 sedetiam
1068 1337 1178 1392 Etenim
1209 1336 1232 1390 si
1261 1335 1410 1391 infidelitas
1439 1342 1512 1391 esset
1543 1352 1641 1404 causa,
1677 1341 1802 1406 propter.
1821 1349 1899 1406 quam

208 1443 290 1500 opere
316 1432 344 1482 et
374 1425 448 1482 facto
478 1424 617 1481 infidelem
647 1425 853 1496 complectatur.
904 1421 1043 1493 conjungi
1069 1424 1159 1479 fidelis
1189 1440 1207 1479 a
1247 1425 1379 1480 servitute
1409 1424 1537 1496 conjugis
1571 1422 1692 1479 infidelis
1729 1422 1900 1489 liberaretur,

208 1519 300 1588 potest
317 1504 423 1568 dicturis
442 1511 624 1584 apostolicum
635 1510 690 1565 Tit
713 1516 735 1575 1,
755 1527 780 1564 v.
796 1515 842 1565 16:
862 1511 1042 1576 Confitentur,
1068 1512 1210 1584 apostolus
1228 1528 1404 1585 nequaquam
1421 1511 1601 1583 permitteret,
1626 1509 1739 1566 fidelem
1757 1511 1900 1581 conjugem

207 1618 237 1656 se
256 1617 337 1655 nosse
358 1600 461 1663 Deum,
472 1599 567 1667 sactis
583 1604 677 1651 antem
693 1603 805 1667 negant.
834 1600 860 1654 2.
881 1599 928 1650 Ee
944 1593 1043 1648 simili·
1069 1617 1132 1654 eum
1162 1599 1265 1654 infideli
1290 1598 1459 1655 cohabitare.
1501 1597 1567 1653 ,lam
1595 1612 1662 1653 vero
1675 1597 1791 1653 disertis
1814 1596 1900 1651 verbis

208 1689 305 1742 tudine
320 1687 405 1752 fecti.
436 1684 497 1739 Etsi
517 1685 546 1738 in
566 1685 659 1738 censis
677 1689 719 1739 est
736 1682 873 1755 quaedam
887 1682 1046 1750 diversitas,
1071 1686 1098 1741 id
1117 1685 1244 1741 concedit
1261 1702 1286 1741 v.
1308 1691 1348 1740 12.
1369 1691 1397 1739 et
1417 1691 1455 1740 1³.
1500 1684 1575 1756 Ergo
1594 1682 1747 1738 infidelitas
1773 1683 1804 1738 in
1825 1700 1856 1739 se
1872 1699 1901 1737 sc

209 1773 319 1847 quando
338 1771 457 1828 infidelis
476 1775 590 1842 propter
615 1768 788 1825 Christianae
811 1768 954 1842 religionis
981 1784 1044 1840 pro·
1070 1788 1120 1843 per
1138 1788 1168 1826 ee
1186 1772 1374 1839 considerata,
1403 1770 1456 1826 nisi
1480 1770 1618 1825 malitiosa
1639 1769 1763 1825 desertio
1787 1771 1814 1824 ai
1841 1788 1900 1826 eon·

208 1861 356 1916 fessioncm
382 1857 542 1914 Satanicum
566 1856 660 1912 odium
684 1855 817 1910 adversus
841 1854 952 1911 fidelem
978 1871 1042 1911 con·
1054 1890 1058 1923 ι
1065 1861 1210 1930 jungatur,
1228 1874 1284 1913 non
1297 1863 1339 1913 est
1359 1855 1528 1912 causaillius
1545 1856 1724 1927 liberationis,
1744 1857 1795 1913 sed
1814 1859 1901 1929 potius

209 1947 277 2019 cipit
303 1945 455 2015 eodemque
480 1943 616 2014 impulsus
633 1944 782 2014 conjugem
807 1941 911 1998 nefarie
932 1928 1208 2011 deserit,lmalitiosa
1233 1946 1370 2013 desertio,
1400 1960 1473 2015 quae
1497 1948 1539 1998 est
1557 1959 1589 1998 ac
1613 1950 1708 1999 manet
1725 1944 1827 2000 eadem
1849 1944 1901 1999 sire

210 2040 239 2089 et
258 2032 368 2104 quando
387 2030 541 2086 malitiosus
561 2028 686 2086 desertor
704 2047 760 2084 uon
778 2029 889 2101 quidem
908 2028 944 2085 ob
963 2028 1042 2084 Chri·
1070 2050 1189 2105 persona
1214 2030 1383 2103 professione
1409 2031 1446 2086 sit
1470 2029 1568 2099 fidelis,
1594 2030 1653 2086 sivo
1674 2029 1813 2101 infidelis,
1844 2048 1900 2086 cum

211 2121 318 2176 stianas
339 2116 480 2189 religionis
496 2115 702 2187 professionem,
721 2116 769 2170 sed
790 2117 826 2171 ob
851 2132 950 2171 causas
974 2115 1043 2171 alias
1070 2135 1204 2191 personae
1222 2119 1371 2192 qualitates
1389 2118 1525 2174 actionem
1544 2135 1600 2172 non
1618 2117 1735 2187 varient,
1755 2117 1779 2172 si
1799 2118 1900 2174 ratione

212 2208 308 2265 odium
340 2223 373 2261 ac
404 2204 528 2260 medium
548 2203 680 2258 adversus
709 2204 856 2274 conjugem
873 2221 952 2259 suam
979 2220 1044 2258 con·
1071 2207 1186 2263 actionis
1212 2206 1268 2261 sint
1294 2205 1405 2277 penitus
1434 2203 1617 2268 extrinsecae,
1646 2210 1679 2260 ut
1705 2204 1737 2259 in
1760 2205 1816 2261 hoc
1839 2223 1900 2261 casu

212 2295 281 2367 cipit
312 2300 344 2349 et
373 2290 476 2345 vinculi
507 2290 663 2362 conjugalis
695 2289 842 2361 impatiens
872 2289 979 2346 nefaria
1012 2305 1045 2344 ac
1071 2293 1247 2365 conspicitur.
1290 2292 1345 2357 Qui
1362 2291 1434 2347 enim
1454 2293 1602 2364 conjugem
1619 2291 1726 2347 nefarie
1758 2291 1862 2348 deserit
1877 2299 1901 2347 et

212 2378 350 2436 malitiosa
380 2377 546 2433 discessione
577 2376 613 2432 ab
643 2393 674 2432 co
703 2394 733 2432 sc
762 2376 903 2432 exsolvere
922 2376 1045 2448 cogitat,
1073 2381 1182 2436 vinculo
1205 2379 1346 2451 conjugali
1372 2379 1497 2449 disrupto
1516 2395 1534 2433 a
1552 2394 1669 2449 corpore
1682 2395 1733 2434 suo
1754 2381 1900 2452 conjugem

212 2476 304 2523 tamen
337 2466 365 2520 in
396 2465 471 2520 facto
500 2464 560 2535 ipso
579 2468 622 2519 est
640 2463 805 2527 similitudo,
831 2464 885 2517 imo
905 2463 1044 2533 identitas,
1073 2467 1212 2524 abscindit
1230 2482 1346 2538 eamque
1361 2466 1484 2537 corporis
1502 2465 1545 2520 sui
1562 2471 1698 2536 potestate
1717 2467 1831 2539 spoliat,
1849 2486 1900 2523 non

212 2553 329 2624 aequale
348 2552 421 2608 enim
441 2549 608 2622 periculum,
637 2549 752 2622 aequale
776 2549 906 2604 damnum
935 2550 964 2603 in
983 2566 1046 2622 per·
1072 2555 1176 2624 minus,
1208 2554 1262 2608 imo
1280 2554 1369 2625 magis
1388 2558 1487 2624 peccat
1504 2557 1601 2607 contra
1617 2552 1742 2626 conjugii
1765 2554 1855 2627 leges,
1881 2555 1900 2609 si

211 2658 306 2696 sonam
334 2640 470 2694 desertam
486 2637 639 2706 redundat,
671 2637 730 2691 sive
755 2635 791 2692 ob
812 2636 985 2692 Christianae
1003 2655 1044 2692 re·
1072 2640 1242 2713 professione
1272 2640 1309 2694 sit
1327 2638 1501 2695 Christianus
1533 2644 1562 2694 et
1593 2654 1625 2692 cx
1654 2639 1750 2695 taedio
1778 2642 1901 2713 conjugis

211 2726 322 2800 ligiouis
339 2724 545 2796 professionem,
563 2724 622 2777 sive
639 2722 675 2778 ob
686 2740 785 2778 causas
799 2723 868 2778 alias
887 2740 1045 2796 acompare
1072 2727 1131 2783 sinc
1149 2742 1233 2781 causa
1247 2725 1381 2794 discedat,
1401 2724 1523 2797 quamsi
1543 2725 1713 2797 professione
1732 2727 1770 2784 sit
1787 2727 1901 2783 infidelis

212 2832 262 2871 suo
298 2814 449 2869 deseratur.
502 2811 642 2866 Lutherus
669 2811 698 2866 in
729 2810 788 2868 libr.
825 2812 860 2867 de
890 2810 1044 2883 captivitat.
1074 2819 1101 2870 et
1132 2831 1165 2868 ex
1187 2813 1250 2868 odio
1276 2811 1447 2867 Christianae
1475 2812 1616 2885 religionis
1634 2812 1769 2872 discedat.
1819 2820 1843 2872 l.
1861 2816 1901 2870 ar

211 2899 375 2973 Babylonia.
407 2905 474 2956 tom.
502 2897 657 2955 aderens.
691 2896 783 2952 Latin.
802 2897 849 2953 fol.
873 2903 937 2954 281:
967 2900 1044 2970 Apo·
1072 2902 1227 2977 monifestp
1247 2899 1406 2972 suspicione
1426 2899 1572 2954 adulterii.
1624 2900 1767 2955 Malitiosa
1790 2900 1841 2957 illa
1861 2901 1901 2957 de-

211 2989 299 3044 stolus
330 2988 518 3040 discedentem
548 2985 691 3051 infidelem
730 2986 857 3039 concedit
876 2986 983 3040 dimitti
1019 2995 1045 3041 et
1073 2987 1156 3043 sertio
1175 2987 1199 3041 si
1217 2985 1261 3041 vel
1280 2985 1398 3040 maxime
1416 3003 1472 3041 uon
1491 2986 1527 3042 sit
1537 2994 1672 3058 perpetuo
1690 3004 1757 3043 cum
1769 2988 1901 3044 adulterio

210 3074 292 3141 fideli
322 3074 440 3126 liberans
463 3072 542 3140 facit
571 3073 691 3126 alterurn
723 3073 859 3141 accepere.
911 3073 968 3128 Gar
988 3091 1045 3126 non
1073 3074 1229 3145 conjuncta,
1248 3078 1341 3128 tamen
1354 3089 1410 3128 non
1424 3079 1500 3129 earet
1512 3073 1667 3129 vehementi
1684 3080 1722 3144 et,
1741 3081 1775 3132 ut
1788 3090 1902 3131 canones

213 3159 443 3227 tremescente·
459 3157 561 3225 tidelis,
583 3159 616 3211 s'd
634 3166 673 3211 est
685 3158 792 3213 nominee
810 3159 912 3224 tidelis,
930 3176 962 3213 re
981 3160 1045 3230 ipsa
1072 3161 1233 3232 loquuntur,
1251 3158 1374 3216 violenta
1392 3160 1597 3231 praesumtione
1614 3159 1753 3215 adulterii.
1804 3162 1901 3234 Ecquis

213 3264 300 3317 aeque
319 3244 453 3311 infidelis,
471 3247 617 3316 conjnpem
635 3246 761 3310 eneae,
786 3247 957 3316 neaeram
975 3266 1045 3301 nun·
1073 3247 1147 3304 enim
1169 3247 1274 3316 credat,
1294 3247 1330 3302 ab
1354 3246 1470 3302 aliarum
1495 3245 1658 3301 feminarum
1676 3248 1826 3319 complexu
1845 3266 1902 3305 eum

213 3353 297 3405 paam
335 3333 519 3387 reversuras!
564 3333 627 3401 Epo
662 3348 730 3385 sans
764 3333 835 3386 nihil
873 3334 1046 3389 discriminis
1073 3335 1231 3403 abstinere,
1263 3334 1311 3405 qui
1340 3334 1416 3415 pacti
1441 3334 1596 3406 conjugalis
1615 3333 1758 3392 immemor
1783 3344 1902 3393 sanctam

214 3422 343 3490 utrinqne
368 3419 574 3489 deprehendere
600 3436 723 3488 grossum.
764 3421 856 3474 Credo
887 3428 994 3488 satem,
1021 3421 1048 3475 si
1073 3423 1127 3477 Dei
1158 3420 1358 3476 ordinationem
1388 3419 1493 3476 nefarie
1525 3426 1713 3493 transgressus
1744 3440 1762 3479 a
1787 3427 1903 3497 conjugo

216 3507 342 3579 apostoli
364 3515 486 3577 tempore
510 3506 649 3561 discessor
666 3506 789 3571 infidelis
812 3524 937 3562 reversus
956 3511 1046 3564 denuo
1073 3527 1124 3581 per
1138 3509 1191 3564 Dei
1211 3524 1323 3561 manum
1354 3506 1408 3562 sibi
1440 3507 1544 3563 tradita
1573 3508 1692 3564 discedit
1722 3515 1810 3583 atque
1839 3512 1903 3567 alios

214 3604 264 3651 aar
288 3594 387 3665 fidelis
408 3595 523 3663 sactus,
554 3600 603 3645 ont
613 3593 701 3660 fideli
717 3593 877 3647 cohabitare
899 3596 1048 3665 pollicitae
1073 3613 1181 3653 amores
1208 3593 1347 3650 sectatur?
1395 3594 1475 3649 Idem
1496 3594 1633 3666 judicium
1658 3595 1693 3652 de
1711 3613 1800 3656 uxore
1818 3597 1903 3655 deser·

208 3683 333 3754 suisset,
360 3681 501 3735 adrrsiseus
519 3696 575 3732 non
588 3679 708 3749 fursaei,
739 3681 792 3733 sed
811 3687 836 3733 et
853 3681 911 3749 ipsi
929 3682 1047 3737 alteram
1074 3683 1157 3752 trice,
1188 3697 1251 3736 cum
1268 3679 1403 3736 femineus
1422 3697 1502 3735 sexus
1519 3681 1556 3736 ad
1572 3681 1756 3738 resistendum
1774 3684 1904 3742 Venereie

215 3769 339 3824 ducendi
365 3775 490 3838 potestas
519 3768 601 3831 facta
630 3766 740 3830 fne'sset.
795 3764 927 3830 Quamvis
962 3768 1048 3840 igitur
1074 3767 1273 3826 tentationibus
1304 3767 1339 3823 sit
1368 3766 1538 3823 imbecillior.
1586 3774 1611 3825 5.
1644 3770 1691 3823 En
1728 3772 1791 3841 lepe
1824 3774 1904 3829 cirili.

215 3854 357 3928 apostolus
375 3852 565 3925 principaliter
583 3852 618 3907 de
636 3850 749 3922 infideli,
769 3852 816 3924 qui
834 3870 868 3909 ex
886 3854 950 3909 odio
969 3854 1046 3912 chri·
1074 3854 1305 3911 Constantinusl
1337 3854 1422 3912 Uxor.
1443 3862 1467 3912 7.
1495 3854 1524 3912 C.
1557 3854 1592 3910 dc
1622 3855 1746 3928 repudiis
1774 3864 1805 3914 et
1821 3860 1904 3932 judie

215 3944 322 3999 stianae
333 3940 474 4013 religionis
495 3941 644 4011 conjugem
656 3938 765 3994 fidelem
779 3941 888 4010 desem,
909 3941 1046 4014 loquatur,
1073 3960 1202 4012 irenem,
1231 3958 1302 4012 qaae
1326 3942 1356 3995 s‘n
1379 3941 1510 3996 militiam
1532 3944 1665 4014 profecte
1693 3947 1814 4012 merite,
1845 3954 1906 4019 post

215 4036 309 4085 tamen
323 4045 381 4084 nou
400 4026 522 4083 excludit
540 4042 638 4081 causas
656 4026 741 4097 alias,
771 4045 843 4098 quae
865 4028 978 4085 immani
1001 4031 1047 4085 isti
1075 4030 1256 4086 inderocnturn
1275 4036 1397 4098 quotuor
1417 4047 1554 4084 annorum
1573 4047 1707 4085 consensa
1726 4034 1905 4103 mupishutsss

215 4117 287 4187 odio,
307 4131 361 4188 quo
381 4115 482 4185 conjux
501 4113 619 4169 alterum
639 4116 803 4185 conjugem,
830 4115 859 4170 id
877 4123 919 4172 est
935 4136 1047 4172 carnem
1075 4124 1224 4186 nrcpserat,
1253 4133 1302 4170 nec
1327 4117 1452 4184 sarriens
1481 4117 1577 4171 iniisse
1607 4118 1734 4189 nuptias,
1763 4138 1817 4176 nee
1836 4123 1907 4177 dotis

214 4222 302 4272 soem,
321 4202 441 4265 duait,
485 4200 655 4255 occasionem
672 4200 806 4271 praebent
820 4207 847 4257 et
865 4203 1048 4260 desertionem
1076 4203 1254 4259 amissionem
1265 4204 1411 4270 sustinere,
1430 4220 1480 4258 nso
1493 4204 1614 4275 capitali
1627 4222 1741 4275 poenae
1759 4208 1905 4264 obnorm

215 4288 382 4345 malitiosam
402 4286 443 4340 illi
454 4286 630 4358 persuadent.
663 4286 791 4351 Quinimo
809 4289 832 4342 si
850 4307 939 4361 acqua
948 4291 1048 4361 judicii
1076 4308 1134 4346 esse
1156 4290 1288 4348 decernit.
1308 4289 1327 4348 l.
1336 4290 1444 4349 Uxores
1463 4297 1486 4346 6.
1505 4290 1535 4346 ff.
1555 4291 1590 4347 de
1608 4291 1734 4349 divortiis
1755 4301 1784 4351 ct
1798 4296 1904 4369 repud:

216 4378 295 4432 lance
324 4392 381 4430 rem
412 4372 565 4444 expendere
594 4371 723 4442 velimus,
752 4376 840 4446 major
865 4375 983 4445 perfidia
1007 4385 1050 4433 est
1078 4378 1112 4434 Si
1143 4378 1173 4432 r'n
1202 4377 1307 4433 incerto
1334 4387 1390 4443 est,
1421 4396 1459 4432 en
1485 4379 1604 4434 maritas
1622 4380 1700 4436 ricus
1721 4386 1805 4456 apud
1820 4384 1907 4439 hostes

216 4461 363 4518 desertoris
395 4458 565 4530 professione
583 4458 747 4529 Christiani,
782 4461 832 4515 scd
860 4479 890 4516 re
920 4463 980 4534 ipsa
1008 4465 1048 4518 in-
1076 4473 1217 4533 tsneotur,
1246 4484 1284 4520 an
1304 4475 1391 4521 morte
1406 4475 1592 4542 praevenires,
1624 4475 1687 4522 tnnc
1705 4470 1734 4523 si
1759 4472 1906 4544 qrss'nprsca·

216 4549 305 4605 fidelis
338 4562 421 4619 quam
450 4545 539 4611 illius,
571 4546 618 4618 qui
638 4547 809 4616 professione
839 4547 958 4605 infidelis
999 4556 1048 4606 est.
1076 4554 1154 4607 nium
1183 4572 1201 4607 a
1225 4560 1347 4624 tempore
1372 4554 1546 4624 captivitatis
1572 4557 1736 4623 excesserit,
1767 4559 1908 4614 licentias

215 4636 267 4692 Ille
285 4635 356 4691 enim
375 4650 437 4689 cum
456 4649 490 4688 ex
508 4632 596 4687 verbo
608 4632 661 4687 Dei
682 4635 797 4704 noverit,
816 4636 977 4709 eonjugium
989 4655 1049 4695 ease
1076 4640 1157 4694 labet
1186 4640 1288 4694 melier
1318 4642 1359 4694 ad
1387 4640 1462 4695 clius
1492 4641 1616 4710 migrare
1647 4644 1769 4712 nrepdcs.
1834 4644 1908 4701 Idem

215 4721 354 4776 vinculum
393 4718 595 4789 indissolubile,
638 4725 730 4775 tanoen
768 4722 858 4777 sciens
887 4740 920 4778 ac
956 4725 1049 4781 volens
1076 4726 1174 4782 statuit
1192 4726 1367 4784 Justinianus
1386 4726 1457 4783 Nou.
1487 4731 1528 4783 22.
1553 4744 1577 4782 c.
1597 4735 1621 4783 l.
1672 4727 1741 4785 Jure
1760 4731 1908 4788 novissimo

216 4813 314 4864 contra
330 4807 469 4880 propriam
487 4805 682 4862 conscientiam
697 4806 764 4861 illud
778 4808 883 4865 nefarie
895 4810 1049 4884 disrumpit,
1076 4814 1238 4868 decennium
1268 4831 1337 4868 uxor
1360 4818 1518 4885 exspectare
1550 4813 1659 4888 cogitur
1681 4813 1709 4888 ᾖ.
1736 4816 1808 4874 Nor.
1836 4818 1906 4874 autb.

215 4894 261 4949 hic
278 4910 343 4949 vero
362 4893 406 4949 vel
429 4892 700 4948 indissolubilitatem
720 4896 888 4951 matrimonii
909 4898 1048 4970 ignorans,
1077 4901 1111 4956 de
1132 4905 1209 4972 nupt.
1230 4908 1279 4955 aret
1297 4900 1381 4954 etiem
1403 4899 1526 4971 emplius
1545 4897 1572 4978 ξ
1593 4902 1668 4974 quod
1687 4908 1782 4960 autem
1797 4922 1816 4961 a
1833 4905 1908 4962 nobis

215 4981 261 5036 vel
279 4996 312 5034 cx
332 4979 527 5052 superstitione
545 4997 608 5034 curu
628 4979 752 5036 diversae
772 4982 914 5055 religionis
927 4987 1048 5059 conjuge
1077 4985 1202 5045 authent.
1246 4987 1286 5044 Ut
1309 4987 1392 5043 liceat
1416 4991 1495 5042 matr.
1520 4992 1549 5043 et
1574 4988 1660 5044 aviae.
1712 4992 1738 5045 6.
1759 4993 1819 5046 ‘Er
1848 5010 1907 5048 con·

216 5066 378 5123 cohabitare
399 5066 451 5121 sibi
469 5083 525 5121 non
544 5067 627 5122 licere
646 5084 809 5140 persuasum
834 5071 941 5127 habene
961 5055 1222 5138 disce-lrrtrurione
1245 5073 1426 5144 provinciali.
1476 5072 1509 5128 In
1538 5074 1660 5130 ecclesiis
1692 5075 1860 5135 clectoratus
1882 5084 1910 5132 et

216 5154 273 5235 dit,
299 5151 339 5207 illi
357 5168 390 5207 ex
408 5153 525 5221 malitia,
555 5153 601 5209 hic
619 5172 650 5209 cx
667 5155 825 5228 ignorantia
843 5165 871 5212 et
890 5148 1062 5216 infirmitate*
1077 5160 1232 5239 ducatuum
1254 5159 1451 5217 Saronicorum
1472 5161 1596 5218 desertor
1613 5161 1732 5219 habetur
1749 5182 1807 5221 non
1824 5166 1908 5222 solum

216 5248 322 5313 peccat.
372 5240 426 5296 Sed
459 5248 486 5296 et
517 5241 584 5296 illud
614 5241 666 5298 hoc
695 5243 755 5299 loco
787 5244 926 5300 observari
957 5246 1107 5325 velim,3is,
1128 5247 1176 5320 qui
1194 5246 1364 5319 professione
1384 5247 1502 5305 infidelis
1522 5254 1571 5321 est,
1593 5250 1641 5306 sed
1662 5250 1747 5306 etiam
1765 5253 1815 5323 qui
1834 5252 1908 5308 Chri·

217 5327 290 5400 quod
316 5326 345 5382 in
367 5343 432 5382 casu
456 5328 618 5384 desertionis
636 5347 691 5385 non
709 5330 763 5385 cito
790 5349 840 5388 nee
864 5338 966 5388 temere
984 5336 1048 5390 novi
1061 5366 1062 5415 ,
1076 5333 1181 5389 stianus
1199 5341 1255 5403 cst,
1287 5334 1310 5388 si
1328 5339 1431 5391 temere
1448 5340 1477 5390 st
1494 5335 1597 5407 injuste
1613 5352 1631 5391 a
1649 5337 1772 5409 conjuge
1792 5338 1908 5395 diverfit

216 5413 382 5471 matrimonii
414 5419 537 5484 potestas
556 5416 680 5471 desertae
698 5418 770 5488 parti
794 5418 967 5483 conceditur,
999 5420 1185 5476 scd·Bestius
1213 5421 1247 5476 de
1273 5421 1389 5478 matrim.
1411 5428 1482 5493 part.
1511 5427 1534 5476 2.
1563 5438 1588 5477 c.
1620 5427 1662 5479 26.
1701 5422 1909 5481 Schneidvinus

216 5501 308 5556 omnia
326 5499 403 5573 prius
420 5499 511 5555 media
529 5517 563 5557 ac
581 5502 703 5558 remedia
720 5504 884 5561 desertorem
897 5506 1048 5563 reducendi
1077 5507 1112 5562 de
1132 5514 1206 5578 nupt.
1226 5514 1296 5579 part.
1313 5514 1337 5566 4.
1358 5526 1384 5564 u.
1404 5514 1445 5565 37.
1494 5507 1535 5563 Ex
1555 5509 1655 5581 quibus
1675 5510 1805 5567 omuibus
1824 5512 1910 5570 mani·
