4020 6022
807 217 859 273 DE
878 216 1078 277 conluuio.
1728 226 1789 285 259

90 373 171 439 quod
194 379 235 425 ert
259 374 411 429 seeundum
434 382 579 442 naturaie,
601 390 656 445 per
675 390 854 443 messus,
881 375 932 444 qui
992 378 1052 431 437.
1086 374 1131 429 Dc
1156 373 1346 431 moderatione
1371 374 1421 429 illa
1443 374 1472 431 in
1488 391 1541 431 nra
1558 374 1718 447 conjugiis
1735 374 1882 447 pilanum

88 464 156 509 sunt
166 464 283 528 praeter
297 458 514 528 immensos
525 460 677 515 laedentes.
701 476 766 531 pag.
779 464 844 517 227:
864 462 929 515 Ma·
942 416 985 539 iet
1002 458 1092 514 Deum
1120 460 1281 515 timentibus
1306 459 1467 517 adhibenda
1493 460 1567 516 tradi
1597 466 1688 532 potest
1719 438 1907 531 haec-{flam

90 542 255 597 trimonium
291 554 332 599 est
365 546 517 599 liberorum
544 546 755 616 procreationis
786 542 1454 619 appenio,lgenemiisregu1nquodmtenaa
1472 547 1508 600 sit
1529 547 1604 602 ratio
1627 540 1916 633 bonestatr's,;⁸‘⁵gss⁰·

89 646 149 681 nan
167 628 248 683 nulla
264 648 300 683 aa
316 632 422 685 incerto
449 631 549 686 ordine
566 634 678 687 seminis
696 634 832 696 excretio,
858 620 1096 700 qnmlcmn'mris
1123 641 1148 686 et
1172 633 1311 687 sandalis.
1356 632 1422 703 Ipsa
1438 633 1488 687 lira
1504 640 1625 688 naturae
1652 634 1681 687 in
1697 638 1788 687 mente
1800 604 1913 685 siirtneis

92 720 133 766 ert
148 723 266 783 praeter
283 718 359 785 leqes
383 718 577 773 eiuratione
596 719 699 774 aliena.
737 720 803 772 Non
821 734 930 786 semper
955 716 1074 771 hominis
1101 724 1164 788 past
1182 719 1290 789 lapsum
1311 727 1339 775 et
1361 719 1454 773 adhuc
1470 720 1589 791 reliqua,
1612 718 1665 772 nisi
1682 720 1788 788 impetu
1799 694 1900 788 {ffb

89 802 219 855 conomit
239 810 346 871 tenipus
375 812 492 869 nistera,
524 812 556 857 nt
578 814 736 874 peraqatur
767 786 1195 873 conpressuslconcupisceutiee
1212 803 1292 859 velut
1309 810 1381 859 tetra
1400 805 1520 876 quadam
1538 804 1658 875 caligine
1678 806 1788 876 penitus

89 887 279 953 matrimonii,
307 898 352 943 eet·
373 892 447 943 esaim
466 891 626 958 conjunctio
650 906 682 945 eo
700 890 929 958 desiderabilior,
941 880 944 955 Ι
955 888 1122 956 obfuscetur,
1136 889 1224 957 docet,
1244 906 1299 945 non
1318 907 1378 945 esse
1392 890 1504 946 beluino
1523 891 1639 945 marein
1652 891 1789 946 Venerem

90 988 147 1039 qao
165 972 339 1041 dinturnior,
361 992 449 1044 nsqrse
470 993 536 1029 aero
555 984 638 1030 noctu
655 983 789 1055 tarsqnarn
808 977 839 1029 in
857 974 1039 1029 tone-'etism
1064 974 1169 1029 licitam
1197 976 1399 1044 proruendum,
1428 975 1477 1031 sed
1495 984 1586 1031 rectae
1609 976 1723 1031 rationis
1740 976 1789 1029 im·

91 1057 151 1110 bris
167 1076 198 1112 se
222 1061 385 1115 immodeste
407 1070 433 1115 et
460 1062 677 1130 intemperanter
703 1064 854 1131 qerendnm
881 1060 1032 1130 comperio
1050 1059 1193 1116 libidinem
1212 1062 1410 1129 coercendam,
1433 1062 1482 1115 lue
1501 1070 1594 1115 autem
1611 1063 1723 1129 pretias
1740 1078 1790 1131 per

89 1146 144 1197 sed
161 1148 329 1200 ememndia
355 1156 488 1215 tanquam
510 1148 559 1201 luc
583 1149 706 1201 rationis
726 1149 755 1199 in
774 1148 868 1201 animo
888 1144 1090 1217 esthpiritum
1117 1152 1245 1203 sanctum
1271 1147 1299 1202 in
1323 1146 1454 1202 cordibus
1475 1164 1539 1203 vere
1556 1148 1727 1203 credentium
1744 1162 1788 1201 ac·

91 1228 272 1285 includenda.
311 1231 395 1285 Nihil
420 1233 492 1285 enim
512 1250 531 1285 a
553 1232 695 1303 Penelope
719 1234 804 1287 talrrm
823 1212 1039 1295 tecenteicenss
1063 1232 1093 1287 id
1116 1232 1199 1303 longe
1225 1232 1359 1288 illustrius
1384 1232 1466 1287 docet
1489 1249 1523 1287 ac
1547 1233 1646 1289 fortius
1666 1232 1790 1287 nativum

91 1314 269 1384 defferentes,
304 1318 332 1370 si
356 1318 481 1372 interdiu
512 1318 623 1387 quidem
646 1328 769 1373 manricus
797 1302 1034 1387 doqmataiillum
1059 1319 1178 1375 carnalis
1211 1320 1453 1389 concupiscentiae
1489 1320 1621 1389 impeturn
1657 1318 1790 1390 reprimit

90 1402 308 1469 temperantiae,
332 1411 416 1457 noctu
440 1411 533 1457 antem
558 1419 592 1455 ea
615 1411 786 1470 retercrmes,
812 1422 873 1457 mim
900 1392 1196 1468 ileuemadmodnm
1209 1404 1282 1460 enim
1294 1405 1323 1458 in
1335 1405 1398 1459 aliis
1410 1404 1625 1474 particularibus
1633 1404 1789 1460 senonibus

88 1487 182 1539 cubile
200 1490 363 1542 venerimus.
400 1489 436 1543 Si
448 1490 520 1543 enim
539 1490 709 1543 honestatem
727 1497 836 1558 oportet
853 1478 1021 1549 ner-lvere
1045 1490 1085 1560 pii
1102 1490 1303 1545 illuminatione
1328 1498 1357 1545 et
1376 1490 1535 1561 magisterio
1554 1490 1674 1562 Spiritus
1701 1491 1790 1547 sancti

89 1574 530 1642 serenationaqnnsorinne
548 1575 676 1628 bonestas
691 1584 731 1627 eat
747 1552 996 1639 ostendenda,iite
1014 1577 1194 1641 erudiuntur,
1222 1583 1255 1631 nt
1272 1576 1376 1644 sciant,
1405 1578 1543 1649 quomodo
1562 1595 1591 1632 se
1608 1578 1637 1631 in
1664 1576 1790 1632 omnibus

39 1654 75 1697 Ἀ
94 1658 258 1712 inlrcnestas
285 1662 400 1713 odorisio
433 1662 656 1729 conjunctiones,
689 1669 716 1714 et
745 1663 823 1729 qnod
854 1656 1030 1739 castelrecte
1050 1678 1147 1733 gerere
1166 1661 1301 1723 debeant,
1329 1678 1381 1716 nec
1398 1679 1468 1731 opus
1488 1661 1617 1731 habeant,
1634 1671 1666 1717 ut
1685 1665 1789 1735 specia-

88 1745 213 1797 rcrseric
232 1762 294 1799 cum
313 1747 461 1814 praeinss'r,
482 1748 545 1814 side
568 1747 683 1815 dipnum
706 1765 721 1801 e
746 1749 828 1800 donm
851 1742 1027 1807 adaitsslibus
1053 1747 1158 1819 regulis
1181 1747 1215 1802 de
1240 1746 1367 1803 omnibus
1392 1747 1503 1803 essibus
1526 1756 1554 1803 et
1578 1748 1790 1804 circumstantiis

88 1832 276 1885 testimoninm
293 1836 345 1886 etc.
364 1830 411 1886 lib.
431 1837 456 1887 2.
484 1838 608 1887 stromat.
633 1847 695 1903 cap.
716 1838 757 1888 ll.
780 1849 845 1903 pag.
864 1828 1120 1903 ll52lspecialibus
1138 1833 1335 1897 informentur,
1366 1850 1421 1905 qno
1438 1850 1521 1887 seusu
1537 1834 1643 1888 dictum
1660 1834 1789 1905 apostoli·

91 1917 322 1971 corservandum
353 1926 393 1971 eat
426 1920 635 1973 matrimonium
672 1928 807 1987 tanqum-m
843 1902 943 1971 sama-¹
955 1935 1016 1973 cam
1038 1924 1059 1973 1.
1085 1919 1185 1974 lohan.
1215 1925 1244 1983 2,
1275 1937 1300 1973 v.
1325 1926 1366 1974 tt.
1392 1918 1482 1989 accipi
1508 1936 1589 1989 posse
1618 1921 1789 1976 ostendimus

86 2002 189 2072 aliqua
205 2011 307 2072 statua,
321 2006 454 2057 mundum
468 2005 504 2058 ab
524 2004 568 2071 im,
587 2022 659 2073 quae
672 2005 816 2073 polluunt,
832 2012 1034 2079 utpotejtract.
1061 2005 1096 2059 de
1115 2004 1216 2059 minist.
1237 2001 1263 2079 ξ.
1285 2010 1326 2061 47.
1345 2004 1386 2058 its
1404 2020 1516 2076 quoque
1539 2005 1569 2059 in
1595 2022 1647 2060 usu
1665 2007 1804 2078 conjugii·

87 2090 142 2157 qui
162 2106 182 2141 a
205 2093 303 2143 somno
328 2090 441 2158 quidem
464 2090 690 2159 erperqiscamnr
715 2108 777 2143 mne
795 2082 1122 2155 Domino,imoderando
1153 2107 1187 2145 ac
1218 2090 1414 2161 temperando,
1442 2090 1465 2143 si
1493 2089 1612 2161 Spiritus
1641 2094 1730 2147 sancti
1759 2094 1787 2147 in

86 2192 185 2229 eamus
209 2184 302 2230 amesa
324 2176 477 2229 dormitam
504 2194 566 2229 carri
590 2176 752 2245 pretiorum
770 2176 882 2229 actione
899 2158 1036 2247 eticorde
1062 2195 1113 2232 suo
1143 2177 1295 2232 habitantis
1321 2176 1435 2232 ductum
1463 2194 1497 2231 ec
1518 2177 1652 2232 monitum
1677 2179 1716 2248 pii
1740 2180 1787 2235 ho·

87 2278 199 2315 eremias
938 2250 1040 2349 imines
1060 2268 1219 2333 sequantur,
1238 2263 1274 2318 ab
1292 2261 1444 2317 honestatis
1463 2270 1491 2317 et
1501 2264 1637 2319 emutatis
1653 2263 1788 2319 limitibus

127 2349 250 2417 Cunique
268 2349 357 2404 cubile
375 2357 459 2419 tenet,
479 2349 527 2403 tus
545 2358 570 2403 et
589 2366 651 2403 eune
668 2350 787 2413 fulserit
805 2350 891 2414 alrnn,
938 2358 1095 2425 tnunquem
1126 2349 1274 2411 recedent,
1308 2365 1359 2403 nec
1389 2348 1501 2403 sanitati
1525 2367 1623 2404 uorem
1648 2350 1788 2420 quandam

89 2443 150 2490 tota
163 2443 260 2489 namra
271 2436 331 2488 aito
343 2435 496 2489 Dominum
514 2443 654 2499 testantes,
666 2436 801 2505 pietatem
815 2437 927 2505 quidem
938 2428 942 2511 ξ
952 2434 1132 2489 immoderato
1156 2436 1241 2491 etiem
1265 2435 1403 2489 licitorum
1421 2452 1474 2489 usu
1492 2434 1619 2489 inferent.
1668 2434 1710 2489 Er
1729 2435 1786 2507 Ly-

89 2521 297 2589 acreliqionem
310 2523 405 2575 anima
411 2522 595 2590 possidentes,
610 2522 823 2593 temperantiam
835 2529 927 2573 nutem
938 2514 943 2591 l
954 2521 1033 2591 curgi
1050 2520 1159 2591 legibus
1184 2535 1303 2591 sponsus
1321 2539 1378 2575 non
1399 2521 1491 2573 ebrius
1515 2538 1564 2573 nee
1582 2522 1623 2573 ad
1639 2521 1788 2576 lasciviam

92 2610 178 2661 etiem
198 2625 282 2675 risque
300 2609 341 2661 ad
357 2624 460 2675 corpus
477 2609 654 2661 deducentes.
689 2607 817 2661 Lactant.
836 2606 883 2662 lib.
902 2600 1137 2705 bicompcsitua,
1168 2608 1220 2661 sed
1244 2608 1354 2661 sobrius
1378 2615 1403 2660 et
1427 2624 1484 2675 pro
1500 2624 1577 2660 more
1600 2616 1730 2661 coenatus
1748 2610 1790 2661 ad

92 2694 178 2750 instit
201 2710 260 2764 cap.
279 2698 320 2749 23.
342 2700 407 2749 ante
433 2694 519 2749 med:
548 2694 626 2747 Sient
651 2695 729 2749 dedit
747 2695 826 2748 rioms
846 2697 1085 2763 Dens'rponsam
1103 2701 1188 2747 noctu
1215 2694 1427 2761 inqrediebatur
1458 2711 1492 2747 ae
1505 2694 1654 2762 paululum
1672 2712 1734 2748 oum
1753 2711 1787 2749 ea
1800 2709 1845 2753 xv.
1858 2708 1904 2751 m

92 2780 204 2841 acidos,
230 2797 286 2833 non
311 2787 342 2831 nt
361 2788 514 2849 spectemus
532 2782 752 2850 voluptatemque
772 2781 1081 2849 copiamns,.mcratus
1099 2782 1222 2833 modeste
1240 2780 1350 2845 abibat,
1366 2788 1412 2847 ut,
1430 2781 1502 2833 sicut
1520 2790 1708 2850 consueuerat,
1726 2799 1788 2835 cum

91 2869 145 2921 sed
161 2874 192 2919 nt
207 2867 352 2921 videarnns
366 2876 486 2938 propter
503 2884 548 2921 eos
562 2877 648 2935 emus,
666 2867 716 2936 qni
727 2868 868 2936 pertinent
887 2840 1072 2935 adireliquis
1106 2867 1250 2933 juvenibus
1288 2867 1429 2922 dormiret.
1485 2870 1565 2921 Idem
1608 2869 1693 2921 etiam
1721 2876 1789 2938 poet

90 2954 167 3008 vitae
192 2955 398 3021 nesennaren,·
424 2955 467 3007 ita
489 2954 638 3022 pecudalem
664 2954 794 3022 corporis
809 2953 1068 3029 parteminuptias
1086 2954 1200 3021 eqebat,
1224 2960 1254 3005 ut
1272 2970 1333 3006 cum
1351 2952 1516 3022 aequalibus
1544 2954 1668 3007 interdiu
1686 2956 1789 3022 deqens

92 3041 171 3108 qnod
188 3057 286 3093 nomen
304 3042 396 3109 ipsum
414 3041 509 3103 clucet,
535 3040 617 3093 nulla
635 3040 696 3093 alio
716 3043 751 3092 cie
768 3057 855 3093 carna
871 3038 1089 3195 nisilnoctuque
1122 3041 1227 3093 cubans
1256 3040 1297 3091 ed
1334 3056 1467 3107 mansam
1505 3047 1585 3093 ceute
1615 3048 1789 3105 commearet,

953 3127 1107 3179 ememrride
1127 3132 1265 3191 aestuem,
1283 3128 1390 3191 nequis
1407 3140 1517 3193 ecrnnt,
1538 3125 1632 3193 quiin
1651 3127 1734 3179 ἀοιηο
1753 3143 1787 3180 ea

954 3219 1034 3279 mint,
1065 3212 1156 3279 ipsum
1176 3209 1424 3275 animadverteret,
1448 3227 1498 3263 nee
1516 3227 1572 3263 non
1589 3228 1694 3280 apansa
1713 3210 1789 3264 idem

93 3126 263 3191 efficiendae
287 3126 392 3179 sobolis
414 3126 585 3195 accepimns,
613 3128 663 3195 qni
680 3126 870 3195 uoluptatibus
886 3126 928 3179 in-

93 3213 218 3281 dulqent
237 3214 287 3281 qm·
297 3212 412 3267 libidini
424 3214 618 3281 obsequantur,
634 3214 759 3266 animam
771 3230 851 3265 snam
868 3229 927 3265 cor·

90 3300 161 3367 pori
172 3300 333 3368 mancipant
346 3304 398 3353 eta
424 3297 611 3367 Hieronymus
619 3296 667 3351 lib.
683 3296 775 3353 tadu.
787 3254 1185 3359 laviniae..macliiisobatur,
1215 3303 1245 3347 nt
1284 3297 1426 3349 commode
1456 3303 1482 3349 et
1514 3296 1622 3365 furtim
1654 3298 1791 3366 conqredi

94 3393 124 3439 et
138 3384 241 3439 citatur
258 3402 282 3438 c.
304 3383 390 3455 Origo
414 3390 455 3440 32.
481 3402 508 3455 q.
529 3390 558 3439 t:
582 3384 670 3450 Oripo
694 3385 808 3451 quidem
825 3360 943 3437 ammai
951 3391 1081 3454 possent,
1101 3383 1187 3449 idque
1208 3382 1329 3451 aqebant
1346 3399 1402 3435 non
1416 3398 1510 3449 parco
1531 3390 1668 3451 tempore,
1686 3385 1738 3437 sed
1757 3400 1789 3437 eo

93 3471 211 3525 bonema
224 3477 295 3534 erat,
314 3472 367 3524 sed
381 3472 546 3538 maqnitnde
558 3470 705 3535 deformis.
737 3470 820 3523 Nihil
837 3478 1055 3538 amentiaeque,
1085 3477 1115 3519 ut
1146 3467 1277 3521 nonnulli
1302 3466 1386 3520 liberi
1409 3475 1497 3520 essent
1522 3458 1596 3535 reati,
1620 3470 1790 3541 priusquam

94 3558 216 3621 intorem,
234 3571 267 3609 en
287 3573 371 3625 qiam
390 3557 506 3610 lionesta
524 3573 612 3610 causa
627 3557 691 3624 quis
703 3556 837 3620 insaniat,
855 3534 1081 3623 nndsiinterdin
1110 3572 1177 3607 saus
1209 3570 1308 3607 aceres
1335 3552 1477 3621 uiderent,
1514 3566 1584 3623 quae
1626 3571 1790 3625 conpressus

91 3652 119 3697 et
137 3650 233 3711 system
251 3642 456 3711 Pytlmqoricus
480 3642 509 3696 in
534 3644 688 3697 sententiis.
732 3642 855 3697 Adulter
883 3628 1099 3751 est,insaritalis
1116 3641 1193 3693 ratio
1211 3658 1267 3694 non
1280 3640 1363 3693 modo
1375 3639 1560 3693 continentiae
1577 3642 1636 3707 fnit
1656 3650 1683 3695 et
1697 3644 1789 3696 mode·

91 3729 193 3797 inquit,
210 3728 240 3780 in
259 3746 339 3782 mine
356 3747 470 3782 errorem
487 3736 598 3783 cusator
617 3728 773 3781 ardentior.
804 3728 840 3780 In
859 3727 929 3781 alie·
941 3760 944 3779 ι
956 3730 1027 3783 stiae
1046 3727 1218 3791 mentatio,
1236 3729 1289 3779 sed
1305 3743 1427 3793 carpo-ra
1441 3728 1524 3779 etiam
1543 3729 1584 3779 ad
1599 3730 1790 3795 perierandum

91 3832 131 3867 na
155 3815 259 3883 quippe
285 3832 370 3869 rmore
402 3816 492 3869 ornnis
516 3832 596 3869 amor
622 3815 714 3885 turpis
739 3794 795 3881 est,
819 3814 849 3866 in
875 3782 1026 3899 euoiapta
1057 3814 1203 3881 reddidit,
1231 3822 1261 3865 nt
1285 3812 1390 3866 recenti
1415 3827 1524 3881 semper
1549 3829 1673 3880 novoque
1695 3830 1790 3867 aniare

91 3901 205 3955 nimias.
255 3900 376 3970 Sapiens
398 3903 512 3970 jndicio
541 3902 621 3955 debet
652 3917 751 3954 amare
784 3900 1146 3969 conjuqemleonoenirent,
1177 3900 1227 3968 qni
1250 3916 1305 3951 non
1339 3899 1466 3951 satietate
1497 3898 1673 3963 veneretur,
1703 3915 1791 3969 neqsm

91 4006 150 4043 non
168 3989 278 4059 affectu,
295 4005 351 4041 nan
370 3997 465 4056 reque-t
485 3990 514 4041 in
526 4006 557 4043 eo
570 3988 723 4055 voluptatis
737 3986 863 4055 impetus,
880 4002 930 4039 arec
941 3968 945 4065 ξ
957 3990 1047 4043 nimia
1065 3986 1265 4041 consuetudine
1282 3992 1469 4053 manesceret,
1495 4002 1558 4037 cnm
1574 4002 1715 4055 nunqnam
1734 4003 1790 4039 non

90 4089 230 4145 praeceps
252 4076 366 4139 seratur
390 4076 431 4127 ad
453 4074 563 4129 coitum.
608 4073 690 4127 Nibil
715 4072 787 4126 onim
812 4080 851 4125 eat
868 4073 1081 4145 foe-{aliquem
1100 4071 1239 4125 desiderii
1254 4072 1385 4137 somnam
1410 4070 1484 4123 alter
1506 4071 1535 4123 in
1556 4070 1677 4125 alterins
1696 4074 1791 4127 animo

92 4160 161 4215 disis
178 4177 261 4229 qiam
280 4177 503 4215 ueoremamore
520 4159 781 4231 quasiodclteram.
811 4158 888 4214 ldem
901 4158 1133 4249 inprelinqucret.
1168 4155 1335 4213 Plutarchus
1354 4156 1382 4209 in
1401 4154 1526 4227 Lycurg.
1556 4154 1660 4221 Quodsi
1672 4156 1791 4228 gentiles

93 4263 119 4304 c.
145 4250 187 4306 te.
211 4246 326 4303 Erech:
356 4247 536 4315 Praecipites
568 4248 599 4301 in
624 4246 685 4316 leqe
708 4246 829 4298 Domini
851 4246 1088 4313 ciriagsaniares,
1107 4244 1154 4317 qui
1174 4243 1295 4297 nandum
1313 4240 1501 4313 ἀπηλγηκότες
1524 4258 1583 4296 sese
1610 4243 1791 4296 tradiderunt

93 4342 124 4387 ut
163 4350 219 4385 nors
258 4334 347 4388 adum
384 4334 414 4386 in
454 4333 558 4387 alienis
594 4332 771 4397 neuberibus,
815 4332 867 4385 sed
901 4318 1152 4401 tnltrnpndtettas
1189 4330 1218 4383 in
1251 4330 1440 4398 operationem
1471 4329 1561 4382 omisis
1597 4328 1791 4383 irnmanditiae

94 4420 154 4473 suis
179 4435 288 4487 qnoque
325 4426 404 4471 certa
440 4419 599 4471 conaminis
634 4418 761 4471 noemint
797 4419 1057 4490 renipornuphss.
1082 4424 1110 4484 4,
1144 4434 1169 4471 v.
1199 4422 1238 4471 19.
1263 4415 1381 4469 necdum
1412 4414 1525 4484 penitus
1551 4414 1647 4469 traditi
1674 4415 1787 4471 fuerunt
1824 4476 1828 4483 ,

94 4507 210 4577 qundo
251 4505 406 4559 eoturidum
445 4507 591 4573 quandove
642 4505 678 4557 ab
723 4504 854 4560 amoribus
884 4503 995 4579 ab-,sto
1012 4504 1090 4571 nitri,
1111 4502 1223 4574 ἀτιμίας
1240 4500 1318 4557 Rom.
1342 4508 1364 4565 1,
1382 4518 1407 4555 v.
1421 4506 1462 4555 26.
1482 4500 1622 4569 quandam
1639 4500 1791 4556 honestetis

94 4592 256 4647 stiriensium
289 4590 336 4646 sit.
389 4591 563 4661 Augustinus
605 4590 624 4646 l.
662 4596 684 4645 l.
724 4589 759 4644 de
795 4596 874 4659 nupt
902 4588 944 4669 et]
958 4602 986 4645 et
1010 4588 1160 4644 modestiae
1187 4587 1321 4643 rodonem
1346 4585 1375 4639 in
1397 4586 1458 4655 ipso
1478 4586 1608 4656 conjugio
1635 4585 1791 4642 habendam

95 4694 170 4733 conc.
189 4695 214 4734 e.
234 4684 263 4732 l:
300 4675 450 4746 depalatis
477 4677 567 4728 neeric
585 4683 610 4728 et
635 4676 759 4742 feminae
775 4674 1016 4743 qenerandilesse
1049 4682 1123 4729 recte
1152 4681 1334 4741 censuerunt,
1366 4678 1470 4741 quanto
1511 4671 1600 4742 magis
1631 4670 1789 4739 Christiani,

95 4764 302 4819 sanctonum
318 4771 358 4817 est
376 4762 508 4816 naturale
525 4762 697 4830 nuptiarum,
718 4760 840 4814 aedicto
859 4760 1075 4833 bonoiqsmrum
1105 4777 1228 4827 corpora
1256 4766 1322 4811 sunt
1350 4758 1475 4827 Spiritus
1504 4759 1597 4809 sancti
1625 4759 1730 4829 templa
1764 4770 1792 4815 et

98 4850 173 4905 maie
192 4850 296 4919 utitur,
326 4851 377 4919 qni
396 4848 550 4903 bestialiter
569 4848 673 4911 utitur,
706 4854 736 4900 nt
755 4846 791 4899 sit
809 4845 871 4913 ejus
889 4832 1131 4913 ire-ihabitacula,
1163 4843 1218 4897 imo
1239 4843 1346 4898 Obristi
1367 4842 1498 4906 membra,
1517 4844 1609 4895 Deum
1626 4845 1657 4898 in
1673 4862 1791 4914 corpore

97 4937 182 4991 tentio
202 4936 391 5005 inuoluptate
412 4934 555 5000 libidinis,
578 4952 634 4987 non
654 4934 684 4987 in
705 4933 847 4986 uoluntate
863 4906 1008 5001 pro-isne
1033 4932 1252 5001 qlorisicandnm
1279 4945 1337 4981 esse
1357 4929 1497 4997 renuerint,
1524 4934 1546 4985 1.
1572 4926 1634 4983 Cor.
1653 4936 1685 4999 tl,
1704 4948 1730 4987 v.
1752 4938 1792 4988 15,

69 5068 72 5073 .
94 5024 221 5095 popinis.
266 5020 433 5092 Fulgentius
455 5021 491 5073 de
509 5021 621 5091 conjug.
641 5017 726 5074 debit.
741 5017 821 5088 epist
841 5023 869 5071 1:
899 5016 945 5079 Ut,
960 5026 998 5076 19.
1019 5024 1059 5073 20.
1107 5014 1272 5071 Scholastici
1300 5019 1375 5068 recte
1392 5013 1502 5083 dicunt,
1528 5030 1583 5067 non
1602 5015 1640 5069 ad
1667 5017 1792 5087 quemvis

97 5110 194 5163 omnia
223 5115 316 5161 nestra
346 5107 460 5160 leirene
481 5107 568 5173 fiant,
600 5106 631 5157 in
658 5105 820 5157 redditione
846 5092 1051 5181 delitiiststim
1085 5100 1322 5168 concupiscentiae
1360 5098 1477 5153 camelis
1508 5106 1613 5155 motum
1651 5102 1791 5174 conjugali

96 5194 259 5265 conjnqalss
288 5194 328 5247 sic
357 5193 548 5257 infirmitatem
577 5191 672 5244 earnis
708 5207 775 5243 usus
811 5190 1109 5263 accipim·congressu
1138 5206 1198 5244 esse
1225 5186 1371 5255 utendum,
1401 5202 1465 5240 cum
1492 5186 1529 5241 sd
1545 5189 1680 5260 conjuges
1708 5190 1792 5244 etiem

97 5280 273 5353 conjuqalss,
294 5288 323 5333 ut
340 5298 397 5332 non
414 5297 482 5334 caro
500 5278 619 5333 libidini
633 5276 753 5338 serviat,
776 5278 829 5328 sed
845 5276 935 5329 animi
944 5266 946 5295 ¹
958 5277 1096 5349 pertineat
1115 5274 1184 5329 illud
1195 5272 1391 5343 apostolicum:
1412 5270 1466 5335 ms
1477 5272 1584 5327 Christi
1593 5283 1664 5343 sunt,
1678 5290 1792 5329 carriem

96 5371 187 5423 virtus
217 5366 320 5435 adiuta
357 5366 492 5419 divinitus
531 5364 658 5418 camme
694 5356 1155 5435 concupiscentiaejernoiflcernnt
1174 5378 1235 5415 enm
1255 5359 1333 5413 uitiis
1351 5367 1375 5413 et
1393 5360 1638 5429 eoricupiacentiis,
1665 5358 1715 5415 σὺν
1735 5366 1792 5422 τοῖς

89 5454 185 5522 Inna
202 5453 368 5523 reilinquat.
945 5448 1109 5519 {natinaei
1128 5452 1174 5502 nal
1195 5452 1252 5507 ταῖς
1270 5447 1433 5520 ἐπιθυμίαις
1451 5444 1543 5503 Galat
1564 5453 1587 5514 5,
1608 5464 1633 5503 v,
1653 5452 1696 5503 24.
1733 5446 1791 5505 Nec

1405 5550 1463 5609 17*
