4028 6030
813 307 865 366 DE
882 306 1082 367 consumo.
1741 318 1799 376 185

98 460 222 517 favorem
241 462 430 517 Israblitarum
450 462 586 533 paulatim
605 463 641 518 ad
659 480 689 519 se
703 462 803 517 iterum
821 478 935 517 conver
967 464 1220 535 comprebendunt,
1244 468 1435 520 admittendae
1462 474 1527 519 eunt
1550 476 1577 521 et
1599 466 1800 536 applicandae.

98 552 171 603 teret
187 564 220 602 ac
238 564 356 619 regnum
369 548 517 604 Salomone
530 550 620 621 ejecto
637 548 787 621 aliquando
807 547 939 602 invadere
965 548 1110 612 Quomodo
1125 568 1191 607 vero
1212 552 1281 609 hace
1300 553 1417 608 invicem
1438 554 1619 618 conveniunt,
1645 552 1719 622 quod
1738 549 1800 603 Bel·

99 638 205 704 posset,
224 634 253 688 id
271 634 347 705 quod
372 652 406 689 ex
431 651 562 704 responso
581 634 736 691 Salomonis
756 634 838 689 mani
857 632 1098 741 Beth-llnrminus
1124 636 1176 691 hoc
1199 638 1260 692 loco
1289 645 1388 709 negat,
1413 655 1447 691 cu
1468 639 1595 707 pannuli
1609 638 1799 708 prohibitione

100 720 202 776 absos
226 720 293 775 dato
326 736 382 775 non
412 721 529 776 obscure
554 720 702 793 colligitur.
747 722 816 788 Car,
842 719 1064 833 inquitptioioa
1084 722 1184 791 collipi
1196 739 1294 793 porse,
1313 726 1423 791 prodito
1443 724 1603 792 aequaliter
1621 725 1756 777 distantes
1770 723 1800 774 in

95 806 230 875 postulas
254 806 363 875 Abisap
384 807 589 861 sunamitidem
606 808 761 860 Adortiaet
778 806 896 875 postula
913 805 941 857 ei
950 844 953 879 :
965 808 1064 860 eadem
1077 809 1239 876 prohiberi,
1266 826 1328 863 oum
1349 809 1378 862 in
1398 826 1454 880 seq.
1473 826 1497 863 c.
1518 816 1560 867 29.
1579 809 1607 863 in
1626 826 1698 879 resp.
1719 808 1755 863 ad
1776 814 1799 861 3.

100 900 127 945 et
144 910 274 962 repnum,
304 893 365 963 ipse
383 902 424 947 cst
441 895 513 947 enirn
530 894 626 959 frater
644 910 721 946 meus
739 892 834 960 ritojor
851 906 895 944 me
913 886 1024 965 alburg,
1045 893 1296 963 demonstraturam,
1319 895 1534 963 probibitioaem
1562 896 1676 965 septimi
1692 898 1801 965 produc

100 978 184 1032 babet
203 979 346 1033 Abiatbar
363 982 538 1033 sacerdotem
557 987 581 1031 et
599 978 674 1031 Joab
691 996 717 1033 v.
738 982 778 1033 22.
815 984 839 1031 3.
852 976 939 1031 Recte
965 996 1021 1032 non
1047 980 1246 1044 fuissentin·
1268 982 1404 1035 ccclesiae
1428 982 1566 1050 ipnotam,
1592 983 1714 1036 rationis
1736 984 1799 1036 loeo

98 1064 189 1137 igitur
205 1064 319 1120 taudem
337 1065 478 1121 concludit
498 1064 699 1119 Bellanuiuus:
720 1066 789 1117 Cam
808 1063 939 1117 Adoaior
965 1067 1070 1135 afferat
1096 1066 1186 1134 illud,
1216 1068 1294 1135 arcad
1320 1067 1468 1121 conscilium
1491 1070 1651 1138 Apatbence
1675 1086 1735 1121 cari.
1754 1071 1798 1121 61.

100 1151 136 1204 ob
154 1168 215 1205 eant
229 1152 423 1221 petitioncma
439 1152 692 1220 Salomonepoena
705 1150 809 1219 capitis
823 1151 938 1219 affectus
962 1158 1029 1219 post
1046 1151 1266 1220 prohibitionem
1291 1154 1452 1222 clipeorum
1474 1158 1615 1222 praetecum
1641 1155 1800 1223 pencralem

100 1238 205 1303 fucrit,
229 1240 338 1307 cippum
358 1247 413 1299 eet,
440 1238 522 1291 illum
540 1256 600 1292 rem
620 1236 753 1291 illicitam
766 1236 938 1305 postulasse.
966 1238 1059 1290 ridebat
1072 1238 1305 1305 prohibitionem,
1323 1255 1358 1291 ae
1376 1240 1439 1307 attic
1459 1241 1547 1294 tedam
1567 1241 1800 1307 concanpnineam

100 1320 183 1376 Certe
210 1325 280 1376 enim
303 1325 372 1393 plns
401 1324 495 1377 calmo
522 1324 601 1376 debet
619 1322 756 1375 eentcrstia
775 1322 937 1375 Salomonis
964 1338 1045 1375 otram
1057 1325 1144 1376 ducat
1162 1340 1284 1377 irrorent.
1315 1324 1343 1379 Si
1360 1324 1497 1395 generalis
1515 1325 1664 1395 prohibitio
1678 1326 1801 1379 lcumena

99 1410 177 1479 repis
194 1411 396 1479 sapientissimi
412 1428 495 1479 priam
512 1410 666 1478 postolatio
687 1408 826 1461 Adoniae.
965 1412 1057 1477 potest
1070 1409 1181 1463 extendi
1194 1409 1231 1463 ad
1243 1410 1361 1480 padum
1380 1410 1536 1481 septimum,
1557 1413 1693 1482 quomodo
1706 1411 1801 1465 divina

62 1562 72 1573 .
138 1500 196 1549 318.
232 1495 278 1550 Ab
298 1495 341 1549 his
368 1496 498 1567 exemplis
522 1494 558 1548 od
583 1510 698 1549 examen
716 1492 877 1547 Bellarmiui
895 1510 938 1547 ar·
965 1492 1115 1563 prohibitio
1133 1510 1189 1548 nou
1206 1500 1300 1564 posset
1315 1495 1424 1550 extendi
1442 1496 1479 1550 ad
1498 1496 1800 1569 gradumsecundum'l

101 1586 297 1652 gumentorum
324 1582 453 1636 redimus.
496 1580 621 1635 Tertium
644 1585 839 1650 argumentum
863 1578 940 1632 ducit
966 1582 992 1631 2.
1021 1581 1242 1649 Consequentiao
1270 1581 1340 1634 illae
1367 1600 1423 1635 noa
1447 1592 1510 1635 merit
1532 1602 1551 1635 a
1575 1582 1677 1647 circili,
1702 1584 1753 1636 sed
1782 1600 1801 1635 a

53 1666 68 1687 '¹
100 1684 136 1719 ec
147 1668 349 1739 probibitionie
375 1669 552 1737 duplicitate.
599 1667 634 1720 st
657 1666 752 1719 omnia
779 1666 833 1719 illa
854 1682 938 1735 prac-
965 1665 1077 1720 atinori.
1112 1668 1188 1720 Nam
1208 1666 1273 1720 licet
1289 1668 1347 1720 sint
1366 1668 1396 1720 in
1414 1672 1509 1723 codem
1527 1672 1621 1738 produ
1634 1687 1719 1739 nepos
1739 1686 1800 1721 cum

101 1761 182 1821 cepta
203 1753 321 1807 [seritici
346 1756 381 1807 dc
405 1754 543 1823 praelibas
565 1755 631 1821 jure
651 1760 770 1805 nattlrae
789 1752 938 1805 corwtituta
966 1752 1054 1804 annila
1085 1760 1111 1805 ct
1137 1759 1261 1821 patruus
1289 1771 1349 1807 mcor
1374 1763 1469 1823 nepte,
1500 1764 1590 1809 tamen
1622 1758 1733 1825 turpius
1751 1763 1800 1822 eet,

101 1847 205 1906 essem,
231 1839 291 1892 siue
316 1840 401 1893 dubio
425 1840 598 1892 rraioersalia
625 1847 729 1908 cruerit,
756 1839 797 1891 ita
814 1845 846 1890 nt
863 1838 938 1890 intra
966 1839 1100 1906 conjnnpi
1127 1847 1253 1907 nqiotem
1280 1857 1342 1893 cura
1371 1842 1460 1894 aptita
1480 1860 1563 1910 picam
1584 1850 1720 1911 patruum
1738 1860 1800 1895 cum

98 1926 217 1979 eundem
242 1928 364 1993 pradtcm
388 1926 483 1979 omnia
507 1925 687 1978 matrimonia
712 1932 801 1978 esserd
825 1924 937 1980 illicita.
965 1931 1058 1994 nepte,
1081 1923 1220 1993 siqnidem
1246 1926 1394 1980 ordinarie
1418 1928 1507 1981 amita
1532 1937 1573 1981 cst
1588 1929 1684 1982 senior
1700 1934 1800 1997 nqrote

99 2013 141 2065 At
161 2012 277 2081 Moyses
295 2012 323 2065 in
344 2013 468 2065 Leuitico
486 2013 628 2081 quaedam
645 2012 779 2081 conjupia
792 2011 938 2080 probibuit
965 2016 990 2062 et
1009 2010 1120 2063 rationo
1144 2012 1192 2063 eui
1213 2014 1322 2080 proclus
1349 2014 1431 2067 babet
1455 2016 1485 2066 in
1504 2023 1629 2085 nopotem
1648 2016 1732 2084 attasi
1746 2034 1799 2086 po·

99 2106 126 2152 ct
149 2100 288 2167 precedam
309 2100 442 2167 permisit
465 2100 496 2151 in
524 2101 619 2151 coelem
642 2100 744 2167 produ.
786 2099 864 2164 Erpa
884 2096 938 2149 illa
964 2096 1051 2147 triam
1075 2103 1248 2165 potestatem.
1305 2099 1380 2153 Uror
1411 2108 1503 2153 aretem
1538 2102 1643 2170 subjici
1674 2118 1709 2155 aa
1737 2101 1801 2168 cepi

94 2185 254 2254 probibitio
273 2202 328 2239 non
348 2192 389 2239 est
402 2186 482 2253 juris
503 2184 726 2251 staturellam
737 2184 892 2253 judicialia
912 2190 939 2235 et
965 2181 1053 2249 debet,
1072 2198 1160 2251 quaro
1172 2183 1305 2237 indecens
1319 2192 1367 2253 est,
1385 2194 1415 2238 nt
1434 2185 1522 2239 amita
1540 2188 1576 2239 rit
1595 2204 1664 2240 uror
1682 2188 1800 2259 nepotis,

97 2272 241 2341 positiva..
280 2272 444 2341 Prcpocitio
469 2272 627 2341 probatur,
663 2272 740 2339 qnod
770 2270 841 2323 onim
868 2270 938 2336 jure
965 2267 1032 2334 auio
1050 2268 1161 2321 deberet
1180 2270 1372 2337 eimnlrcpere
1386 2278 1411 2323 rt
1425 2272 1494 2338 reat,
1511 2272 1615 2339 subjici
1626 2280 1800 2342 etpraeesse.

101 2364 222 2411 naturae
243 2358 423 2426 prohibetur,
453 2374 561 2427 semper
589 2364 616 2410 et
643 2358 743 2426 ubique
762 2356 937 2424 prolibatur,
966 2353 1005 2406 At
1019 2361 1145 2424 patruus
1162 2363 1202 2407 cat
1231 2356 1379 2409 ordinarie
1404 2360 1498 2409 senior
1518 2365 1598 2426 inopte
1626 2365 1653 2411 et
1670 2358 1701 2411 in
1719 2358 1800 2413 illam

100 2460 188 2513 neque
217 2443 253 2496 id
278 2444 441 2497 mltrsroarii
464 2451 574 2512 repant.
622 2442 766 2497 Aeettmtio
789 2444 938 2512 probatur.
964 2440 1046 2492 babet
1065 2440 1274 2505 auctoritatem,
1301 2450 1416 2495 nonest
1435 2444 1690 2507 antemindccono,
1709 2443 1801 2497 utuir

100 2532 177 2585 Nam
201 2531 248 2583 lex
270 2531 324 2584 illa
350 2530 469 2583 Leuitici
486 2530 618 2598 probibet
644 2529 803 2599 conjupium
828 2530 938 2598 nepotis
964 2526 1001 2578 eit
1024 2543 1112 2579 uxore
1139 2526 1235 2579 senior
1264 2534 1290 2579 et
1315 2527 1364 2580 illi
1387 2529 1507 2597 praesit.
1557 2529 1622 2582 Hac
1649 2531 1736 2597 ipitur
1764 2532 1799 2584 de

100 2634 162 2671 mem
180 2618 271 2670 amita
284 2624 309 2670 et
328 2624 487 2685 matertera,
510 2625 536 2671 at
555 2635 610 2671 non
625 2616 757 2687 probibet
775 2617 938 2685 conjugium
964 2628 1053 2664 consa
1071 2612 1117 2664 lea
1133 2629 1219 2665 tinum
1235 2612 1387 2681 probibuit,
1408 2614 1529 2668 altorum
1547 2615 1689 2670 concessit.
1725 2617 1802 2669 Pari

96 2704 200 2777 potenti
218 2704 262 2756 uel
278 2702 412 2757 auunculi
429 2720 490 2755 mern
510 2712 590 2775 riepde
616 2720 649 2755 er
666 2704 762 2766 fratre
779 2703 824 2756 uel
843 2720 877 2755 ee
894 2719 937 2755 so·
965 2698 1075 2752 ratione
1093 2698 1165 2751 siout
1186 2700 1297 2768 turpius
1318 2706 1366 2767 ert,
1385 2706 1415 2753 ul
1432 2718 1490 2753 uno
1509 2702 1610 2756 mulier
1628 2704 1699 2755 duos
1716 2702 1801 2757 simut

100 2807 179 2861 rore,
210 2806 271 2843 cum
298 2796 393 2843 tamen
421 2788 477 2842 tint
505 2790 534 2842 in
564 2792 661 2843 eodem
683 2790 777 2857 produ
801 2805 887 2857 nepot
912 2795 938 2842 et
964 2785 1081 2838 ararites
1097 2785 1206 2854 babeat,
1225 2788 1494 2855 quarnutunueuir
1507 2789 1676 2843 duossimnl
1691 2806 1799 2854 errores,

99 2878 202 2939 amita,
222 2884 345 2945 patritus
370 2884 397 2929 et
419 2875 519 2945 neptis.
563 2875 720 2929 Praetereo
743 2875 788 2927 len
806 2875 938 2943 probibet
963 2872 1005 2925 ita
1026 2888 1078 2925 ruo
1104 2874 1187 2926 mode
1207 2873 1379 2927 indecentius
1397 2875 1523 2945 uidetur,
1549 2883 1579 2929 nt
1597 2892 1656 2929 una
1674 2875 1712 2930 sit
1729 2894 1799 2931 naor

99 2964 262 3032 eonjupium
302 2980 361 3015 cum
405 2977 492 3014 neore
530 2961 636 3025 fratris
674 2962 757 3014 otiam
800 2962 937 3029 clesuncti,
964 2960 1086 3012 duorum
1102 2961 1229 3023 fratrum
1257 2960 1343 3013 etiam
1361 2961 1531 3026 mtcceeoiue,
1560 2980 1642 3031 pam
1669 2970 1700 3015 ut
1727 2978 1799 3015 unm

101 3057 126 3104 et
143 3066 199 3103 non
216 3048 347 3117 probibet
365 3048 527 3116 conjupium
552 3064 614 3100 oum
632 3064 728 3102 sorore
749 3048 846 3099 umoris
883 3047 939 3099 nisi
962 3045 1007 3098 oir
1026 3045 1063 3097 sit
1077 3046 1199 3099 duanam
1212 3063 1341 3100 sororum
1354 3048 1515 3115 accceseizu,
1535 3056 1561 3101 et
1577 3049 1642 3102 ideo
1656 3050 1799 3103 teatinum

101 3152 133 3189 ea
160 3136 280 3197 m'oento,
307 3140 333 3186 ct
360 3133 485 3201 proinde
512 3150 569 3185 aon
602 3133 733 3201 probibet
756 3151 817 3186 cnm
839 3150 937 3186 sorore
963 3133 1114 3200 concessit,
1139 3131 1258 3185 alterum
1273 3132 1428 3203 probibuit.
1467 3132 1690 3204 Respondemus:
1709 3134 1739 3191 si
1758 3134 1798 3189 iu·

100 3220 198 3274 uraris
214 3220 276 3289 jam
301 3220 467 3287 defunctae,
493 3226 519 3271 et
543 3226 635 3271 tamen
655 3226 696 3271 oet
723 3218 797 3270 ritem
817 3234 937 3287 prorsus
963 3217 1107 3271 decentius
1132 3224 1187 3281 est,
1215 3234 1298 3272 unam
1322 3217 1455 3273 feminam
1472 3235 1532 3273 esse
1550 3236 1662 3275 uxorem
1681 3221 1797 3275 duorum

101 3306 253 3373 affinitatis
278 3306 388 3373 proclus
413 3322 472 3357 curn
495 3321 592 3358 sorrrrc
615 3305 712 3357 ureris
730 3312 754 3357 ct
772 3322 832 3357 cum
852 3322 937 3358 rmore
962 3304 1079 3358 stonum
1099 3302 1256 3359 successive
1276 3320 1359 3375 quam
1378 3321 1464 3360 unum
1481 3305 1570 3361 virum
1589 3322 1649 3361 esso
1668 3307 1798 3363 maritum

100 3392 212 3457 fratris.
251 3390 476 3460 Respondemus:
494 3389 664 3445 ostendimus
684 3390 812 3460 superius
830 3388 857 3464 ξ.
877 3396 936 3445 275.
963 3389 1080 3445 duarum
1094 3405 1219 3445 sororum
1232 3392 1395 3455 successive,
1409 3392 1543 3464 sequitur,
1556 3392 1645 3447 Deum
1659 3394 1742 3448 Dent.
1756 3398 1798 3463 tt,

101 3496 155 3533 non
180 3493 324 3548 paeones
351 3476 514 3531 nominatim
549 3492 708 3546 expressae,
743 3477 792 3531 sed
829 3478 937 3544 pradia
963 3494 988 3530 v.
1011 3484 1034 3533 5.
1054 3476 1201 3532 mandasse
1221 3476 1260 3541 id,
1279 3478 1352 3549 quod
1366 3479 1547 3549 indecentius,
1566 3486 1595 3535 et
1613 3480 1797 3551 prohibuisse,

102 3564 322 3635 aopsidietaates
341 3562 369 3616 in
390 3562 515 3618 Ievitico
532 3562 688 3633 prohiberi,
708 3580 740 3618 ex
758 3580 814 3635 quo
830 3570 937 3632 promte
964 3564 1038 3634 quod
1059 3570 1119 3618 erat
1138 3563 1280 3619 decentius
1303 3582 1335 3620 ex
1355 3564 1514 3619 Bellarmini
1536 3565 1690 3637 hypothesi.
1726 3565 1797 3622 Gou-

102 3652 241 3724 sequitur,
260 3666 316 3705 non
333 3656 442 3705 tautum
460 3649 623 3720 conjugium
643 3650 752 3720 nepotis
772 3666 835 3704 oum
852 3650 938 3705 arnita
963 3651 1109 3719 cedamus,
1132 3649 1241 3720 turpius
1266 3658 1293 3706 et
1318 3650 1491 3707 indecentius
1512 3668 1573 3706 csse
1592 3652 1797 3707 matrimonium

101 3738 143 3794 vel
156 3742 315 3801 matertera,
336 3736 386 3791 sed
404 3736 488 3791 ctiam
502 3736 662 3807 conjugium
675 3736 768 3806 patrui
789 3737 834 3790 rel
851 3752 935 3790 aruu-
962 3737 1071 3807 nepotis
1094 3753 1156 3790 cum
1180 3737 1266 3791 amita
1292 3753 1376 3807 quam
1404 3736 1498 3805 putrui
1527 3754 1589 3791 eum
1609 3745 1709 3807 nepta
1731 3739 1798 3793 item

101 3826 152 3879 culi
171 3840 236 3879 cnm
254 3828 338 3893 nepte
366 3838 399 3876 ex
420 3821 506 3876 fratre
532 3822 576 3877 vel
600 3838 633 3877 ex
656 3838 748 3878 sorore
775 3822 804 3875 in
821 3838 937 3878 consen·
963 3822 1124 3893 conjugium
1155 3838 1218 3876 cum
1248 3838 1333 3877 uxore
1366 3821 1462 3876 fratris
1495 3840 1577 3893 quam
1607 3839 1670 3876 cum
1704 3841 1798 3881 sorore

102 3910 238 3983 guinitate
262 3924 322 3964 esse
341 3907 519 3979 prohibitum.
559 3908 630 3962 Item
658 3925 714 3962 nou
740 3913 847 3963 tantum
873 3926 935 3964 con·
963 3906 1065 3976 uxoris,
1084 3906 1194 3961 interim
1215 3907 1281 3977 quia
1298 3908 1509 3977 comparatione
1527 3925 1581 3962 non
1603 3908 1732 3977 excludit,
1748 3910 1798 3966 sed

98 3996 208 4067 jugium
227 4012 291 4050 cum
308 4011 395 4049 usare
414 3993 507 4048 fratria
525 3993 664 4057 defuncti,
691 3994 741 4049 sed
769 3995 852 4049 ctiam
871 4012 935 4050 con·
962 3994 1055 4064 potius
1069 3994 1278 4063 praesupponit
1293 3993 1453 4063 positionem,
1473 3995 1536 4049 ideo
1554 3999 1583 4049 et
1600 3995 1679 4050 nobis
1692 3996 1797 4051 Beller-

98 4082 207 4155 jugium
230 4100 293 4138 cnm
320 4099 412 4137 sorore
444 4082 536 4137 uxoris
570 4082 720 4137 defunctae
747 4083 776 4137 in
801 4082 936 4139 affinitate
962 4079 1054 4133 minus
1070 4078 1124 4134 hoe
1142 4079 1290 4148 concedat,
1319 4084 1400 4151 turpe
1423 4086 1452 4135 et
1478 4079 1609 4135 indecens
1627 4098 1687 4137 esse
1705 4082 1797 4136 matri-

101 4168 268 4239 prohibitum
286 4186 359 4233 esse,
385 4170 459 4240 quod
487 4167 577 4239 ipsum
604 4170 688 4224 latius
711 4169 936 4225 confirmabimus
963 4166 1083 4221 monium
1105 4165 1199 4237 patrui
1215 4182 1278 4220 cum
1295 4170 1379 4235 nepte
1399 4170 1428 4220 et
1445 4166 1606 4237 conjugium
1624 4183 1687 4221 eum
1704 4184 1797 4223 sorore
1848 4148 1855 4171 ’

101 4254 221 4311 iuferius.
262 4256 340 4320 Quae
360 4255 389 4309 iu
408 4255 576 4311 contrarium
594 4256 779 4310 Bellarminus
804 4256 936 4312 hocloco
962 4252 1063 4307 uxoris.
1094 4252 1225 4317 Quamvis
1246 4252 1317 4307 euim
1336 4252 1365 4305 in
1380 4251 1513 4323 gadibus
1528 4252 1691 4323 aequalibus
1709 4255 1798 4324 major

102 4340 188 4411 affert,
210 4359 309 4413 parum
329 4341 435 4396 roboris
454 4341 589 4396 obtinent.
612 4347 633 4396 1.
653 4341 759 4413 iuquit,
789 4360 935 4412 arpnmen-
962 4340 999 4393 sit
1021 4338 1180 4409 turpitudo,
1204 4342 1297 4393 muron
1317 4354 1380 4392 oum
1403 4337 1500 4393 eadem
1528 4344 1639 4393 maneat
1655 4339 1796 4406 distantia,

101 4418 201 4483 tuns'a
228 4428 318 4482 simili
345 4430 374 4482 in
406 4428 514 4496 lepibns
538 4428 747 4498 probibentibus
778 4447 834 4483 non
865 4431 936 4483 solet
962 4426 1026 4480 ideo
1054 4423 1128 4477 idem
1156 4422 1350 4493 prohibitionis
1364 4426 1412 4495 jus
1430 4424 1523 4480 valere
1551 4427 1735 4497 censendum,
1765 4431 1798 4480 ut

101 4516 201 4584 solere,
218 4514 295 4584 lepor
313 4515 386 4569 enim
398 4514 580 4584 prohibentes
597 4522 662 4567 sunt
675 4514 800 4579 odiosae,
819 4515 936 4569 odiosae
962 4512 1035 4567 enim
1060 4510 1121 4580 ipse
1144 4508 1327 4563 Bellarmiuus
1351 4508 1405 4564 hoc
1429 4510 1488 4565 loco
1513 4511 1605 4566 addit:
1634 4512 1796 4567 Dii-orsitus

101 4608 190 4655 antem
205 4600 348 4669 lepesaon
361 4607 425 4655 erent
441 4600 655 4664 locandae,eecl
668 4602 888 4669 reetrinpendoe,
905 4610 936 4655 ut
962 4598 1014 4651 illa
1033 4614 1088 4650 aon
1112 4603 1152 4648 eet
1175 4596 1287 4664 inipso
1312 4599 1408 4663 prado
1426 4598 1665 4668 propinquitatis,
1689 4600 1742 4653 ced
1766 4601 1796 4653 in

100 4686 176 4741 babet
207 4688 307 4757 rapula
333 4688 422 4756 juria.
475 4684 700 4756 Respondemus:
738 4686 935 4742 Brooardicum
961 4687 1058 4754 ulr'quo
1080 4684 1236 4737 eotrinoeco
1254 4687 1475 4755 sumseracldito,
1495 4684 1623 4738 nimirum
1644 4684 1673 4739 in
1694 4692 1796 4755 asum,

99 4770 182 4842 illud,
214 4774 291 4842 quod
316 4774 415 4826 ocliosa
439 4772 495 4825 stne
526 4771 740 4841 restrinpendn,
768 4772 797 4824 iu
825 4772 934 4843 legibus
961 4773 1005 4827 vel
1024 4786 1106 4838 sexu,
1131 4768 1179 4823 vel
1198 4768 1294 4839 aliqua
1314 4770 1397 4823 simili
1416 4770 1630 4826 circumstantie.
1667 4773 1714 4827 Sic
1734 4773 1795 4829 fieri

98 4858 223 4929 positivis
241 4858 384 4927 humanis,
408 4876 464 4913 non
483 4861 576 4911 autem
596 4856 696 4911 divinis
716 4864 743 4912 ct
761 4858 934 4914 annualibus
960 4862 1061 4930 potest,
1078 4861 1111 4910 ut
1128 4854 1215 4910 amita
1232 4855 1268 4910 sit
1286 4862 1388 4927 nepote
1406 4874 1439 4911 ex
1458 4857 1545 4914 fratre
1563 4859 1653 4913 minor
1671 4866 1753 4929 natu,
1771 4860 1795 4913 ei

100 4942 190 4999 locum
212 4944 334 5012 obtinet,
353 4944 422 4999 alias
448 4941 661 5013 explicationem
681 4943 807 5015 decalogi
826 4945 854 4999 iu
872 4962 935 5017 pro·
962 4944 1034 5000 enim
1053 4949 1135 5014 pater
1151 4946 1297 5013 generaret
1315 4940 1402 4997 tilium
1429 4958 1502 4997 enno
1519 4944 1618 4999 aetatis
1640 4952 1680 5001 ¹20.
1700 4948 1747 5018 qui
1768 4952 1797 5001 et

96 5029 243 5101 phetaram
274 5036 303 5087 et
342 5030 529 5100 apostolorum
561 5028 672 5100 scriptis
707 5031 837 5086 traditum
874 5032 1021 5102 eJusipse
1047 5035 1088 5087 20.
1115 5028 1216 5085 acutis
1238 5044 1310 5083 auno
1332 5035 1491 5100 generaret,
1515 5031 1675 5103 contingere
1692 5039 1795 5104 posset,

97 5121 243 5188 praetextu
259 5116 407 5187 repudiare
425 5115 487 5187 quis
508 5119 611 5186 posset.
649 5114 726 5171 Deus
745 5118 804 5189 ipse
824 5118 853 5172 in
873 5110 993 5189 lege‘fut
1019 5117 1092 5173 idem
1119 5121 1199 5187 pater
1227 5113 1313 5169 filiam
1339 5130 1412 5168 anno
1441 5115 1542 5169 aetatis
1568 5121 1609 5171 50.
1635 5118 1795 5189 susciperet,

96 5202 266 5277 generaliter
292 5202 390 5258 edicit:
422 5204 512 5256 Nemo
539 5203 657 5255 accedat
681 5205 722 5255 ad
742 5190 1045 5276 propiaquamiqnam
1070 5217 1156 5272 nepos
1180 5204 1272 5255 aetate
1297 5205 1454 5270 superaret,
1479 5199 1565 5253 nihilo
1587 5205 1681 5255 tamen
1705 5202 1795 5257 minus

95 5290 191 5345 caruis
217 5306 293 5343 ntae.
341 5290 384 5343 Ao
412 5288 525 5361 regulae
553 5287 594 5341 illi
619 5287 690 5358 juris
720 5305 737 5341 a
767 5272 1018 5397 Bellnrmiuottale
1036 5287 1197 5359 conjugium
1216 5286 1269 5341 en't
1281 5284 1461 5357 prohibitum,
1479 5285 1543 5341 licet
1557 5287 1795 5355 eessetillaratio,

53 5374 81 5420 Η
93 5376 235 5433 adductae
247 5373 410 5445 opponimus
423 5375 506 5429 aliam
519 5371 779 5445 jurisconsultorum
789 5376 933 5447 regulam:
948 5402 950 5407 ·
963 5376 1038 5449 quod
1058 5375 1144 5430 amita
1167 5374 1286 5445 patriam
1312 5372 1505 5427 auctoritatem
1524 5373 1631 5427 ratione
1649 5374 1749 5429 aetatis
1767 5374 1795 5427 iu

97 5462 153 5517 Ubi
169 5463 339 5531 redempor
364 5462 457 5515 omnia
483 5460 573 5526 ratio,
602 5460 642 5513 ibi
662 5459 714 5529 juo
733 5461 816 5518 idem.
855 5462 1092 5533 ltem„ncpotem
1111 5459 1241 5515 obtineat.
1266 5456 1337 5513 Item
1353 5458 1451 5531 siquis
1466 5457 1601 5514 demortui
1620 5458 1712 5514 imtris
1731 5474 1796 5513 uxo·

90 5550 170 5619 lepor
183 5548 329 5619 omentis
343 5548 385 5602 ad
397 5564 491 5603 omues
504 5547 620 5617 species,
640 5562 710 5616 qnae
723 5564 774 5601 sua
787 5548 933 5617 complexu
948 5528 1022 5603 frem
1033 5546 1168 5603 semerom
1185 5544 1214 5600 in
1226 5545 1431 5602 matrimonium
1448 5544 1532 5601 vellet
1547 5546 1658 5613 ducere,
1674 5543 1703 5597 id
1723 5543 1796 5599 foret
