<?xml version="1.0" encoding="UTF-8"?>
<!DOCTYPE html PUBLIC "-//W3C//DTD XHTML 1.0 Transitional//EN"
    "http://www.w3.org/TR/xhtml1/DTD/xhtml1-transitional.dtd">
<html xmlns="http://www.w3.org/1999/xhtml" xml:lang="en" lang="en">
 <head>
  <title>
</title>
<meta http-equiv="Content-Type" content="text/html;charset=utf-8" />
  <meta name='ocr-system' content='tesseract 3.04.00' />
  <meta name='ocr-capabilities' content='ocr_page ocr_carea ocr_par ocr_line ocrx_word'/>
</head>
<body>
  <div class='ocr_page' id='page_1' title='image "./locitheologicit01gerhgoog/locitheologicit01gerhgoog_0446.png"; bbox 0 0 4020 6022; ppageno 0'>
   <div class='ocr_carea' id='block_1_1' title="bbox 210 247 1330 317">
    <p class='ocr_par' dir='ltr' id='par_1_1' title="bbox 210 247 1330 317">
     <span class='ocr_line' id='line_1_1' title="bbox 210 247 1330 317; baseline 0.003 -10"><span class='ocrx_word' id='word_1_1' title='bbox 210 257 271 317; x_wconf 79' lang='lat'><strong>2136</strong></span> <span class='ocrx_word' id='word_1_2' title='bbox 794 248 919 309; x_wconf 80' lang='lat' dir='ltr'><strong>Locus</strong></span> <span class='ocrx_word' id='word_1_3' title='bbox 937 247 1143 309; x_wconf 70' lang='lat' dir='ltr'><strong>menemus</strong></span> <span class='ocrx_word' id='word_1_4' title='bbox 1162 249 1330 317; x_wconf 80' lang='lat' dir='ltr'>QUINTUS</span> 
     </span>
    </p>
   </div>
   <div class='ocr_carea' id='block_1_2' title="bbox 208 391 1910 656">
    <p class='ocr_par' dir='ltr' id='par_1_2' title="bbox 208 391 1910 656">
     <span class='ocr_line' id='line_1_2' title="bbox 210 391 1910 481; baseline 0 -16"><span class='ocrx_word' id='word_1_5' title='bbox 210 407 298 465; x_wconf 89' lang='lat' dir='ltr'><strong>inscio</strong></span> <span class='ocrx_word' id='word_1_6' title='bbox 318 406 368 463; x_wconf 85' lang='lat' dir='ltr'><strong>dat</strong></span> <span class='ocrx_word' id='word_1_7' title='bbox 387 405 471 463; x_wconf 87' lang='lat' dir='ltr'><strong>fidem</strong></span> <span class='ocrx_word' id='word_1_8' title='bbox 489 404 718 461; x_wconf 88' lang='lat' dir='ltr'><strong>matrimonialem</strong></span> <span class='ocrx_word' id='word_1_9' title='bbox 737 405 909 477; x_wconf 80' lang='lat' dir='ltr'><strong>Sempronio,</strong></span> <span class='ocrx_word' id='word_1_10' title='bbox 927 406 995 477; x_wconf 91' lang='lat' dir='ltr'><strong>quin</strong></span> <span class='ocrx_word' id='word_1_11' title='bbox 1014 411 1043 461; x_wconf 89' lang='lat' dir='ltr'><strong>et</strong></span> <span class='ocrx_word' id='word_1_12' title='bbox 1072 405 1147 479; x_wconf 85' lang='lat' dir='ltr'><strong>Ergo</strong></span> <span class='ocrx_word' id='word_1_13' title='bbox 1165 405 1252 462; x_wconf 90' lang='lat' dir='ltr'><strong>etiam</strong></span> <span class='ocrx_word' id='word_1_14' title='bbox 1270 423 1373 477; x_wconf 87' lang='lat' dir='ltr'><strong>spansa</strong></span> <span class='ocrx_word' id='word_1_15' title='bbox 1391 391 1427 463; x_wconf 87' lang='lat' dir='ltr'><strong>ah</strong></span> <span class='ocrx_word' id='word_1_16' title='bbox 1444 424 1485 478; x_wconf 90' lang='lat' dir='ltr'><strong>eo,</strong></span> <span class='ocrx_word' id='word_1_17' title='bbox 1514 408 1560 462; x_wconf 91' lang='lat' dir='ltr'><strong>cui</strong></span> <span class='ocrx_word' id='word_1_18' title='bbox 1581 414 1646 480; x_wconf 92' lang='lat' dir='ltr'><strong>post</strong></span> <span class='ocrx_word' id='word_1_19' title='bbox 1664 408 1910 481; x_wconf 80' lang='lat' dir='ltr'><strong>desponsationem</strong></span> 
     </span>
     <span class='ocr_line' id='line_1_3' title="bbox 211 492 1908 566; baseline -0.002 -14"><span class='ocrx_word' id='word_1_20' title='bbox 211 495 357 553; x_wconf 89' lang='lat' dir='ltr'><strong>celebratis</strong></span> <span class='ocrx_word' id='word_1_21' title='bbox 376 493 522 566; x_wconf 90' lang='lat' dir='ltr'><strong>nuptiisin</strong></span> <span class='ocrx_word' id='word_1_22' title='bbox 539 494 649 549; x_wconf 87' lang='lat' dir='ltr'><strong>domam</strong></span> <span class='ocrx_word' id='word_1_23' title='bbox 664 493 755 548; x_wconf 86' lang='lat' dir='ltr'><strong>mariti</strong></span> <span class='ocrx_word' id='word_1_24' title='bbox 775 492 922 549; x_wconf 75' lang='lat' dir='ltr'><strong>deducitur</strong></span> <span class='ocrx_word' id='word_1_25' title='bbox 941 499 1045 549; x_wconf 89' lang='lat' dir='ltr'><strong>etcon·</strong></span> <span class='ocrx_word' id='word_1_26' title='bbox 1072 492 1151 549; x_wconf 90' lang='lat' dir='ltr'><strong>alteri</strong></span> <span class='ocrx_word' id='word_1_27' title='bbox 1164 493 1268 548; x_wconf 82' lang='lat' dir='ltr'><strong>iactam</strong></span> <span class='ocrx_word' id='word_1_28' title='bbox 1292 494 1396 564; x_wconf 78' lang='lat' dir='ltr'><strong>nupsit,</strong></span> <span class='ocrx_word' id='word_1_29' title='bbox 1427 494 1577 565; x_wconf 87' lang='lat' dir='ltr'><strong>eripienda.</strong></span> <span class='ocrx_word' id='word_1_30' title='bbox 1626 496 1822 550; x_wconf 73' lang='lat' dir='ltr'><strong>Dictum-nitas</strong></span> <span class='ocrx_word' id='word_1_31' title='bbox 1850 504 1908 549; x_wconf 86' lang='lat' dir='ltr'><strong>ten-</strong></span> 
     </span>
     <span class='ocr_line' id='line_1_4' title="bbox 208 578 1906 656; baseline -0.001 -18"><span class='ocrx_word' id='word_1_32' title='bbox 208 583 343 656; x_wconf 86' lang='lat' dir='ltr'><strong>jugaliter</strong></span> <span class='ocrx_word' id='word_1_33' title='bbox 360 581 386 637; x_wconf 90' lang='lat' dir='ltr'><strong>ei</strong></span> <span class='ocrx_word' id='word_1_34' title='bbox 401 580 550 637; x_wconf 85' lang='lat' dir='ltr'><strong>cohabitat</strong></span> <span class='ocrx_word' id='word_1_35' title='bbox 599 580 691 636; x_wconf 86' lang='lat' dir='ltr'><strong>Titius</strong></span> <span class='ocrx_word' id='word_1_36' title='bbox 715 581 750 636; x_wconf 92' lang='lat' dir='ltr'><strong>de</strong></span> <span class='ocrx_word' id='word_1_37' title='bbox 775 597 807 636; x_wconf 92' lang='lat' dir='ltr'><strong>eo</strong></span> <span class='ocrx_word' id='word_1_38' title='bbox 830 580 930 635; x_wconf 82' lang='lat' dir='ltr'>certior</span> <span class='ocrx_word' id='word_1_39' title='bbox 955 578 1045 634; x_wconf 81' lang='lat' dir='ltr'><strong>iaetus</strong></span> <span class='ocrx_word' id='word_1_40' title='bbox 1069 581 1154 650; x_wconf 82' lang='lat' dir='ltr'><strong>poris</strong></span> <span class='ocrx_word' id='word_1_41' title='bbox 1176 588 1323 650; x_wconf 81' lang='lat' dir='ltr'><strong>peccatam</strong></span> <span class='ocrx_word' id='word_1_42' title='bbox 1349 600 1406 637; x_wconf 92' lang='lat' dir='ltr'><strong>non</strong></span> <span class='ocrx_word' id='word_1_43' title='bbox 1434 583 1542 645; x_wconf 83' lang='lat' dir='ltr'><strong>minuit,</strong></span> <span class='ocrx_word' id='word_1_44' title='bbox 1574 585 1626 637; x_wconf 82' lang='lat' dir='ltr'><strong>sed</strong></span> <span class='ocrx_word' id='word_1_45' title='bbox 1651 591 1748 652; x_wconf 70' lang='lat' dir='ltr'><strong>auget,</strong></span> <span class='ocrx_word' id='word_1_46' title='bbox 1778 589 1906 653; x_wconf 75' lang='lat' dir='ltr'><strong>tantaque</strong></span> 
     </span>
    </p>
   </div>
   <div class='ocr_carea' id='block_1_3' title="bbox 86 664 1954 5678">
    <p class='ocr_par' dir='ltr' id='par_1_3' title="bbox 86 664 1954 5678">
     <span class='ocr_line' id='line_1_5' title="bbox 212 664 1906 739; baseline 0 -14"><span class='ocrx_word' id='word_1_47' title='bbox 212 670 333 739; x_wconf 85' lang='lat' dir='ltr'><strong>advolat,</strong></span> <span class='ocrx_word' id='word_1_48' title='bbox 360 668 516 723; x_wconf 73' lang='lat' dir='ltr'><strong>Susannam</strong></span> <span class='ocrx_word' id='word_1_49' title='bbox 537 667 699 738; x_wconf 88' lang='lat' dir='ltr'><strong>Sempronio</strong></span> <span class='ocrx_word' id='word_1_50' title='bbox 726 671 843 736; x_wconf 86' lang='lat' dir='ltr'><strong>nuptam</strong></span> <span class='ocrx_word' id='word_1_51' title='bbox 868 664 958 721; x_wconf 85' lang='lat' dir='ltr'><strong>eidem</strong></span> <span class='ocrx_word' id='word_1_52' title='bbox 975 665 1045 736; x_wconf 87' lang='lat' dir='ltr'><strong>eripi</strong></span> <span class='ocrx_word' id='word_1_53' title='bbox 1071 667 1206 734; x_wconf 75' lang='lat' dir='ltr'><strong>premere</strong></span> <span class='ocrx_word' id='word_1_54' title='bbox 1235 674 1298 720; x_wconf 85' lang='lat' dir='ltr'><strong>sant</strong></span> <span class='ocrx_word' id='word_1_55' title='bbox 1330 668 1458 731; x_wconf 82' lang='lat' dir='ltr'><strong>crirnina,</strong></span> <span class='ocrx_word' id='word_1_56' title='bbox 1484 676 1588 737; x_wconf 76' lang='lat' dir='ltr'><strong>aemma</strong></span> <span class='ocrx_word' id='word_1_57' title='bbox 1621 670 1733 723; x_wconf 80' lang='lat' dir='ltr'><strong>diutins</strong></span> <span class='ocrx_word' id='word_1_58' title='bbox 1764 670 1906 739; x_wconf 71' lang='lat' dir='ltr'><em>infelicem</em></span> 
     </span>
     <span class='ocr_line' id='line_1_6' title="bbox 86 751 1905 826; baseline 0.005 -23"><span class='ocrx_word' id='word_1_59' title='bbox 86 761 140 804; x_wconf 67' lang='grc' dir='ltr'><strong>ΠΙ,</strong></span> <span class='ocrx_word' id='word_1_60' title='bbox 153 760 199 804; x_wconf 81' lang='lat' dir='ltr'><strong>tat.</strong></span> <span class='ocrx_word' id='word_1_61' title='bbox 213 755 321 826; x_wconf 89' lang='lat' dir='ltr'><strong>sibique</strong></span> <span class='ocrx_word' id='word_1_62' title='bbox 340 753 448 810; x_wconf 89' lang='lat' dir='ltr'><strong>restitui</strong></span> <span class='ocrx_word' id='word_1_63' title='bbox 460 753 592 824; x_wconf 87' lang='lat' dir='ltr'><strong>postulat</strong></span> <span class='ocrx_word' id='word_1_64' title='bbox 624 752 757 820; x_wconf 75' lang='lat' dir='ltr'><strong>Quaestio</strong></span> <span class='ocrx_word' id='word_1_65' title='bbox 771 752 865 816; x_wconf 89' lang='lat' dir='ltr'><strong>oritur,</strong></span> <span class='ocrx_word' id='word_1_66' title='bbox 879 751 947 823; x_wconf 94' lang='lat' dir='ltr'><strong>quid</strong></span> <span class='ocrx_word' id='word_1_67' title='bbox 958 752 1045 822; x_wconf 90' lang='lat' dir='ltr'><strong>judex</strong></span> <span class='ocrx_word' id='word_1_68' title='bbox 1072 753 1195 806; x_wconf 83' lang='lat' dir='ltr'><strong>animam</strong></span> <span class='ocrx_word' id='word_1_69' title='bbox 1211 755 1334 807; x_wconf 75' lang='lat' dir='ltr'><strong>detinent</strong></span> <span class='ocrx_word' id='word_1_70' title='bbox 1349 754 1508 822; x_wconf 68' lang='lat' dir='ltr'><strong>alligatam.</strong></span> <span class='ocrx_word' id='word_1_71' title='bbox 1526 772 1551 811; x_wconf 86' lang='lat' dir='ltr'><strong>o.</strong></span> <span class='ocrx_word' id='word_1_72' title='bbox 1561 754 1624 810; x_wconf 89' lang='lat' dir='ltr'><strong>Nan</strong></span> <span class='ocrx_word' id='word_1_73' title='bbox 1641 755 1729 812; x_wconf 88' lang='lat' dir='ltr'><strong>debet</strong></span> <span class='ocrx_word' id='word_1_74' title='bbox 1738 763 1793 812; x_wconf 89' lang='lat' dir='ltr'><strong>otc.</strong></span> <span class='ocrx_word' id='word_1_75' title='bbox 1804 757 1905 812; x_wconf 89' lang='lat' dir='ltr'><strong>decon-</strong></span> 
     </span>
     <span class='ocr_line' id='line_1_7' title="bbox 212 837 1903 912; baseline 0.001 -15"><span class='ocrx_word' id='word_1_76' title='bbox 212 858 358 897; x_wconf 85' lang='lat' dir='ltr'><strong>cansarum</strong></span> <span class='ocrx_word' id='word_1_77' title='bbox 388 839 632 895; x_wconf 71' lang='lat' dir='ltr'><strong>matrimonialium</strong></span> <span class='ocrx_word' id='word_1_78' title='bbox 663 843 785 894; x_wconf 77' lang='lat' dir='ltr'><strong>statuere</strong></span> <span class='ocrx_word' id='word_1_79' title='bbox 824 837 942 895; x_wconf 77' lang='lat' dir='ltr'><strong>debeat?</strong></span> <span class='ocrx_word' id='word_1_80' title='bbox 991 837 1046 904; x_wconf 83' lang='lat' dir='ltr'><strong>Qui</strong></span> <span class='ocrx_word' id='word_1_81' title='bbox 1072 855 1150 911; x_wconf 88' lang='lat' dir='ltr'><strong>sang.</strong></span> <span class='ocrx_word' id='word_1_82' title='bbox 1170 845 1198 895; x_wconf 90' lang='lat' dir='ltr'><strong>et</strong></span> <span class='ocrx_word' id='word_1_83' title='bbox 1214 839 1311 896; x_wconf 82' lang='lat' dir='ltr'><strong>affluit</strong></span> <span class='ocrx_word' id='word_1_84' title='bbox 1347 847 1370 896; x_wconf 85' lang='lat'><strong>5.</strong></span> <span class='ocrx_word' id='word_1_85' title='bbox 1390 842 1437 894; x_wconf 82' lang='lat' dir='ltr'><strong>Ee</strong></span> <span class='ocrx_word' id='word_1_86' title='bbox 1456 843 1673 912; x_wconf 86' lang='lat' dir='ltr'><strong>comparatione.</strong></span> <span class='ocrx_word' id='word_1_87' title='bbox 1710 842 1743 897; x_wconf 89' lang='lat' dir='ltr'><strong>Si</strong></span> <span class='ocrx_word' id='word_1_88' title='bbox 1762 843 1831 899; x_wconf 86' lang='lat' dir='ltr'><strong>licet</strong></span> <span class='ocrx_word' id='word_1_89' title='bbox 1854 861 1903 898; x_wconf 88' lang='lat' dir='ltr'><strong>ma·</strong></span> 
     </span>
     <span class='ocr_line' id='line_1_8' title="bbox 212 924 1905 1002; baseline 0.002 -19"><span class='ocrx_word' id='word_1_90' title='bbox 212 945 274 983; x_wconf 86' lang='lat' dir='ltr'><strong>eam</strong></span> <span class='ocrx_word' id='word_1_91' title='bbox 291 943 309 982; x_wconf 90' lang='lat' dir='ltr'><strong>a</strong></span> <span class='ocrx_word' id='word_1_92' title='bbox 327 927 426 982; x_wconf 91' lang='lat' dir='ltr'><strong>marito</strong></span> <span class='ocrx_word' id='word_1_93' title='bbox 447 925 609 998; x_wconf 85' lang='lat' dir='ltr'><strong>Sempronio</strong></span> <span class='ocrx_word' id='word_1_94' title='bbox 629 924 823 994; x_wconf 84' lang='lat' dir='ltr'><strong>divellendum,</strong></span> <span class='ocrx_word' id='word_1_95' title='bbox 848 925 924 980; x_wconf 86' lang='lat' dir='ltr'><strong>Titio</strong></span> <span class='ocrx_word' id='word_1_96' title='bbox 944 941 1045 996; x_wconf 87' lang='lat' dir='ltr'><strong>sponso</strong></span> <span class='ocrx_word' id='word_1_97' title='bbox 1072 926 1126 982; x_wconf 90' lang='lat' dir='ltr'><strong>rito</strong></span> <span class='ocrx_word' id='word_1_98' title='bbox 1144 943 1255 982; x_wconf 87' lang='lat' dir='ltr'><strong>uxorem</strong></span> <span class='ocrx_word' id='word_1_99' title='bbox 1275 944 1353 983; x_wconf 88' lang='lat' dir='ltr'><strong>suam</strong></span> <span class='ocrx_word' id='word_1_100' title='bbox 1385 932 1510 998; x_wconf 89' lang='lat' dir='ltr'><strong>repetere</strong></span> <span class='ocrx_word' id='word_1_101' title='bbox 1540 945 1595 985; x_wconf 93' lang='lat' dir='ltr'><strong>non</strong></span> <span class='ocrx_word' id='word_1_102' title='bbox 1619 929 1751 986; x_wconf 91' lang='lat' dir='ltr'><strong>obstante</strong></span> <span class='ocrx_word' id='word_1_103' title='bbox 1770 929 1905 1002; x_wconf 87' lang='lat' dir='ltr'><strong>religionis</strong></span> 
     </span>
     <span class='ocr_line' id='line_1_9' title="bbox 213 1011 1904 1088; baseline 0.004 -22"><span class='ocrx_word' id='word_1_104' title='bbox 213 1013 412 1069; x_wconf 86' lang='lat' dir='ltr'><strong>restituendam</strong></span> <span class='ocrx_word' id='word_1_105' title='bbox 432 1017 460 1069; x_wconf 92' lang='lat' dir='ltr'><strong>et</strong></span> <span class='ocrx_word' id='word_1_106' title='bbox 476 1011 613 1083; x_wconf 83' lang='lat' dir='ltr'><strong>posterius</strong></span> <span class='ocrx_word' id='word_1_107' title='bbox 632 1011 702 1066; x_wconf 88' lang='lat' dir='ltr'><strong>illud</strong></span> <span class='ocrx_word' id='word_1_108' title='bbox 716 1011 920 1066; x_wconf 86' lang='lat' dir='ltr'><strong>matrimonium</strong></span> <span class='ocrx_word' id='word_1_109' title='bbox 938 1011 1046 1066; x_wconf 88' lang='lat' dir='ltr'><strong>irritum</strong></span> <span class='ocrx_word' id='word_1_110' title='bbox 1072 1013 1130 1068; x_wconf 86' lang='lat' dir='ltr'><strong>sive</strong></span> <span class='ocrx_word' id='word_1_111' title='bbox 1146 1018 1299 1085; x_wconf 85' lang='lat' dir='ltr'><strong>perpetuae</strong></span> <span class='ocrx_word' id='word_1_112' title='bbox 1316 1013 1501 1070; x_wconf 90' lang='lat' dir='ltr'><strong>continentiae</strong></span> <span class='ocrx_word' id='word_1_113' title='bbox 1519 1020 1592 1084; x_wconf 83' lang='lat' dir='ltr'><strong>vota,</strong></span> <span class='ocrx_word' id='word_1_114' title='bbox 1617 1017 1718 1088; x_wconf 91' lang='lat' dir='ltr'><strong>utique</strong></span> <span class='ocrx_word' id='word_1_115' title='bbox 1737 1016 1825 1071; x_wconf 86' lang='lat' dir='ltr'><strong>stiam</strong></span> <span class='ocrx_word' id='word_1_116' title='bbox 1845 1016 1904 1073; x_wconf 86' lang='lat' dir='ltr'><strong>licet</strong></span> 
     </span>
     <span class='ocr_line' id='line_1_10' title="bbox 213 1097 1904 1171; baseline 0.002 -16"><span class='ocrx_word' id='word_1_117' title='bbox 213 1100 448 1170; x_wconf 86' lang='lat' dir='ltr'><strong>pronuntiandum</strong></span> <span class='ocrx_word' id='word_1_118' title='bbox 473 1115 534 1154; x_wconf 88' lang='lat' dir='ltr'><strong>esse</strong></span> <span class='ocrx_word' id='word_1_119' title='bbox 552 1098 718 1168; x_wconf 80' lang='lat' dir='ltr'><strong>existimant,</strong></span> <span class='ocrx_word' id='word_1_120' title='bbox 736 1097 811 1154; x_wconf 89' lang='lat' dir='ltr'><strong>hisce</strong></span> <span class='ocrx_word' id='word_1_121' title='bbox 831 1103 946 1152; x_wconf 88' lang='lat' dir='ltr'><strong>utuntur</strong></span> <span class='ocrx_word' id='word_1_122' title='bbox 963 1113 1046 1168; x_wconf 82' lang='lat' dir='ltr'><strong>argu-</strong></span> <span class='ocrx_word' id='word_1_123' title='bbox 1072 1116 1174 1171; x_wconf 90' lang='lat' dir='ltr'><strong>sponso</strong></span> <span class='ocrx_word' id='word_1_124' title='bbox 1206 1105 1330 1170; x_wconf 89' lang='lat' dir='ltr'><strong>repetere</strong></span> <span class='ocrx_word' id='word_1_125' title='bbox 1355 1117 1433 1155; x_wconf 85' lang='lat' dir='ltr'><strong>nram</strong></span> <span class='ocrx_word' id='word_1_126' title='bbox 1459 1116 1587 1171; x_wconf 87' lang='lat' dir='ltr'><strong>sponsam</strong></span> <span class='ocrx_word' id='word_1_127' title='bbox 1613 1118 1669 1156; x_wconf 91' lang='lat' dir='ltr'><strong>non</strong></span> <span class='ocrx_word' id='word_1_128' title='bbox 1699 1101 1834 1158; x_wconf 84' lang='lat' dir='ltr'><strong>obstante</strong></span> <span class='ocrx_word' id='word_1_129' title='bbox 1856 1103 1904 1158; x_wconf 84' lang='lat' dir='ltr'><strong>tide</strong></span> 
     </span>
     <span class='ocr_line' id='line_1_11' title="bbox 214 1182 1903 1258; baseline 0.003 -18"><span class='ocrx_word' id='word_1_130' title='bbox 214 1186 326 1241; x_wconf 90' lang='lat' dir='ltr'><strong>mentis:</strong></span> <span class='ocrx_word' id='word_1_131' title='bbox 350 1192 373 1242; x_wconf 89' lang='lat' dir='ltr'><strong>l.</strong></span> <span class='ocrx_word' id='word_1_132' title='bbox 393 1203 427 1240; x_wconf 81' lang='lat' dir='ltr'><strong>ee</strong></span> <span class='ocrx_word' id='word_1_133' title='bbox 439 1187 520 1256; x_wconf 83' lang='lat' dir='ltr'><strong>juris</strong></span> <span class='ocrx_word' id='word_1_134' title='bbox 540 1185 631 1240; x_wconf 86' lang='lat' dir='ltr'><strong>dicini</strong></span> <span class='ocrx_word' id='word_1_135' title='bbox 642 1185 791 1238; x_wconf 81' lang='lat' dir='ltr'><strong>decisione.</strong></span> <span class='ocrx_word' id='word_1_136' title='bbox 828 1182 937 1257; x_wconf 85' lang='lat' dir='ltr'><strong>Spqnsa</strong></span> <span class='ocrx_word' id='word_1_137' title='bbox 954 1199 1046 1237; x_wconf 90' lang='lat' dir='ltr'><strong>coram</strong></span> <span class='ocrx_word' id='word_1_138' title='bbox 1072 1184 1267 1241; x_wconf 87' lang='lat' dir='ltr'><strong>matrimoniali</strong></span> <span class='ocrx_word' id='word_1_139' title='bbox 1293 1185 1373 1242; x_wconf 90' lang='lat' dir='ltr'><strong>alteri</strong></span> <span class='ocrx_word' id='word_1_140' title='bbox 1398 1187 1575 1258; x_wconf 91' lang='lat' dir='ltr'><strong>postmodum</strong></span> <span class='ocrx_word' id='word_1_141' title='bbox 1604 1188 1679 1244; x_wconf 80' lang='lat' dir='ltr'><strong>data</strong></span> <span class='ocrx_word' id='word_1_142' title='bbox 1728 1189 1786 1244; x_wconf 88' lang='lat' dir='ltr'><strong>Sed</strong></span> <span class='ocrx_word' id='word_1_143' title='bbox 1817 1207 1903 1245; x_wconf 86' lang='lat' dir='ltr'><strong>verum</strong></span> 
     </span>
     <span class='ocr_line' id='line_1_12' title="bbox 213 1269 1904 1344; baseline 0.001 -16"><span class='ocrx_word' id='word_1_144' title='bbox 213 1272 274 1328; x_wconf 89' lang='lat' dir='ltr'><strong>Deo</strong></span> <span class='ocrx_word' id='word_1_145' title='bbox 297 1279 339 1328; x_wconf 91' lang='lat' dir='ltr'><strong>est</strong></span> <span class='ocrx_word' id='word_1_146' title='bbox 357 1289 427 1327; x_wconf 91' lang='lat' dir='ltr'><strong>uxor</strong></span> <span class='ocrx_word' id='word_1_147' title='bbox 443 1271 534 1340; x_wconf 86' lang='lat' dir='ltr'><strong>illius,</strong></span> <span class='ocrx_word' id='word_1_148' title='bbox 563 1271 608 1326; x_wconf 92' lang='lat' dir='ltr'><strong>cui</strong></span> <span class='ocrx_word' id='word_1_149' title='bbox 633 1270 757 1343; x_wconf 78' lang='lat' dir='ltr'><strong>legitime</strong></span> <span class='ocrx_word' id='word_1_150' title='bbox 785 1275 814 1327; x_wconf 92' lang='lat' dir='ltr'><strong>et</strong></span> <span class='ocrx_word' id='word_1_151' title='bbox 836 1269 985 1325; x_wconf 86' lang='lat' dir='ltr'><strong>solenniter</strong></span> <span class='ocrx_word' id='word_1_152' title='bbox 1005 1274 1047 1324; x_wconf 91' lang='lat' dir='ltr'><strong>est</strong></span> <span class='ocrx_word' id='word_1_153' title='bbox 1072 1273 1156 1342; x_wconf 89' lang='lat' dir='ltr'><strong>prius.</strong></span> <span class='ocrx_word' id='word_1_154' title='bbox 1196 1271 1271 1343; x_wconf 84' lang='lat' dir='ltr'><strong>Ergo</strong></span> <span class='ocrx_word' id='word_1_155' title='bbox 1302 1278 1331 1327; x_wconf 89' lang='lat' dir='ltr'><strong>st</strong></span> <span class='ocrx_word' id='word_1_156' title='bbox 1353 1272 1499 1344; x_wconf 87' lang='lat' dir='ltr'><strong>posterius.</strong></span> <span class='ocrx_word' id='word_1_157' title='bbox 1548 1273 1689 1329; x_wconf 79' lang='lat' dir='ltr'><strong>connexio</strong></span> <span class='ocrx_word' id='word_1_158' title='bbox 1721 1273 1904 1341; x_wconf 85' lang='lat' dir='ltr'><strong>confirmatur,</strong></span> 
     </span>
     <span class='ocr_line' id='line_1_13' title="bbox 212 1355 1904 1430; baseline 0.002 -17"><span class='ocrx_word' id='word_1_159' title='bbox 212 1360 388 1429; x_wconf 86' lang='lat' dir='ltr'><strong>desponsata,</strong></span> <span class='ocrx_word' id='word_1_160' title='bbox 417 1357 491 1412; x_wconf 90' lang='lat' dir='ltr'><strong>unde</strong></span> <span class='ocrx_word' id='word_1_161' title='bbox 523 1358 608 1413; x_wconf 90' lang='lat' dir='ltr'><strong>etiam</strong></span> <span class='ocrx_word' id='word_1_162' title='bbox 637 1374 707 1410; x_wconf 81' lang='lat' dir='ltr'><strong>neor</strong></span> <span class='ocrx_word' id='word_1_163' title='bbox 735 1356 893 1428; x_wconf 88' lang='lat' dir='ltr'><strong>appellatur</strong></span> <span class='ocrx_word' id='word_1_164' title='bbox 913 1355 984 1411; x_wconf 85' lang='lat' dir='ltr'><strong>Gen.</strong></span> <span class='ocrx_word' id='word_1_165' title='bbox 1004 1362 1045 1424; x_wconf 84' lang='grc'><strong>29,</strong></span> <span class='ocrx_word' id='word_1_166' title='bbox 1073 1358 1139 1430; x_wconf 89' lang='lat' dir='ltr'><strong>quia</strong></span> <span class='ocrx_word' id='word_1_167' title='bbox 1156 1363 1249 1413; x_wconf 87' lang='lat' dir='ltr'><strong>vatum</strong></span> <span class='ocrx_word' id='word_1_168' title='bbox 1268 1356 1338 1426; x_wconf 92' lang='lat' dir='ltr'><strong>Deo,</strong></span> <span class='ocrx_word' id='word_1_169' title='bbox 1362 1358 1432 1413; x_wconf 83' lang='lat' dir='ltr'><strong>tides</strong></span> <span class='ocrx_word' id='word_1_170' title='bbox 1452 1359 1661 1415; x_wconf 88' lang='lat' dir='ltr'><strong>matrimonialis</strong></span> <span class='ocrx_word' id='word_1_171' title='bbox 1687 1360 1798 1415; x_wconf 89' lang='lat' dir='ltr'><strong>homini</strong></span> <span class='ocrx_word' id='word_1_172' title='bbox 1816 1361 1904 1430; x_wconf 70' lang='lat' dir='ltr'><strong>daton</strong></span> 
     </span>
     <span class='ocr_line' id='line_1_14' title="bbox 212 1441 1904 1518; baseline 0.002 -19"><span class='ocrx_word' id='word_1_173' title='bbox 212 1465 237 1501; x_wconf 88' lang='lat' dir='ltr'><strong>v.</strong></span> <span class='ocrx_word' id='word_1_174' title='bbox 258 1451 299 1502; x_wconf 82' lang='grc'><strong>21.</strong></span> <span class='ocrx_word' id='word_1_175' title='bbox 320 1444 419 1499; x_wconf 87' lang='lat' dir='ltr'><strong>Matth.</strong></span> <span class='ocrx_word' id='word_1_176' title='bbox 440 1451 464 1513; x_wconf 88' lang='lat'><strong>1,</strong></span> <span class='ocrx_word' id='word_1_177' title='bbox 480 1461 506 1499; x_wconf 83' lang='lat' dir='ltr'><strong>v.</strong></span> <span class='ocrx_word' id='word_1_178' title='bbox 525 1449 568 1501; x_wconf 83' lang='lat'><strong>20.</strong></span> <span class='ocrx_word' id='word_1_179' title='bbox 595 1459 630 1498; x_wconf 87' lang='lat' dir='ltr'><strong>ac</strong></span> <span class='ocrx_word' id='word_1_180' title='bbox 647 1443 694 1514; x_wconf 92' lang='lat' dir='ltr'><strong>qui</strong></span> <span class='ocrx_word' id='word_1_181' title='bbox 714 1443 827 1499; x_wconf 88' lang='lat' dir='ltr'><strong>alterins</strong></span> <span class='ocrx_word' id='word_1_182' title='bbox 845 1459 976 1514; x_wconf 89' lang='lat' dir='ltr'><strong>sponsam</strong></span> <span class='ocrx_word' id='word_1_183' title='bbox 989 1441 1047 1497; x_wconf 79' lang='lat' dir='ltr'><strong>vio·</strong></span> <span class='ocrx_word' id='word_1_184' title='bbox 1073 1443 1172 1515; x_wconf 92' lang='lat' dir='ltr'><strong>quodsi</strong></span> <span class='ocrx_word' id='word_1_185' title='bbox 1191 1443 1226 1498; x_wconf 96' lang='lat' dir='ltr'><strong>ob</strong></span> <span class='ocrx_word' id='word_1_186' title='bbox 1239 1445 1422 1516; x_wconf 89' lang='lat' dir='ltr'><strong>antiquiorem</strong></span> <span class='ocrx_word' id='word_1_187' title='bbox 1437 1445 1642 1515; x_wconf 89' lang='lat' dir='ltr'><strong>promissionem</strong></span> <span class='ocrx_word' id='word_1_188' title='bbox 1662 1452 1690 1502; x_wconf 93' lang='lat' dir='ltr'><strong>et</strong></span> <span class='ocrx_word' id='word_1_189' title='bbox 1708 1447 1904 1518; x_wconf 79' lang='lat' dir='ltr'><strong>obligationem</strong></span> 
     </span>
     <span class='ocr_line' id='line_1_15' title="bbox 214 1528 1904 1606; baseline 0.003 -22"><span class='ocrx_word' id='word_1_190' title='bbox 214 1530 290 1600; x_wconf 83' lang='lat' dir='ltr'><strong>lavit,</strong></span> <span class='ocrx_word' id='word_1_191' title='bbox 307 1549 362 1586; x_wconf 93' lang='lat' dir='ltr'><strong>non</strong></span> <span class='ocrx_word' id='word_1_192' title='bbox 378 1530 532 1584; x_wconf 91' lang='lat' dir='ltr'><strong>minusuec</strong></span> <span class='ocrx_word' id='word_1_193' title='bbox 546 1528 639 1584; x_wconf 91' lang='lat' dir='ltr'><strong>mitius</strong></span> <span class='ocrx_word' id='word_1_194' title='bbox 651 1529 773 1600; x_wconf 90' lang='lat' dir='ltr'><strong>punitur,</strong></span> <span class='ocrx_word' id='word_1_195' title='bbox 793 1544 876 1599; x_wconf 86' lang='lat' dir='ltr'><strong>quam</strong></span> <span class='ocrx_word' id='word_1_196' title='bbox 892 1528 914 1583; x_wconf 93' lang='lat' dir='ltr'><strong>si</strong></span> <span class='ocrx_word' id='word_1_197' title='bbox 933 1528 1046 1585; x_wconf 88' lang='lat' dir='ltr'><strong>alterius</strong></span> <span class='ocrx_word' id='word_1_198' title='bbox 1072 1535 1167 1586; x_wconf 87' lang='lat' dir='ltr'><strong>votum</strong></span> <span class='ocrx_word' id='word_1_199' title='bbox 1193 1529 1254 1586; x_wconf 89' lang='lat' dir='ltr'><strong>Deo</strong></span> <span class='ocrx_word' id='word_1_200' title='bbox 1279 1529 1384 1585; x_wconf 82' lang='lat' dir='ltr'><strong>factum</strong></span> <span class='ocrx_word' id='word_1_201' title='bbox 1410 1530 1535 1586; x_wconf 88' lang='lat' dir='ltr'><strong>redditur</strong></span> <span class='ocrx_word' id='word_1_202' title='bbox 1557 1531 1678 1595; x_wconf 88' lang='lat' dir='ltr'><strong>irritum,</strong></span> <span class='ocrx_word' id='word_1_203' title='bbox 1702 1532 1806 1606; x_wconf 90' lang='lat' dir='ltr'><strong>utique</strong></span> <span class='ocrx_word' id='word_1_204' title='bbox 1825 1536 1904 1589; x_wconf 89' lang='lat' dir='ltr'><strong>multa</strong></span> 
     </span>
     <span class='ocr_line' id='line_1_16' title="bbox 213 1615 1904 1692; baseline 0 -18"><span class='ocrx_word' id='word_1_205' title='bbox 213 1621 362 1691; x_wconf 89' lang='lat' dir='ltr'><strong>conjugem</strong></span> <span class='ocrx_word' id='word_1_206' title='bbox 374 1617 512 1682; x_wconf 85' lang='lat' dir='ltr'><strong>violasset,</strong></span> <span class='ocrx_word' id='word_1_207' title='bbox 523 1616 607 1672; x_wconf 90' lang='lat' dir='ltr'><strong>Deut.</strong></span> <span class='ocrx_word' id='word_1_208' title='bbox 623 1622 665 1685; x_wconf 80' lang='lat'><strong>22,</strong></span> <span class='ocrx_word' id='word_1_209' title='bbox 682 1633 709 1670; x_wconf 83' lang='lat' dir='ltr'><strong>r.</strong></span> <span class='ocrx_word' id='word_1_210' title='bbox 722 1620 769 1671; x_wconf 83' lang='lat'><strong>23:</strong></span> <span class='ocrx_word' id='word_1_211' title='bbox 788 1617 822 1670; x_wconf 82' lang='lat' dir='ltr'><strong>Si</strong></span> <span class='ocrx_word' id='word_1_212' title='bbox 834 1615 896 1685; x_wconf 81' lang='lat' dir='ltr'><strong>quis</strong></span> <span class='ocrx_word' id='word_1_213' title='bbox 914 1633 1047 1686; x_wconf 81' lang='lat' dir='ltr'><strong>sponsam</strong></span> <span class='ocrx_word' id='word_1_214' title='bbox 1073 1617 1162 1688; x_wconf 86' lang='lat' dir='ltr'><strong>magis</strong></span> <span class='ocrx_word' id='word_1_215' title='bbox 1180 1623 1294 1688; x_wconf 88' lang='lat' dir='ltr'><strong>propter</strong></span> <span class='ocrx_word' id='word_1_216' title='bbox 1311 1617 1496 1687; x_wconf 87' lang='lat' dir='ltr'><strong>antiquiorem</strong></span> <span class='ocrx_word' id='word_1_217' title='bbox 1514 1618 1724 1688; x_wconf 90' lang='lat' dir='ltr'><strong>promissionem</strong></span> <span class='ocrx_word' id='word_1_218' title='bbox 1752 1625 1782 1674; x_wconf 89' lang='lat' dir='ltr'><strong>et</strong></span> <span class='ocrx_word' id='word_1_219' title='bbox 1805 1619 1904 1692; x_wconf 85' lang='lat' dir='ltr'><strong>obliga·</strong></span> 
     </span>
     <span class='ocr_line' id='line_1_17' title="bbox 213 1702 1905 1776; baseline 0.003 -17"><span class='ocrx_word' id='word_1_220' title='bbox 213 1707 332 1761; x_wconf 82' lang='lat' dir='ltr'><strong>alterius</strong></span> <span class='ocrx_word' id='word_1_221' title='bbox 359 1704 515 1771; x_wconf 79' lang='lat' dir='ltr'><strong>violaverit,</strong></span> <span class='ocrx_word' id='word_1_222' title='bbox 543 1703 688 1774; x_wconf 81' lang='lat' dir='ltr'><strong>lapidibus</strong></span> <span class='ocrx_word' id='word_1_223' title='bbox 714 1703 853 1765; x_wconf 76' lang='lat' dir='ltr'><strong>ohrndnr,</strong></span> <span class='ocrx_word' id='word_1_224' title='bbox 878 1707 906 1757; x_wconf 92' lang='lat' dir='ltr'><strong>et</strong></span> <span class='ocrx_word' id='word_1_225' title='bbox 934 1702 1047 1757; x_wconf 87' lang='lat' dir='ltr'><strong>additur</strong></span> <span class='ocrx_word' id='word_1_226' title='bbox 1072 1703 1176 1758; x_wconf 90' lang='lat' dir='ltr'><strong>tionem</strong></span> <span class='ocrx_word' id='word_1_227' title='bbox 1193 1704 1337 1775; x_wconf 90' lang='lat' dir='ltr'><strong>promissio</strong></span> <span class='ocrx_word' id='word_1_228' title='bbox 1361 1703 1465 1760; x_wconf 91' lang='lat' dir='ltr'><strong>homini</strong></span> <span class='ocrx_word' id='word_1_229' title='bbox 1484 1704 1560 1760; x_wconf 83' lang='lat' dir='ltr'><strong>facta</strong></span> <span class='ocrx_word' id='word_1_230' title='bbox 1581 1705 1659 1760; x_wconf 90' lang='lat' dir='ltr'><strong>irrita</strong></span> <span class='ocrx_word' id='word_1_231' title='bbox 1688 1707 1905 1776; x_wconf 79' lang='lat' dir='ltr'><strong>pronuntianda</strong></span> 
     </span>
     <span class='ocr_line' id='line_1_18' title="bbox 213 1789 1954 1863; baseline -0.001 -15"><span class='ocrx_word' id='word_1_232' title='bbox 213 1792 292 1860; x_wconf 90' lang='lat' dir='ltr'><strong>ratio,</strong></span> <span class='ocrx_word' id='word_1_233' title='bbox 311 1793 379 1863; x_wconf 82' lang='lat' dir='ltr'><strong>qaia</strong></span> <span class='ocrx_word' id='word_1_234' title='bbox 397 1790 556 1845; x_wconf 80' lang='lat' dir='ltr'><strong>humiliarit</strong></span> <span class='ocrx_word' id='word_1_235' title='bbox 579 1805 694 1843; x_wconf 76' lang='lat' dir='ltr'><strong>acorem</strong></span> <span class='ocrx_word' id='word_1_236' title='bbox 715 1789 845 1858; x_wconf 70' lang='lat' dir='ltr'><strong>praciam</strong></span> <span class='ocrx_word' id='word_1_237' title='bbox 861 1789 914 1844; x_wconf 88' lang='lat' dir='ltr'><strong>sni.</strong></span> <span class='ocrx_word' id='word_1_238' title='bbox 952 1791 979 1842; x_wconf 81' lang='lat'><strong>2.</strong></span> <span class='ocrx_word' id='word_1_239' title='bbox 1000 1791 1046 1843; x_wconf 85' lang='lat' dir='ltr'><strong>Ee</strong></span> <span class='ocrx_word' id='word_1_240' title='bbox 1073 1789 1102 1845; x_wconf 82' lang='lat' dir='ltr'><strong>si</strong></span> <span class='ocrx_word' id='word_1_241' title='bbox 1123 1791 1184 1861; x_wconf 88' lang='lat' dir='ltr'><strong>quis</strong></span> <span class='ocrx_word' id='word_1_242' title='bbox 1202 1790 1269 1846; x_wconf 87' lang='lat' dir='ltr'><strong>velit</strong></span> <span class='ocrx_word' id='word_1_243' title='bbox 1285 1790 1420 1862; x_wconf 81' lang='lat' dir='ltr'><strong>excipere,</strong></span> <span class='ocrx_word' id='word_1_244' title='bbox 1439 1793 1660 1846; x_wconf 82' lang='lat' dir='ltr'><strong>essediscrimen</strong></span> <span class='ocrx_word' id='word_1_245' title='bbox 1680 1794 1760 1847; x_wconf 87' lang='lat' dir='ltr'><strong>inter</strong></span> <span class='ocrx_word' id='word_1_246' title='bbox 1778 1795 1954 1849; x_wconf 75' lang='lat' dir='ltr'><strong>maritantur</strong></span> 
     </span>
     <span class='ocr_line' id='line_1_19' title="bbox 213 1873 1906 1951; baseline 0.001 -18"><span class='ocrx_word' id='word_1_247' title='bbox 213 1896 334 1951; x_wconf 64' lang='lat' dir='ltr'><strong>mansae</strong></span> <span class='ocrx_word' id='word_1_248' title='bbox 366 1878 545 1946; x_wconf 72' lang='lat' dir='ltr'><strong>obligatione.</strong></span> <span class='ocrx_word' id='word_1_249' title='bbox 587 1875 683 1931; x_wconf 91' lang='lat' dir='ltr'><strong>Omnis</strong></span> <span class='ocrx_word' id='word_1_250' title='bbox 706 1873 819 1931; x_wconf 86' lang='lat' dir='ltr'><strong>donatio</strong></span> <span class='ocrx_word' id='word_1_251' title='bbox 848 1881 909 1930; x_wconf 89' lang='lat' dir='ltr'><strong>rata</strong></span> <span class='ocrx_word' id='word_1_252' title='bbox 933 1875 1048 1947; x_wconf 90' lang='lat' dir='ltr'><strong>requirit</strong></span> <span class='ocrx_word' id='word_1_253' title='bbox 1073 1885 1100 1931; x_wconf 90' lang='lat' dir='ltr'><strong>et</strong></span> <span class='ocrx_word' id='word_1_254' title='bbox 1116 1894 1256 1947; x_wconf 78' lang='lat' dir='ltr'><strong>sponsam,</strong></span> <span class='ocrx_word' id='word_1_255' title='bbox 1281 1895 1343 1931; x_wconf 86' lang='lat' dir='ltr'><strong>eum</strong></span> <span class='ocrx_word' id='word_1_256' title='bbox 1370 1879 1420 1932; x_wconf 87' lang='lat' dir='ltr'><strong>ille</strong></span> <span class='ocrx_word' id='word_1_257' title='bbox 1444 1880 1508 1948; x_wconf 85' lang='lat' dir='ltr'><strong>jam</strong></span> <span class='ocrx_word' id='word_1_258' title='bbox 1540 1880 1641 1934; x_wconf 80' lang='lat' dir='ltr'><strong>haheat</strong></span> <span class='ocrx_word' id='word_1_259' title='bbox 1662 1888 1689 1934; x_wconf 86' lang='lat' dir='ltr'><strong>et</strong></span> <span class='ocrx_word' id='word_1_260' title='bbox 1704 1881 1861 1949; x_wconf 81' lang='lat' dir='ltr'><strong>possideat</strong></span> <span class='ocrx_word' id='word_1_261' title='bbox 1880 1890 1906 1936; x_wconf 83' lang='lat' dir='ltr'><strong>at</strong></span> 
     </span>
     <span class='ocr_line' id='line_1_20' title="bbox 213 1962 1906 2039; baseline -0.001 -17"><span class='ocrx_word' id='word_1_262' title='bbox 213 1971 379 2039; x_wconf 88' lang='lat' dir='ltr'><strong>patestatem</strong></span> <span class='ocrx_word' id='word_1_263' title='bbox 398 1962 534 2032; x_wconf 89' lang='lat' dir='ltr'><strong>donantis,</strong></span> <span class='ocrx_word' id='word_1_264' title='bbox 552 1980 632 2018; x_wconf 87' lang='lat' dir='ltr'><strong>nemo</strong></span> <span class='ocrx_word' id='word_1_265' title='bbox 650 1963 825 2031; x_wconf 81' lang='lat' dir='ltr'><strong>enimpotest</strong></span> <span class='ocrx_word' id='word_1_266' title='bbox 839 1964 954 2031; x_wconf 72' lang='lat' dir='ltr'><strong>dertare,</strong></span> <span class='ocrx_word' id='word_1_267' title='bbox 972 1965 1049 2032; x_wconf 82' lang='lat' dir='ltr'><strong>quod</strong></span> <span class='ocrx_word' id='word_1_268' title='bbox 1072 1981 1132 2019; x_wconf 87' lang='lat' dir='ltr'><strong>rem</strong></span> <span class='ocrx_word' id='word_1_269' title='bbox 1150 1982 1230 2018; x_wconf 76' lang='lat' dir='ltr'><strong>nram</strong></span> <span class='ocrx_word' id='word_1_270' title='bbox 1247 1981 1350 2034; x_wconf 80' lang='lat' dir='ltr'><strong>corpas</strong></span> <span class='ocrx_word' id='word_1_271' title='bbox 1368 1966 1464 2019; x_wconf 68' lang='lat' dir='ltr'><strong>araret</strong></span> <span class='ocrx_word' id='word_1_272' title='bbox 1491 1983 1567 2032; x_wconf 84' lang='lat' dir='ltr'><strong>suae,</strong></span> <span class='ocrx_word' id='word_1_273' title='bbox 1594 1967 1646 2020; x_wconf 90' lang='lat' dir='ltr'><strong>iste</strong></span> <span class='ocrx_word' id='word_1_274' title='bbox 1671 1974 1768 2020; x_wconf 70' lang='lat' dir='ltr'><strong>amem</strong></span> <span class='ocrx_word' id='word_1_275' title='bbox 1788 1969 1906 2022; x_wconf 81' lang='lat' dir='ltr'><strong>nondun</strong></span> 
     </span>
     <span class='ocr_line' id='line_1_21' title="bbox 215 2048 1906 2126; baseline 0.001 -19"><span class='ocrx_word' id='word_1_276' title='bbox 215 2073 271 2108; x_wconf 90' lang='lat' dir='ltr'><strong>non</strong></span> <span class='ocrx_word' id='word_1_277' title='bbox 290 2053 371 2107; x_wconf 78' lang='lat' dir='ltr'><strong>habet</strong></span> <span class='ocrx_word' id='word_1_278' title='bbox 388 2052 419 2105; x_wconf 91' lang='lat' dir='ltr'><strong>in</strong></span> <span class='ocrx_word' id='word_1_279' title='bbox 437 2069 489 2104; x_wconf 85' lang='lat' dir='ltr'><strong>sua</strong></span> <span class='ocrx_word' id='word_1_280' title='bbox 503 2057 655 2120; x_wconf 84' lang='lat' dir='ltr'><strong>potestate.</strong></span> <span class='ocrx_word' id='word_1_281' title='bbox 690 2048 730 2104; x_wconf 79' lang='lat' dir='ltr'><strong>At</strong></span> <span class='ocrx_word' id='word_1_282' title='bbox 745 2064 854 2120; x_wconf 87' lang='lat' dir='ltr'><strong>sponsa,</strong></span> <span class='ocrx_word' id='word_1_283' title='bbox 873 2066 944 2121; x_wconf 89' lang='lat' dir='ltr'><strong>quae</strong></span> <span class='ocrx_word' id='word_1_284' title='bbox 962 2048 1045 2104; x_wconf 85' lang='lat' dir='ltr'><strong>fidem</strong></span> <span class='ocrx_word' id='word_1_285' title='bbox 1073 2051 1173 2105; x_wconf 84' lang='lat' dir='ltr'><strong>habeat</strong></span> <span class='ocrx_word' id='word_1_286' title='bbox 1197 2068 1248 2104; x_wconf 89' lang='lat' dir='ltr'><strong>nec</strong></span> <span class='ocrx_word' id='word_1_287' title='bbox 1271 2051 1419 2120; x_wconf 81' lang='lat' dir='ltr'><strong>possideat</strong></span> <span class='ocrx_word' id='word_1_288' title='bbox 1446 2069 1567 2124; x_wconf 79' lang='lat' dir='ltr'><strong>sponsae</strong></span> <span class='ocrx_word' id='word_1_289' title='bbox 1590 2069 1660 2106; x_wconf 87' lang='lat' dir='ltr'><strong>snae</strong></span> <span class='ocrx_word' id='word_1_290' title='bbox 1679 2071 1790 2126; x_wconf 83' lang='lat' dir='ltr'><strong>corpas</strong></span> <span class='ocrx_word' id='word_1_291' title='bbox 1808 2056 1866 2108; x_wconf 87' lang='lat' dir='ltr'><strong>nisi</strong></span> <span class='ocrx_word' id='word_1_292' title='bbox 1880 2055 1906 2108; x_wconf 82' lang='lat' dir='ltr'><strong>ia</strong></span> 
     </span>
     <span class='ocr_line' id='line_1_22' title="bbox 214 2134 1905 2211; baseline 0.001 -17"><span class='ocrx_word' id='word_1_293' title='bbox 214 2137 443 2194; x_wconf 85' lang='lat' dir='ltr'><strong>matrimonialem</strong></span> <span class='ocrx_word' id='word_1_294' title='bbox 469 2135 518 2191; x_wconf 92' lang='lat' dir='ltr'><strong>uni</strong></span> <span class='ocrx_word' id='word_1_295' title='bbox 548 2135 638 2205; x_wconf 84' lang='lat' dir='ltr'><strong>dedit,</strong></span> <span class='ocrx_word' id='word_1_296' title='bbox 659 2152 716 2189; x_wconf 91' lang='lat' dir='ltr'><strong>non</strong></span> <span class='ocrx_word' id='word_1_297' title='bbox 740 2134 857 2206; x_wconf 88' lang='lat' dir='ltr'><strong>amplius</strong></span> <span class='ocrx_word' id='word_1_298' title='bbox 881 2141 1046 2205; x_wconf 89' lang='lat' dir='ltr'><strong>potestatem</strong></span> <span class='ocrx_word' id='word_1_299' title='bbox 1073 2154 1121 2207; x_wconf 83' lang='lat' dir='ltr'><strong>spe</strong></span> <span class='ocrx_word' id='word_1_300' title='bbox 1141 2144 1167 2190; x_wconf 89' lang='lat' dir='ltr'><strong>et</strong></span> <span class='ocrx_word' id='word_1_301' title='bbox 1180 2138 1368 2206; x_wconf 85' lang='lat' dir='ltr'><strong>promissione</strong></span> <span class='ocrx_word' id='word_1_302' title='bbox 1374 2159 1385 2206; x_wconf 91' lang='grc'><strong>,·</strong></span> <span class='ocrx_word' id='word_1_303' title='bbox 1408 2145 1548 2211; x_wconf 81' lang='lat' dir='ltr'><strong>regerent,</strong></span> <span class='ocrx_word' id='word_1_304' title='bbox 1568 2140 1616 2210; x_wconf 87' lang='lat' dir='ltr'><strong>jus</strong></span> <span class='ocrx_word' id='word_1_305' title='bbox 1635 2140 1730 2194; x_wconf 77' lang='lat' dir='ltr'><strong>mmiti</strong></span> <span class='ocrx_word' id='word_1_306' title='bbox 1749 2141 1779 2194; x_wconf 92' lang='lat' dir='ltr'><strong>in</strong></span> <span class='ocrx_word' id='word_1_307' title='bbox 1799 2157 1905 2195; x_wconf 89' lang='lat' dir='ltr'><strong>uxorem</strong></span> 
     </span>
     <span class='ocr_line' id='line_1_23' title="bbox 214 2221 1905 2299; baseline 0.001 -19"><span class='ocrx_word' id='word_1_308' title='bbox 214 2227 301 2282; x_wconf 89' lang='lat' dir='ltr'><strong>habet</strong></span> <span class='ocrx_word' id='word_1_309' title='bbox 317 2225 434 2281; x_wconf 90' lang='lat' dir='ltr'><strong>eandem</strong></span> <span class='ocrx_word' id='word_1_310' title='bbox 452 2222 536 2278; x_wconf 85' lang='lat' dir='ltr'><strong>iidem</strong></span> <span class='ocrx_word' id='word_1_311' title='bbox 551 2221 635 2277; x_wconf 91' lang='lat' dir='ltr'><strong>dandi</strong></span> <span class='ocrx_word' id='word_1_312' title='bbox 655 2222 742 2277; x_wconf 84' lang='lat' dir='ltr'><strong>alteri.</strong></span> <span class='ocrx_word' id='word_1_313' title='bbox 778 2221 852 2294; x_wconf 85' lang='lat' dir='ltr'><strong>Ergo</strong></span> <span class='ocrx_word' id='word_1_314' title='bbox 873 2221 896 2276; x_wconf 86' lang='lat' dir='ltr'><strong>si</strong></span> <span class='ocrx_word' id='word_1_315' title='bbox 919 2223 954 2278; x_wconf 89' lang='lat' dir='ltr'><strong>de</strong></span> <span class='ocrx_word' id='word_1_316' title='bbox 971 2223 1046 2278; x_wconf 86' lang='lat' dir='ltr'><strong>iacto</strong></span> <span class='ocrx_word' id='word_1_317' title='bbox 1074 2230 1102 2278; x_wconf 93' lang='lat' dir='ltr'><strong>et</strong></span> <span class='ocrx_word' id='word_1_318' title='bbox 1118 2225 1213 2295; x_wconf 87' lang='lat' dir='ltr'><strong>sponsi</strong></span> <span class='ocrx_word' id='word_1_319' title='bbox 1233 2225 1261 2278; x_wconf 91' lang='lat' dir='ltr'><strong>in</strong></span> <span class='ocrx_word' id='word_1_320' title='bbox 1281 2241 1411 2295; x_wconf 86' lang='lat' dir='ltr'><strong>sponsam</strong></span> <span class='ocrx_word' id='word_1_321' title='bbox 1428 2242 1488 2280; x_wconf 89' lang='lat' dir='ltr'><strong>esse</strong></span> <span class='ocrx_word' id='word_1_322' title='bbox 1513 2225 1637 2297; x_wconf 84' lang='lat' dir='ltr'><strong>aequale,</strong></span> <span class='ocrx_word' id='word_1_323' title='bbox 1662 2226 1714 2281; x_wconf 87' lang='lat' dir='ltr'><strong>sed</strong></span> <span class='ocrx_word' id='word_1_324' title='bbox 1737 2228 1813 2299; x_wconf 88' lang='lat' dir='ltr'><strong>juris</strong></span> <span class='ocrx_word' id='word_1_325' title='bbox 1832 2245 1905 2282; x_wconf 85' lang='lat' dir='ltr'><strong>usum</strong></span> 
     </span>
     <span class='ocr_line' id='line_1_24' title="bbox 214 2308 1906 2384; baseline 0.001 -17"><span class='ocrx_word' id='word_1_326' title='bbox 214 2313 284 2367; x_wconf 90' lang='lat' dir='ltr'><strong>illud</strong></span> <span class='ocrx_word' id='word_1_327' title='bbox 302 2316 400 2377; x_wconf 87' lang='lat' dir='ltr'><strong>tentet,</strong></span> <span class='ocrx_word' id='word_1_328' title='bbox 431 2314 589 2366; x_wconf 76' lang='lat' dir='ltr'><strong>conmeatus</strong></span> <span class='ocrx_word' id='word_1_329' title='bbox 618 2309 670 2364; x_wconf 90' lang='lat' dir='ltr'><strong>erit</strong></span> <span class='ocrx_word' id='word_1_330' title='bbox 688 2309 789 2363; x_wconf 89' lang='lat' dir='ltr'><strong>irritus.</strong></span> <span class='ocrx_word' id='word_1_331' title='bbox 829 2308 934 2380; x_wconf 84' lang='lat' dir='ltr'><strong>Siquis</strong></span> <span class='ocrx_word' id='word_1_332' title='bbox 951 2309 1046 2364; x_wconf 90' lang='lat' dir='ltr'><strong>distin-</strong></span> <span class='ocrx_word' id='word_1_333' title='bbox 1073 2310 1194 2376; x_wconf 73' lang='lat' dir='ltr'><strong>vadare,</strong></span> <span class='ocrx_word' id='word_1_334' title='bbox 1218 2311 1420 2381; x_wconf 89' lang='lat' dir='ltr'><strong>possessionem</strong></span> <span class='ocrx_word' id='word_1_335' title='bbox 1445 2329 1477 2367; x_wconf 86' lang='lat' dir='ltr'><strong>cx</strong></span> <span class='ocrx_word' id='word_1_336' title='bbox 1504 2311 1674 2384; x_wconf 83' lang='lat' dir='ltr'><strong>obligatione</strong></span> <span class='ocrx_word' id='word_1_337' title='bbox 1699 2314 1814 2384; x_wconf 87' lang='lat' dir='ltr'><strong>aequali</strong></span> <span class='ocrx_word' id='word_1_338' title='bbox 1840 2322 1906 2369; x_wconf 83' lang='lat' dir='ltr'><strong>ntro</strong></span> 
     </span>
     <span class='ocr_line' id='line_1_25' title="bbox 213 2395 1905 2473; baseline 0 -18"><span class='ocrx_word' id='word_1_339' title='bbox 213 2415 299 2473; x_wconf 87' lang='lat' dir='ltr'><strong>gnere</strong></span> <span class='ocrx_word' id='word_1_340' title='bbox 319 2397 388 2453; x_wconf 86' lang='lat' dir='ltr'><strong>velit</strong></span> <span class='ocrx_word' id='word_1_341' title='bbox 404 2397 476 2452; x_wconf 89' lang='lat' dir='ltr'><strong>inter</strong></span> <span class='ocrx_word' id='word_1_342' title='bbox 484 2396 699 2466; x_wconf 67' lang='lat' dir='ltr'><strong>promacianem</strong></span> <span class='ocrx_word' id='word_1_343' title='bbox 715 2404 741 2448; x_wconf 88' lang='lat' dir='ltr'><strong>et</strong></span> <span class='ocrx_word' id='word_1_344' title='bbox 760 2395 947 2465; x_wconf 84' lang='lat' dir='ltr'><strong>traditionem,</strong></span> <span class='ocrx_word' id='word_1_345' title='bbox 967 2396 1045 2467; x_wconf 92' lang='lat' dir='ltr'><strong>quasi</strong></span> <span class='ocrx_word' id='word_1_346' title='bbox 1073 2399 1157 2470; x_wconf 87' lang='lat' dir='ltr'><strong>bique</strong></span> <span class='ocrx_word' id='word_1_347' title='bbox 1176 2415 1236 2454; x_wconf 88' lang='lat' dir='ltr'><strong>esse</strong></span> <span class='ocrx_word' id='word_1_348' title='bbox 1254 2414 1348 2469; x_wconf 82' lang='lat' dir='ltr'><strong>parem</strong></span> <span class='ocrx_word' id='word_1_349' title='bbox 1366 2405 1395 2453; x_wconf 92' lang='lat' dir='ltr'><strong>et</strong></span> <span class='ocrx_word' id='word_1_350' title='bbox 1413 2398 1565 2469; x_wconf 86' lang='lat' dir='ltr'><strong>aequalem,</strong></span> <span class='ocrx_word' id='word_1_351' title='bbox 1592 2399 1641 2453; x_wconf 90' lang='lat' dir='ltr'><strong>sed</strong></span> <span class='ocrx_word' id='word_1_352' title='bbox 1662 2399 1829 2456; x_wconf 87' lang='lat' dir='ltr'><strong>fruitionem</strong></span> <span class='ocrx_word' id='word_1_353' title='bbox 1845 2419 1905 2457; x_wconf 90' lang='lat' dir='ltr'><strong>uou-</strong></span> 
     </span>
     <span class='ocr_line' id='line_1_26' title="bbox 213 2482 1907 2557; baseline 0 -15"><span class='ocrx_word' id='word_1_354' title='bbox 213 2485 301 2557; x_wconf 90' lang='lat' dir='ltr'><strong>possit</strong></span> <span class='ocrx_word' id='word_1_355' title='bbox 313 2501 415 2555; x_wconf 89' lang='lat' dir='ltr'><strong>sponsa</strong></span> <span class='ocrx_word' id='word_1_356' title='bbox 429 2483 478 2538; x_wconf 90' lang='lat' dir='ltr'><strong>uni</strong></span> <span class='ocrx_word' id='word_1_357' title='bbox 492 2483 653 2553; x_wconf 90' lang='lat' dir='ltr'><strong>promittere</strong></span> <span class='ocrx_word' id='word_1_358' title='bbox 664 2482 825 2554; x_wconf 87' lang='lat' dir='ltr'><strong>conjugium</strong></span> <span class='ocrx_word' id='word_1_359' title='bbox 840 2500 890 2554; x_wconf 90' lang='lat' dir='ltr'><strong>per</strong></span> <span class='ocrx_word' id='word_1_360' title='bbox 903 2483 1044 2554; x_wconf 86' lang='lat' dir='ltr'><strong>sponsalia</strong></span> <span class='ocrx_word' id='word_1_361' title='bbox 1073 2485 1138 2539; x_wconf 91' lang='lat' dir='ltr'><strong>dum</strong></span> <span class='ocrx_word' id='word_1_362' title='bbox 1153 2485 1270 2541; x_wconf 90' lang='lat' dir='ltr'><strong>eandem</strong></span> <span class='ocrx_word' id='word_1_363' title='bbox 1289 2501 1357 2540; x_wconf 93' lang='lat' dir='ltr'><strong>esse.</strong></span> <span class='ocrx_word' id='word_1_364' title='bbox 1395 2491 1417 2540; x_wconf 87' lang='grc'><strong>6.</strong></span> <span class='ocrx_word' id='word_1_365' title='bbox 1438 2488 1484 2539; x_wconf 82' lang='lat' dir='ltr'><strong>Ee</strong></span> <span class='ocrx_word' id='word_1_366' title='bbox 1495 2487 1574 2555; x_wconf 83' lang='lat' dir='ltr'><strong>juris</strong></span> <span class='ocrx_word' id='word_1_367' title='bbox 1591 2488 1724 2541; x_wconf 68' lang='lat' dir='ltr'><strong>sananim</strong></span> <span class='ocrx_word' id='word_1_368' title='bbox 1742 2489 1907 2542; x_wconf 84' lang='lat' dir='ltr'><strong>deterrnina·</strong></span> 
     </span>
     <span class='ocr_line' id='line_1_27' title="bbox 212 2568 1906 2645; baseline 0.001 -18"><span class='ocrx_word' id='word_1_369' title='bbox 212 2579 240 2628; x_wconf 87' lang='lat' dir='ltr'><strong>et</strong></span> <span class='ocrx_word' id='word_1_370' title='bbox 269 2588 333 2625; x_wconf 90' lang='lat' dir='ltr'><strong>cunr</strong></span> <span class='ocrx_word' id='word_1_371' title='bbox 360 2569 415 2625; x_wconf 84' lang='lat' dir='ltr'><strong>alio</strong></span> <span class='ocrx_word' id='word_1_372' title='bbox 446 2568 651 2624; x_wconf 89' lang='lat' dir='ltr'><strong>matrimonium</strong></span> <span class='ocrx_word' id='word_1_373' title='bbox 676 2569 839 2625; x_wconf 85' lang='lat' dir='ltr'><strong>contrahere</strong></span> <span class='ocrx_word' id='word_1_374' title='bbox 870 2576 1044 2640; x_wconf 86' lang='lat' dir='ltr'><strong>praesentem</strong></span> <span class='ocrx_word' id='word_1_375' title='bbox 1072 2573 1153 2626; x_wconf 89' lang='lat' dir='ltr'><strong>tione.</strong></span> <span class='ocrx_word' id='word_1_376' title='bbox 1183 2570 1334 2643; x_wconf 81' lang='lat' dir='ltr'><strong>Gregorius</strong></span> <span class='ocrx_word' id='word_1_377' title='bbox 1346 2588 1371 2625; x_wconf 93' lang='lat' dir='ltr'><strong>c.</strong></span> <span class='ocrx_word' id='word_1_378' title='bbox 1384 2572 1406 2625; x_wconf 90' lang='lat' dir='ltr'><strong>si</strong></span> <span class='ocrx_word' id='word_1_379' title='bbox 1421 2572 1494 2627; x_wconf 87' lang='lat' dir='ltr'><strong>inter</strong></span> <span class='ocrx_word' id='word_1_380' title='bbox 1506 2573 1595 2628; x_wconf 78' lang='lat' dir='ltr'><strong>virum</strong></span> <span class='ocrx_word' id='word_1_381' title='bbox 1607 2578 1660 2629; x_wconf 89' lang='lat' dir='ltr'><strong>etc.</strong></span> <span class='ocrx_word' id='word_1_382' title='bbox 1673 2577 1715 2629; x_wconf 86' lang='lat'><strong>31.</strong></span> <span class='ocrx_word' id='word_1_383' title='bbox 1733 2592 1758 2629; x_wconf 89' lang='lat' dir='ltr'><strong>x.</strong></span> <span class='ocrx_word' id='word_1_384' title='bbox 1777 2573 1814 2629; x_wconf 90' lang='lat' dir='ltr'><strong>de</strong></span> <span class='ocrx_word' id='word_1_385' title='bbox 1832 2591 1906 2645; x_wconf 89' lang='lat' dir='ltr'><strong>spon·</strong></span> 
     </span>
     <span class='ocr_line' id='line_1_28' title="bbox 212 2657 1904 2733; baseline 0.001 -18"><span class='ocrx_word' id='word_1_386' title='bbox 212 2658 403 2721; x_wconf 84' lang='lat' dir='ltr'><strong>traditionem3</strong></span> <span class='ocrx_word' id='word_1_387' title='bbox 423 2662 564 2727; x_wconf 83' lang='lat' dir='ltr'><strong>regerent,</strong></span> <span class='ocrx_word' id='word_1_388' title='bbox 581 2673 653 2726; x_wconf 89' lang='lat' dir='ltr'><strong>eam,</strong></span> <span class='ocrx_word' id='word_1_389' title='bbox 681 2672 753 2725; x_wconf 77' lang='lat' dir='ltr'><strong>assae</strong></span> <span class='ocrx_word' id='word_1_390' title='bbox 773 2657 969 2729; x_wconf 82' lang='lat' dir='ltr'><strong>promisit-mi</strong></span> <span class='ocrx_word' id='word_1_391' title='bbox 988 2665 1044 2711; x_wconf 87' lang='lat' dir='ltr'><strong>tre·</strong></span> <span class='ocrx_word' id='word_1_392' title='bbox 1072 2659 1121 2718; x_wconf 86' lang='lat' dir='ltr'><strong>ssi.</strong></span> <span class='ocrx_word' id='word_1_393' title='bbox 1142 2663 1169 2713; x_wconf 92' lang='lat' dir='ltr'><strong>et</strong></span> <span class='ocrx_word' id='word_1_394' title='bbox 1187 2658 1319 2713; x_wconf 84' lang='lat' dir='ltr'><strong>matrim:</strong></span> <span class='ocrx_word' id='word_1_395' title='bbox 1357 2659 1391 2714; x_wconf 81' lang='lat' dir='ltr'><strong>st</strong></span> <span class='ocrx_word' id='word_1_396' title='bbox 1420 2661 1493 2713; x_wconf 85' lang='lat' dir='ltr'><strong>inter</strong></span> <span class='ocrx_word' id='word_1_397' title='bbox 1510 2660 1601 2714; x_wconf 85' lang='lat' dir='ltr'><strong>airam</strong></span> <span class='ocrx_word' id='word_1_398' title='bbox 1628 2667 1655 2714; x_wconf 89' lang='lat' dir='ltr'><strong>et</strong></span> <span class='ocrx_word' id='word_1_399' title='bbox 1670 2661 1824 2715; x_wconf 79' lang='lat' dir='ltr'><strong>mulierem</strong></span> <span class='ocrx_word' id='word_1_400' title='bbox 1842 2663 1904 2733; x_wconf 74' lang='lat' dir='ltr'><strong>lepi-</strong></span> 
     </span>
     <span class='ocr_line' id='line_1_29' title="bbox 213 2743 1906 2819; baseline 0.002 -19"><span class='ocrx_word' id='word_1_401' title='bbox 213 2747 348 2801; x_wconf 86' lang='lat' dir='ltr'><strong>ditionem</strong></span> <span class='ocrx_word' id='word_1_402' title='bbox 372 2743 430 2812; x_wconf 86' lang='lat' dir='ltr'><strong>nni,</strong></span> <span class='ocrx_word' id='word_1_403' title='bbox 459 2760 516 2797; x_wconf 93' lang='grc' dir='ltr'><strong>παπ</strong></span> <span class='ocrx_word' id='word_1_404' title='bbox 546 2743 669 2812; x_wconf 86' lang='lat' dir='ltr'><strong>amplias</strong></span> <span class='ocrx_word' id='word_1_405' title='bbox 695 2743 798 2798; x_wconf 82' lang='lat' dir='ltr'><strong>hahere</strong></span> <span class='ocrx_word' id='word_1_406' title='bbox 821 2751 989 2814; x_wconf 82' lang='lat' dir='ltr'><strong>potestatem</strong></span> <span class='ocrx_word' id='word_1_407' title='bbox 1012 2763 1042 2799; x_wconf 89' lang='lat' dir='ltr'><strong>se</strong></span> <span class='ocrx_word' id='word_1_408' title='bbox 1072 2747 1153 2800; x_wconf 82' lang='lat' dir='ltr'><strong>timus</strong></span> <span class='ocrx_word' id='word_1_409' title='bbox 1177 2763 1326 2800; x_wconf 81' lang='lat' dir='ltr'><strong>censensus</strong></span> <span class='ocrx_word' id='word_1_410' title='bbox 1355 2747 1523 2801; x_wconf 81' lang='lat' dir='ltr'><strong>interveniat</strong></span> <span class='ocrx_word' id='word_1_411' title='bbox 1547 2748 1582 2802; x_wconf 83' lang='lat' dir='ltr'><strong>de</strong></span> <span class='ocrx_word' id='word_1_412' title='bbox 1595 2749 1756 2819; x_wconf 78' lang='lat' dir='ltr'><strong>praesenti,</strong></span> <span class='ocrx_word' id='word_1_413' title='bbox 1775 2749 1819 2803; x_wconf 86' lang='lat' dir='ltr'><strong>ita</strong></span> <span class='ocrx_word' id='word_1_414' title='bbox 1836 2751 1906 2819; x_wconf 80' lang='lat' dir='ltr'><strong>quad</strong></span> 
     </span>
     <span class='ocr_line' id='line_1_30' title="bbox 213 2829 1905 2902; baseline 0.001 -14"><span class='ocrx_word' id='word_1_415' title='bbox 213 2832 350 2888; x_wconf 85' lang='lat' dir='ltr'><strong>tradendi</strong></span> <span class='ocrx_word' id='word_1_416' title='bbox 366 2830 459 2886; x_wconf 73' lang='lat' dir='ltr'><strong>nuni.</strong></span> <span class='ocrx_word' id='word_1_417' title='bbox 495 2829 536 2885; x_wconf 92' lang='lat' dir='ltr'><strong>Ut</strong></span> <span class='ocrx_word' id='word_1_418' title='bbox 561 2829 634 2885; x_wconf 91' lang='lat' dir='ltr'><strong>euim</strong></span> <span class='ocrx_word' id='word_1_419' title='bbox 655 2831 776 2884; x_wconf 72' lang='lat' dir='ltr'><strong>meritiis</strong></span> <span class='ocrx_word' id='word_1_420' title='bbox 795 2849 850 2886; x_wconf 90' lang='grc' dir='ltr'><strong>παπ</strong></span> <span class='ocrx_word' id='word_1_421' title='bbox 867 2830 950 2885; x_wconf 79' lang='lat' dir='ltr'><strong>habet</strong></span> <span class='ocrx_word' id='word_1_422' title='bbox 967 2841 1045 2902; x_wconf 83' lang='lat' dir='ltr'><strong>pate·</strong></span> <span class='ocrx_word' id='word_1_423' title='bbox 1071 2850 1143 2886; x_wconf 76' lang='lat' dir='ltr'><strong>arins</strong></span> <span class='ocrx_word' id='word_1_424' title='bbox 1161 2833 1280 2886; x_wconf 70' lang='lat' dir='ltr'><strong>nimrim</strong></span> <span class='ocrx_word' id='word_1_425' title='bbox 1299 2841 1393 2888; x_wconf 83' lang='lat' dir='ltr'><strong>mutua</strong></span> <span class='ocrx_word' id='word_1_426' title='bbox 1424 2849 1560 2886; x_wconf 83' lang='lat' dir='ltr'><strong>consensu</strong></span> <span class='ocrx_word' id='word_1_427' title='bbox 1584 2834 1677 2887; x_wconf 82' lang='lat' dir='ltr'><strong>aeriis</strong></span> <span class='ocrx_word' id='word_1_428' title='bbox 1709 2837 1850 2890; x_wconf 63' lang='lat' dir='ltr'><strong>canensis</strong></span> <span class='ocrx_word' id='word_1_429' title='bbox 1866 2853 1905 2889; x_wconf 80' lang='lat' dir='ltr'><strong>er·</strong></span> 
     </span>
     <span class='ocr_line' id='line_1_31' title="bbox 212 2918 1904 2990; baseline -0.001 -12"><span class='ocrx_word' id='word_1_430' title='bbox 212 2929 312 2978; x_wconf 88' lang='lat' dir='ltr'><strong>statem</strong></span> <span class='ocrx_word' id='word_1_431' title='bbox 331 2918 460 2990; x_wconf 73' lang='lat' dir='ltr'><strong>corporis</strong></span> <span class='ocrx_word' id='word_1_432' title='bbox 476 2918 531 2988; x_wconf 87' lang='lat' dir='ltr'><strong>sni,</strong></span> <span class='ocrx_word' id='word_1_433' title='bbox 556 2921 609 2972; x_wconf 89' lang='lat' dir='ltr'><strong>sed</strong></span> <span class='ocrx_word' id='word_1_434' title='bbox 632 2936 712 2988; x_wconf 74' lang='lat' dir='ltr'><strong>emor,</strong></span> <span class='ocrx_word' id='word_1_435' title='bbox 734 2935 784 2972; x_wconf 89' lang='lat' dir='ltr'><strong>nec</strong></span> <span class='ocrx_word' id='word_1_436' title='bbox 802 2937 873 2973; x_wconf 78' lang='lat' dir='ltr'><strong>near</strong></span> <span class='ocrx_word' id='word_1_437' title='bbox 895 2919 978 2973; x_wconf 83' lang='lat' dir='ltr'><strong>hahet</strong></span> <span class='ocrx_word' id='word_1_438' title='bbox 993 2938 1046 2990; x_wconf 85' lang='lat' dir='ltr'><strong>po·</strong></span> <span class='ocrx_word' id='word_1_439' title='bbox 1068 2935 1168 2989; x_wconf 83' lang='lat' dir='ltr'><strong>presso</strong></span> <span class='ocrx_word' id='word_1_440' title='bbox 1184 2918 1304 2988; x_wconf 71' lang='lat' dir='ltr'><strong>recipiat</strong></span> <span class='ocrx_word' id='word_1_441' title='bbox 1324 2926 1441 2988; x_wconf 79' lang='lat' dir='ltr'><strong>raroque</strong></span> <span class='ocrx_word' id='word_1_442' title='bbox 1461 2920 1578 2988; x_wconf 67' lang='lat' dir='ltr'><strong>timente,</strong></span> <span class='ocrx_word' id='word_1_443' title='bbox 1597 2936 1648 2988; x_wconf 75' lang='lat' dir='ltr'><strong>sao</strong></span> <span class='ocrx_word' id='word_1_444' title='bbox 1666 2929 1692 2973; x_wconf 89' lang='lat' dir='ltr'><strong>te</strong></span> <span class='ocrx_word' id='word_1_445' title='bbox 1708 2923 1738 2975; x_wconf 89' lang='lat' dir='ltr'><strong>in</strong></span> <span class='ocrx_word' id='word_1_446' title='bbox 1758 2939 1853 2977; x_wconf 87' lang='lat' dir='ltr'><strong>meam</strong></span> <span class='ocrx_word' id='word_1_447' title='bbox 1864 2940 1904 2976; x_wconf 84' lang='lat' dir='ltr'><strong>aa·</strong></span> 
     </span>
     <span class='ocr_line' id='line_1_32' title="bbox 213 3003 1905 3078; baseline 0 -14"><span class='ocrx_word' id='word_1_448' title='bbox 213 3017 338 3064; x_wconf 85' lang='lat' dir='ltr'><strong>testatem</strong></span> <span class='ocrx_word' id='word_1_449' title='bbox 360 3006 489 3078; x_wconf 74' lang='lat' dir='ltr'><strong>saporis</strong></span> <span class='ocrx_word' id='word_1_450' title='bbox 507 3005 560 3074; x_wconf 82' lang='lat' dir='ltr'><strong>sui,</strong></span> <span class='ocrx_word' id='word_1_451' title='bbox 580 3007 632 3059; x_wconf 85' lang='lat' dir='ltr'><strong>sed</strong></span> <span class='ocrx_word' id='word_1_452' title='bbox 651 3005 780 3078; x_wconf 85' lang='lat' dir='ltr'><strong>maritae,</strong></span> <span class='ocrx_word' id='word_1_453' title='bbox 806 3011 829 3062; x_wconf 88' lang='lat'><strong>1.</strong></span> <span class='ocrx_word' id='word_1_454' title='bbox 848 3003 910 3061; x_wconf 81' lang='lat' dir='ltr'><strong>cnr.</strong></span> <span class='ocrx_word' id='word_1_455' title='bbox 930 3012 954 3075; x_wconf 82' lang='lat' dir='ltr'><strong>i,</strong></span> <span class='ocrx_word' id='word_1_456' title='bbox 973 3024 1000 3062; x_wconf 84' lang='lat' dir='ltr'><strong>v.</strong></span> <span class='ocrx_word' id='word_1_457' title='bbox 1022 3014 1045 3062; x_wconf 81' lang='lat'><strong>4.</strong></span> <span class='ocrx_word' id='word_1_458' title='bbox 1072 3005 1277 3076; x_wconf 75' lang='lat' dir='ltr'><strong>cipioetegate</strong></span> <span class='ocrx_word' id='word_1_459' title='bbox 1292 3007 1402 3075; x_wconf 68' lang='lat' dir='ltr'><strong>nampio</strong></span> <span class='ocrx_word' id='word_1_460' title='bbox 1416 3007 1446 3059; x_wconf 91' lang='lat' dir='ltr'><strong>in</strong></span> <span class='ocrx_word' id='word_1_461' title='bbox 1457 3023 1554 3076; x_wconf 73' lang='lat' dir='ltr'><strong>mecm,</strong></span> <span class='ocrx_word' id='word_1_462' title='bbox 1568 3007 1613 3061; x_wconf 83' lang='lat' dir='ltr'><strong>ael</strong></span> <span class='ocrx_word' id='word_1_463' title='bbox 1629 3007 1905 3064; x_wconf 83' lang='lat' dir='ltr'><strong>oliaaerbacaneea·</strong></span> 
     </span>
     <span class='ocr_line' id='line_1_33' title="bbox 214 3091 1904 3167; baseline -0.002 -17"><span class='ocrx_word' id='word_1_464' title='bbox 214 3096 253 3151; x_wconf 92' lang='lat' dir='ltr'><strong>sic</strong></span> <span class='ocrx_word' id='word_1_465' title='bbox 272 3110 374 3167; x_wconf 86' lang='lat' dir='ltr'><strong>sponsa</strong></span> <span class='ocrx_word' id='word_1_466' title='bbox 391 3111 446 3149; x_wconf 90' lang='lat' dir='ltr'><strong>non</strong></span> <span class='ocrx_word' id='word_1_467' title='bbox 466 3091 552 3147; x_wconf 86' lang='lat' dir='ltr'><strong>hahet</strong></span> <span class='ocrx_word' id='word_1_468' title='bbox 573 3097 740 3162; x_wconf 88' lang='lat' dir='ltr'><strong>potestatem</strong></span> <span class='ocrx_word' id='word_1_469' title='bbox 765 3109 795 3147; x_wconf 91' lang='lat' dir='ltr'><strong>se</strong></span> <span class='ocrx_word' id='word_1_470' title='bbox 821 3091 945 3147; x_wconf 91' lang='lat' dir='ltr'><strong>elocandi</strong></span> <span class='ocrx_word' id='word_1_471' title='bbox 965 3091 1045 3148; x_wconf 86' lang='lat' dir='ltr'><strong>alteri</strong></span> <span class='ocrx_word' id='word_1_472' title='bbox 1070 3091 1323 3162; x_wconf 77' lang='lat' dir='ltr'><strong>sumenprimentia</strong></span> <span class='ocrx_word' id='word_1_473' title='bbox 1333 3092 1526 3161; x_wconf 82' lang='lat' dir='ltr'><strong>depraesenti,</strong></span> <span class='ocrx_word' id='word_1_474' title='bbox 1541 3092 1644 3146; x_wconf 87' lang='lat' dir='ltr'><strong>siaesit</strong></span> <span class='ocrx_word' id='word_1_475' title='bbox 1658 3094 1855 3162; x_wconf 75' lang='lat' dir='ltr'><strong>juramentum</strong></span> <span class='ocrx_word' id='word_1_476' title='bbox 1868 3096 1904 3148; x_wconf 79' lang='lat' dir='ltr'><strong>is-</strong></span> 
     </span>
     <span class='ocr_line' id='line_1_34' title="bbox 213 3177 1905 3255; baseline -0.001 -18"><span class='ocrx_word' id='word_1_477' title='bbox 213 3199 323 3255; x_wconf 89' lang='lat' dir='ltr'><strong>sponso‚</strong></span> <span class='ocrx_word' id='word_1_478' title='bbox 350 3197 402 3235; x_wconf 91' lang='lat' dir='ltr'><strong>nec</strong></span> <span class='ocrx_word' id='word_1_479' title='bbox 429 3196 548 3251; x_wconf 74' lang='lat' dir='ltr'><strong>sponsum</strong></span> <span class='ocrx_word' id='word_1_480' title='bbox 569 3177 657 3233; x_wconf 88' lang='lat' dir='ltr'><strong>habet</strong></span> <span class='ocrx_word' id='word_1_481' title='bbox 681 3183 847 3249; x_wconf 89' lang='lat' dir='ltr'><strong>potestatem</strong></span> <span class='ocrx_word' id='word_1_482' title='bbox 876 3177 928 3232; x_wconf 90' lang='lat' dir='ltr'><strong>sibi</strong></span> <span class='ocrx_word' id='word_1_483' title='bbox 946 3179 1044 3250; x_wconf 88' lang='lat' dir='ltr'><strong>adjun·</strong></span> <span class='ocrx_word' id='word_1_484' title='bbox 1071 3179 1236 3248; x_wconf 82' lang='lat' dir='ltr'><strong>terpositam</strong></span> <span class='ocrx_word' id='word_1_485' title='bbox 1245 3179 1302 3232; x_wconf 89' lang='lat' dir='ltr'><strong>siae</strong></span> <span class='ocrx_word' id='word_1_486' title='bbox 1311 3197 1375 3247; x_wconf 92' lang='grc' dir='ltr'><strong><em>παπ,</em></strong></span> <span class='ocrx_word' id='word_1_487' title='bbox 1387 3179 1517 3232; x_wconf 87' lang='lat' dir='ltr'><strong>nonlicet</strong></span> <span class='ocrx_word' id='word_1_488' title='bbox 1526 3179 1613 3233; x_wconf 85' lang='lat' dir='ltr'><strong>alteri</strong></span> <span class='ocrx_word' id='word_1_489' title='bbox 1619 3182 1661 3232; x_wconf 86' lang='lat' dir='ltr'><strong>ad</strong></span> <span class='ocrx_word' id='word_1_490' title='bbox 1668 3181 1733 3234; x_wconf 88' lang='lat' dir='ltr'><strong>alia</strong></span> <span class='ocrx_word' id='word_1_491' title='bbox 1741 3190 1810 3237; x_wconf 87' lang='lat' dir='ltr'><strong>acta</strong></span> <span class='ocrx_word' id='word_1_492' title='bbox 1822 3190 1905 3236; x_wconf 75' lang='lat' dir='ltr'><strong>aom-</strong></span> 
     </span>
     <span class='ocr_line' id='line_1_35' title="bbox 212 3264 1903 3340; baseline 0 -18"><span class='ocrx_word' id='word_1_493' title='bbox 212 3268 297 3340; x_wconf 84' lang='lat' dir='ltr'><strong>gendi</strong></span> <span class='ocrx_word' id='word_1_494' title='bbox 323 3266 404 3320; x_wconf 88' lang='lat' dir='ltr'><strong>aliam</strong></span> <span class='ocrx_word' id='word_1_495' title='bbox 431 3282 561 3337; x_wconf 88' lang='lat' dir='ltr'><strong>sponsam</strong></span> <span class='ocrx_word' id='word_1_496' title='bbox 586 3269 703 3335; x_wconf 89' lang='lat' dir='ltr'><strong>propter</strong></span> <span class='ocrx_word' id='word_1_497' title='bbox 734 3264 906 3321; x_wconf 81' lang='lat' dir='ltr'><strong>intercedens</strong></span> <span class='ocrx_word' id='word_1_498' title='bbox 932 3272 1044 3336; x_wconf 91' lang='lat' dir='ltr'><strong>pactum</strong></span> <span class='ocrx_word' id='word_1_499' title='bbox 1071 3267 1123 3333; x_wconf 78' lang='lat' dir='ltr'><strong>r&#39;re,</strong></span> <span class='ocrx_word' id='word_1_500' title='bbox 1154 3267 1232 3334; x_wconf 82' lang='lat' dir='ltr'><strong>qaod</strong></span> <span class='ocrx_word' id='word_1_501' title='bbox 1260 3267 1287 3318; x_wconf 87' lang='lat' dir='ltr'><strong>si</strong></span> <span class='ocrx_word' id='word_1_502' title='bbox 1310 3266 1419 3334; x_wconf 88' lang='lat' dir='ltr'><strong>fecerit</strong></span> <span class='ocrx_word' id='word_1_503' title='bbox 1452 3267 1604 3319; x_wconf 82' lang='lat' dir='ltr'><strong>secundnm</strong></span> <span class='ocrx_word' id='word_1_504' title='bbox 1625 3267 1841 3323; x_wconf 83' lang='lat' dir='ltr'><strong>matrimonium</strong></span> <span class='ocrx_word' id='word_1_505' title='bbox 1871 3270 1903 3322; x_wconf 87' lang='lat' dir='ltr'><strong>de</strong></span> 
     </span>
     <span class='ocr_line' id='line_1_36' title="bbox 213 3351 1905 3424; baseline 0 -15"><span class='ocrx_word' id='word_1_506' title='bbox 213 3353 389 3409; x_wconf 66' lang='lat' dir='ltr'><strong>casuarium.</strong></span> <span class='ocrx_word' id='word_1_507' title='bbox 428 3358 451 3407; x_wconf 85' lang='grc'><strong>3.</strong></span> <span class='ocrx_word' id='word_1_508' title='bbox 475 3354 521 3405; x_wconf 83' lang='grc' dir='ltr'><strong>Επ</strong></span> <span class='ocrx_word' id='word_1_509' title='bbox 546 3352 645 3406; x_wconf 79' lang='lat' dir='ltr'><strong>divina</strong></span> <span class='ocrx_word' id='word_1_510' title='bbox 666 3351 864 3422; x_wconf 69' lang='lat' dir='ltr'><strong>prohibitione.</strong></span> <span class='ocrx_word' id='word_1_511' title='bbox 905 3352 982 3407; x_wconf 89' lang='lat' dir='ltr'><strong>Deus</strong></span> <span class='ocrx_word' id='word_1_512' title='bbox 1003 3370 1044 3409; x_wconf 90' lang='lat' dir='ltr'><strong>se·</strong></span> <span class='ocrx_word' id='word_1_513' title='bbox 1070 3353 1149 3417; x_wconf 87' lang='lat' dir='ltr'><strong>facto</strong></span> <span class='ocrx_word' id='word_1_514' title='bbox 1168 3359 1348 3421; x_wconf 86' lang='lat' dir='ltr'><strong>contractam,</strong></span> <span class='ocrx_word' id='word_1_515' title='bbox 1376 3353 1488 3406; x_wconf 88' lang='lat' dir='ltr'><strong>etiamsi</strong></span> <span class='ocrx_word' id='word_1_516' title='bbox 1510 3353 1547 3405; x_wconf 87' lang='lat' dir='ltr'><strong>eit</strong></span> <span class='ocrx_word' id='word_1_517' title='bbox 1573 3353 1703 3406; x_wconf 85' lang='lat' dir='ltr'><strong>carnalis</strong></span> <span class='ocrx_word' id='word_1_518' title='bbox 1723 3356 1828 3424; x_wconf 80' lang='lat' dir='ltr'><strong>capula</strong></span> <span class='ocrx_word' id='word_1_519' title='bbox 1848 3355 1905 3409; x_wconf 80' lang='lat' dir='ltr'><strong>sui·</strong></span> 
     </span>
     <span class='ocr_line' id='line_1_37' title="bbox 212 3437 1906 3511; baseline 0.001 -17"><span class='ocrx_word' id='word_1_520' title='bbox 212 3456 277 3496; x_wconf 84' lang='lat' dir='ltr'><strong>vere</strong></span> <span class='ocrx_word' id='word_1_521' title='bbox 299 3437 442 3511; x_wconf 86' lang='lat' dir='ltr'><strong>prohibuit</strong></span> <span class='ocrx_word' id='word_1_522' title='bbox 464 3437 493 3491; x_wconf 92' lang='lat' dir='ltr'><strong>in</strong></span> <span class='ocrx_word' id='word_1_523' title='bbox 520 3438 631 3508; x_wconf 73' lang='lat' dir='ltr'><strong>negotio</strong></span> <span class='ocrx_word' id='word_1_524' title='bbox 657 3440 781 3502; x_wconf 82' lang='lat' dir='ltr'><strong>fratrem</strong></span> <span class='ocrx_word' id='word_1_525' title='bbox 802 3438 1002 3494; x_wconf 69' lang='lat' dir='ltr'><strong>dreamaenire</strong></span> <span class='ocrx_word' id='word_1_526' title='bbox 1023 3445 1043 3495; x_wconf 87' lang='lat'><strong>1.</strong></span> <span class='ocrx_word' id='word_1_527' title='bbox 1071 3447 1174 3507; x_wconf 85' lang='lat' dir='ltr'><strong>scente,</strong></span> <span class='ocrx_word' id='word_1_528' title='bbox 1194 3439 1329 3507; x_wconf 85' lang='lat' dir='ltr'><strong>separari</strong></span> <span class='ocrx_word' id='word_1_529' title='bbox 1347 3440 1426 3494; x_wconf 83' lang='lat' dir='ltr'><strong>dehet</strong></span> <span class='ocrx_word' id='word_1_530' title='bbox 1445 3447 1470 3492; x_wconf 87' lang='lat' dir='ltr'><strong>et</strong></span> <span class='ocrx_word' id='word_1_531' title='bbox 1487 3442 1610 3508; x_wconf 85' lang='lat' dir='ltr'><strong>primum</strong></span> <span class='ocrx_word' id='word_1_532' title='bbox 1636 3440 1666 3494; x_wconf 89' lang='lat' dir='ltr'><strong>in</strong></span> <span class='ocrx_word' id='word_1_533' title='bbox 1694 3457 1749 3494; x_wconf 83' lang='lat' dir='ltr'><strong>aaa</strong></span> <span class='ocrx_word' id='word_1_534' title='bbox 1772 3442 1906 3511; x_wconf 76' lang='lat' dir='ltr'><strong>firmitate</strong></span> 
     </span>
     <span class='ocr_line' id='line_1_38' title="bbox 212 3523 1907 3596; baseline 0.001 -15"><span class='ocrx_word' id='word_1_535' title='bbox 212 3527 308 3581; x_wconf 83' lang='lat' dir='ltr'><strong>These</strong></span> <span class='ocrx_word' id='word_1_536' title='bbox 327 3531 351 3594; x_wconf 77' lang='grc'><strong>4,</strong></span> <span class='ocrx_word' id='word_1_537' title='bbox 377 3543 404 3581; x_wconf 85' lang='lat' dir='ltr'><strong>v.</strong></span> <span class='ocrx_word' id='word_1_538' title='bbox 430 3529 453 3579; x_wconf 84' lang='grc'><strong>6.</strong></span> <span class='ocrx_word' id='word_1_539' title='bbox 486 3523 527 3578; x_wconf 85' lang='lat' dir='ltr'><strong>At</strong></span> <span class='ocrx_word' id='word_1_540' title='bbox 556 3540 628 3594; x_wconf 87' lang='lat' dir='ltr'><strong>quae</strong></span> <span class='ocrx_word' id='word_1_541' title='bbox 659 3524 737 3578; x_wconf 86' lang='lat' dir='ltr'><strong>alteri</strong></span> <span class='ocrx_word' id='word_1_542' title='bbox 768 3523 935 3595; x_wconf 89' lang='lat' dir='ltr'><strong>desponsata</strong></span> <span class='ocrx_word' id='word_1_543' title='bbox 965 3525 1045 3582; x_wconf 83' lang='lat' dir='ltr'><strong>alteri</strong></span> <span class='ocrx_word' id='word_1_544' title='bbox 1072 3542 1191 3578; x_wconf 73' lang='lat' dir='ltr'><strong>manne.</strong></span> <span class='ocrx_word' id='word_1_545' title='bbox 1205 3543 1228 3582; x_wconf 87' lang='lat' dir='ltr'><strong>c.</strong></span> <span class='ocrx_word' id='word_1_546' title='bbox 1243 3525 1360 3580; x_wconf 90' lang='lat' dir='ltr'><strong>Duobus</strong></span> <span class='ocrx_word' id='word_1_547' title='bbox 1373 3531 1429 3583; x_wconf 86' lang='lat' dir='ltr'><strong>etc.</strong></span> <span class='ocrx_word' id='word_1_548' title='bbox 1453 3532 1475 3580; x_wconf 90' lang='grc'><strong>1.</strong></span> <span class='ocrx_word' id='word_1_549' title='bbox 1495 3526 1529 3581; x_wconf 89' lang='lat' dir='ltr'><strong>de</strong></span> <span class='ocrx_word' id='word_1_550' title='bbox 1549 3541 1650 3596; x_wconf 91' lang='lat' dir='ltr'><strong>spansa</strong></span> <span class='ocrx_word' id='word_1_551' title='bbox 1667 3525 1800 3593; x_wconf 88' lang='lat' dir='ltr'><strong>duorum,</strong></span> <span class='ocrx_word' id='word_1_552' title='bbox 1818 3533 1846 3584; x_wconf 90' lang='lat' dir='ltr'><strong>et</strong></span> <span class='ocrx_word' id='word_1_553' title='bbox 1863 3529 1907 3582; x_wconf 90' lang='lat' dir='ltr'><strong>tri·</strong></span> 
     </span>
     <span class='ocr_line' id='line_1_39' title="bbox 213 3608 1907 3685; baseline 0.002 -18"><span class='ocrx_word' id='word_1_554' title='bbox 213 3612 301 3681; x_wconf 89' lang='lat' dir='ltr'><strong>nubit,</strong></span> <span class='ocrx_word' id='word_1_555' title='bbox 325 3616 422 3666; x_wconf 86' lang='lat' dir='ltr'><strong>cantra</strong></span> <span class='ocrx_word' id='word_1_556' title='bbox 445 3609 521 3664; x_wconf 90' lang='lat' dir='ltr'><strong>illam</strong></span> <span class='ocrx_word' id='word_1_557' title='bbox 552 3608 605 3664; x_wconf 90' lang='lat' dir='ltr'><strong>Dei</strong></span> <span class='ocrx_word' id='word_1_558' title='bbox 632 3609 846 3680; x_wconf 92' lang='lat' dir='ltr'><strong>prohibitionem</strong></span> <span class='ocrx_word' id='word_1_559' title='bbox 871 3611 937 3682; x_wconf 87' lang='lat' dir='ltr'><strong>agit.</strong></span> <span class='ocrx_word' id='word_1_560' title='bbox 970 3611 1045 3685; x_wconf 87' lang='lat' dir='ltr'><strong>Erga</strong></span> <span class='ocrx_word' id='word_1_561' title='bbox 1075 3610 1171 3666; x_wconf 89' lang='lat' dir='ltr'><strong>buitur</strong></span> <span class='ocrx_word' id='word_1_562' title='bbox 1189 3610 1347 3683; x_wconf 83' lang='lat' dir='ltr'><strong>Augustino</strong></span> <span class='ocrx_word' id='word_1_563' title='bbox 1371 3611 1406 3667; x_wconf 89' lang='lat' dir='ltr'><strong>de</strong></span> <span class='ocrx_word' id='word_1_564' title='bbox 1429 3611 1485 3666; x_wconf 83' lang='lat' dir='ltr'><strong>tide</strong></span> <span class='ocrx_word' id='word_1_565' title='bbox 1501 3612 1652 3684; x_wconf 90' lang='lat' dir='ltr'><strong>pactionis:</strong></span> <span class='ocrx_word' id='word_1_566' title='bbox 1672 3614 1797 3667; x_wconf 79' lang='lat' dir='ltr'><strong>Duobus</strong></span> <span class='ocrx_word' id='word_1_567' title='bbox 1821 3616 1907 3670; x_wconf 85' lang='lat' dir='ltr'><strong>modis</strong></span> 
     </span>
     <span class='ocr_line' id='line_1_40' title="bbox 213 3694 1909 3769; baseline 0.001 -15"><span class='ocrx_word' id='word_1_568' title='bbox 213 3704 304 3754; x_wconf 88' lang='lat' dir='ltr'><strong>ratum</strong></span> <span class='ocrx_word' id='word_1_569' title='bbox 324 3705 353 3753; x_wconf 92' lang='lat' dir='ltr'><strong>et</strong></span> <span class='ocrx_word' id='word_1_570' title='bbox 369 3697 478 3752; x_wconf 88' lang='lat' dir='ltr'><strong>firmum</strong></span> <span class='ocrx_word' id='word_1_571' title='bbox 506 3694 709 3750; x_wconf 88' lang='lat' dir='ltr'><strong>matrimonium</strong></span> <span class='ocrx_word' id='word_1_572' title='bbox 739 3713 917 3768; x_wconf 86' lang='lat' dir='ltr'><strong>nequaquam</strong></span> <span class='ocrx_word' id='word_1_573' title='bbox 936 3703 1043 3752; x_wconf 71' lang='lat' dir='ltr'><strong>cauma</strong></span> <span class='ocrx_word' id='word_1_574' title='bbox 1073 3697 1178 3750; x_wconf 83' lang='lat' dir='ltr'><strong>dicitur</strong></span> <span class='ocrx_word' id='word_1_575' title='bbox 1195 3700 1267 3762; x_wconf 79' lang='lat' dir='ltr'><strong>fides</strong></span> <span class='ocrx_word' id='word_1_576' title='bbox 1276 3698 1421 3767; x_wconf 83' lang='lat' dir='ltr'><strong>pactionis</strong></span> <span class='ocrx_word' id='word_1_577' title='bbox 1437 3706 1464 3752; x_wconf 85' lang='lat' dir='ltr'><strong>et</strong></span> <span class='ocrx_word' id='word_1_578' title='bbox 1479 3712 1635 3752; x_wconf 77' lang='lat' dir='ltr'><strong>consemm.</strong></span> <span class='ocrx_word' id='word_1_579' title='bbox 1657 3698 1814 3769; x_wconf 78' lang='lat' dir='ltr'><strong>Sialiqais</strong></span> <span class='ocrx_word' id='word_1_580' title='bbox 1824 3700 1909 3755; x_wconf 82' lang='lat' dir='ltr'><strong>alicui</strong></span> 
     </span>
     <span class='ocr_line' id='line_1_41' title="bbox 214 3782 1905 3855; baseline 0.001 -16"><span class='ocrx_word' id='word_1_581' title='bbox 214 3785 263 3839; x_wconf 92' lang='lat' dir='ltr'><strong>hit.</strong></span> <span class='ocrx_word' id='word_1_582' title='bbox 303 3783 382 3848; x_wconf 86' lang='lat' dir='ltr'><strong>Quae</strong></span> <span class='ocrx_word' id='word_1_583' title='bbox 399 3783 474 3838; x_wconf 90' lang='lat' dir='ltr'><strong>enim</strong></span> <span class='ocrx_word' id='word_1_584' title='bbox 493 3788 589 3837; x_wconf 88' lang='lat' dir='ltr'><strong>contra</strong></span> <span class='ocrx_word' id='word_1_585' title='bbox 608 3782 781 3838; x_wconf 77' lang='lat' dir='ltr'><strong>manifestam</strong></span> <span class='ocrx_word' id='word_1_586' title='bbox 807 3782 861 3838; x_wconf 90' lang='lat' dir='ltr'><strong>Dei</strong></span> <span class='ocrx_word' id='word_1_587' title='bbox 884 3783 1045 3855; x_wconf 92' lang='lat' dir='ltr'><strong>prohibitio·</strong></span> <span class='ocrx_word' id='word_1_588' title='bbox 1073 3785 1185 3838; x_wconf 85' lang='lat' dir='ltr'><strong>mulieri</strong></span> <span class='ocrx_word' id='word_1_589' title='bbox 1200 3787 1285 3848; x_wconf 81' lang='lat' dir='ltr'><strong>fidem</strong></span> <span class='ocrx_word' id='word_1_590' title='bbox 1303 3785 1406 3849; x_wconf 78' lang='lat' dir='ltr'><strong>fecerit</strong></span> <span class='ocrx_word' id='word_1_591' title='bbox 1419 3785 1567 3855; x_wconf 74' lang='lat' dir='ltr'><strong>postianm,</strong></span> <span class='ocrx_word' id='word_1_592' title='bbox 1582 3802 1638 3838; x_wconf 92' lang='lat' dir='ltr'><strong>non</strong></span> <span class='ocrx_word' id='word_1_593' title='bbox 1656 3786 1739 3840; x_wconf 81' lang='lat' dir='ltr'><strong>debet</strong></span> <span class='ocrx_word' id='word_1_594' title='bbox 1754 3788 1845 3841; x_wconf 83' lang='lat' dir='ltr'><strong>aliam</strong></span> <span class='ocrx_word' id='word_1_595' title='bbox 1859 3789 1905 3841; x_wconf 80' lang='lat' dir='ltr'><strong>ds·</strong></span> 
     </span>
     <span class='ocr_line' id='line_1_42' title="bbox 214 3869 1905 3944; baseline 0.001 -19"><span class='ocrx_word' id='word_1_596' title='bbox 214 3888 276 3926; x_wconf 91' lang='lat' dir='ltr'><strong>nem</strong></span> <span class='ocrx_word' id='word_1_597' title='bbox 295 3870 503 3937; x_wconf 72' lang='lat' dir='ltr'><strong>conhahuutur,</strong></span> <span class='ocrx_word' id='word_1_598' title='bbox 532 3884 588 3923; x_wconf 91' lang='lat' dir='ltr'><strong>non</strong></span> <span class='ocrx_word' id='word_1_599' title='bbox 614 3875 680 3923; x_wconf 89' lang='lat' dir='ltr'><strong>sunt</strong></span> <span class='ocrx_word' id='word_1_600' title='bbox 702 3874 765 3923; x_wconf 86' lang='lat' dir='ltr'><strong>rata</strong></span> <span class='ocrx_word' id='word_1_601' title='bbox 789 3874 817 3924; x_wconf 90' lang='lat' dir='ltr'><strong>et</strong></span> <span class='ocrx_word' id='word_1_602' title='bbox 840 3869 965 3942; x_wconf 86' lang='lat' dir='ltr'><strong>legitima</strong></span> <span class='ocrx_word' id='word_1_603' title='bbox 981 3888 1045 3925; x_wconf 91' lang='lat' dir='ltr'><strong>con·</strong></span> <span class='ocrx_word' id='word_1_604' title='bbox 1073 3871 1905 3944; x_wconf 76' lang='lat' dir='ltr'><strong>ecra;sialiam‘dnaerit,paenitentiamdehetaperedefids</strong></span> 
     </span>
     <span class='ocr_line' id='line_1_43' title="bbox 211 3956 1903 4030; baseline 0.002 -18"><span class='ocrx_word' id='word_1_605' title='bbox 211 3958 300 4030; x_wconf 86' lang='lat' dir='ltr'><strong>jugia,</strong></span> <span class='ocrx_word' id='word_1_606' title='bbox 315 3962 347 4011; x_wconf 90' lang='lat' dir='ltr'><strong>ut</strong></span> <span class='ocrx_word' id='word_1_607' title='bbox 358 3962 466 4012; x_wconf 86' lang='lat' dir='ltr'><strong>constat</strong></span> <span class='ocrx_word' id='word_1_608' title='bbox 477 3956 604 4026; x_wconf 88' lang='lat' dir='ltr'><strong>exemplo</strong></span> <span class='ocrx_word' id='word_1_609' title='bbox 616 3973 718 4025; x_wconf 88' lang='lat' dir='ltr'><strong>eorum,</strong></span> <span class='ocrx_word' id='word_1_610' title='bbox 732 3956 780 4028; x_wconf 90' lang='lat' dir='ltr'><strong>qui</strong></span> <span class='ocrx_word' id='word_1_611' title='bbox 795 3962 893 4012; x_wconf 81' lang='lat' dir='ltr'><strong>ecntm</strong></span> <span class='ocrx_word' id='word_1_612' title='bbox 899 3966 1044 4029; x_wconf 88' lang='lat' dir='ltr'><strong>parentum</strong></span> <span class='ocrx_word' id='word_1_613' title='bbox 1074 3959 1195 4026; x_wconf 86' lang='lat' dir='ltr'><strong>mentito,</strong></span> <span class='ocrx_word' id='word_1_614' title='bbox 1205 3966 1298 4011; x_wconf 88' lang='lat' dir='ltr'><strong>manet</strong></span> <span class='ocrx_word' id='word_1_615' title='bbox 1308 3964 1399 4011; x_wconf 85' lang='lat' dir='ltr'><strong>tamen</strong></span> <span class='ocrx_word' id='word_1_616' title='bbox 1408 3976 1469 4011; x_wconf 88' lang='lat' dir='ltr'><strong>cnm</strong></span> <span class='ocrx_word' id='word_1_617' title='bbox 1479 3958 1540 4022; x_wconf 85' lang='lat' dir='ltr'><strong>iila,</strong></span> <span class='ocrx_word' id='word_1_618' title='bbox 1560 3976 1644 4028; x_wconf 81' lang='lat' dir='ltr'><strong>qnam</strong></span> <span class='ocrx_word' id='word_1_619' title='bbox 1654 3961 1744 4029; x_wconf 78' lang='lat' dir='ltr'><strong>duait,</strong></span> <span class='ocrx_word' id='word_1_620' title='bbox 1761 3980 1819 4015; x_wconf 89' lang='lat' dir='ltr'><strong>nan</strong></span> <span class='ocrx_word' id='word_1_621' title='bbox 1837 3963 1903 4016; x_wconf 82' lang='lat' dir='ltr'><strong>enin</strong></span> 
     </span>
     <span class='ocr_line' id='line_1_44' title="bbox 214 4042 1904 4115; baseline 0.002 -15"><span class='ocrx_word' id='word_1_622' title='bbox 214 4043 433 4100; x_wconf 87' lang='lat' dir='ltr'><strong>consensumvel</strong></span> <span class='ocrx_word' id='word_1_623' title='bbox 452 4044 481 4097; x_wconf 92' lang='lat' dir='ltr'><strong>in</strong></span> <span class='ocrx_word' id='word_1_624' title='bbox 494 4042 628 4115; x_wconf 87' lang='lat' dir='ltr'><strong>gradihus</strong></span> <span class='ocrx_word' id='word_1_625' title='bbox 642 4042 810 4115; x_wconf 81' lang='lat' dir='ltr'><strong>divinalege</strong></span> <span class='ocrx_word' id='word_1_626' title='bbox 823 4044 968 4114; x_wconf 88' lang='lat' dir='ltr'><strong>prohibitis</strong></span> <span class='ocrx_word' id='word_1_627' title='bbox 981 4063 1043 4101; x_wconf 90' lang='lat' dir='ltr'><strong>can·</strong></span> <span class='ocrx_word' id='word_1_628' title='bbox 1072 4045 1199 4099; x_wconf 79' lang='lat' dir='ltr'><strong>rescindi</strong></span> <span class='ocrx_word' id='word_1_629' title='bbox 1216 4052 1322 4099; x_wconf 88' lang='lat' dir='ltr'><strong>tantam</strong></span> <span class='ocrx_word' id='word_1_630' title='bbox 1340 4045 1420 4097; x_wconf 82' lang='lat' dir='ltr'><strong>dehet</strong></span> <span class='ocrx_word' id='word_1_631' title='bbox 1437 4053 1649 4099; x_wconf 86' lang='lat' dir='ltr'><strong>sacramentnm.</strong></span> <span class='ocrx_word' id='word_1_632' title='bbox 1691 4046 1727 4100; x_wconf 81' lang='lat' dir='ltr'><strong>Si</strong></span> <span class='ocrx_word' id='word_1_633' title='bbox 1749 4056 1844 4103; x_wconf 85' lang='lat' dir='ltr'><strong>nutem</strong></span> <span class='ocrx_word' id='word_1_634' title='bbox 1865 4050 1904 4115; x_wconf 73' lang='lat' dir='ltr'><strong>fe</strong></span> 
     </span>
     <span class='ocr_line' id='line_1_45' title="bbox 213 4130 1904 4205; baseline 0.001 -17"><span class='ocrx_word' id='word_1_635' title='bbox 213 4130 335 4188; x_wconf 88' lang='lat' dir='ltr'><strong>trahunt.</strong></span> <span class='ocrx_word' id='word_1_636' title='bbox 372 4130 482 4202; x_wconf 82' lang='lat' dir='ltr'><strong>Siquis</strong></span> <span class='ocrx_word' id='word_1_637' title='bbox 507 4131 633 4201; x_wconf 79' lang='lat' dir='ltr'><strong>excipere</strong></span> <span class='ocrx_word' id='word_1_638' title='bbox 661 4130 736 4200; x_wconf 82' lang='lat' dir='ltr'><strong>velit,</strong></span> <span class='ocrx_word' id='word_1_639' title='bbox 762 4133 882 4202; x_wconf 80' lang='lat' dir='ltr'><strong>peccari</strong></span> <span class='ocrx_word' id='word_1_640' title='bbox 897 4134 1009 4203; x_wconf 81' lang='lat' dir='ltr'><strong>qnidam</strong></span> <span class='ocrx_word' id='word_1_641' title='bbox 1027 4152 1045 4186; x_wconf 91' lang='lat' dir='ltr'><strong>a</strong></span> <span class='ocrx_word' id='word_1_642' title='bbox 1073 4132 1142 4185; x_wconf 86' lang='lat' dir='ltr'><strong>cerit</strong></span> <span class='ocrx_word' id='word_1_643' title='bbox 1158 4133 1243 4196; x_wconf 78' lang='lat' dir='ltr'><strong>fidem</strong></span> <span class='ocrx_word' id='word_1_644' title='bbox 1260 4148 1417 4200; x_wconf 76' lang='lat' dir='ltr'><strong>consenesce,</strong></span> <span class='ocrx_word' id='word_1_645' title='bbox 1437 4149 1494 4185; x_wconf 91' lang='grc' dir='ltr'><strong>παπ</strong></span> <span class='ocrx_word' id='word_1_646' title='bbox 1512 4132 1577 4187; x_wconf 90' lang='lat' dir='ltr'><strong>licet</strong></span> <span class='ocrx_word' id='word_1_647' title='bbox 1595 4132 1623 4185; x_wconf 89' lang='lat' dir='ltr'><strong>ei</strong></span> <span class='ocrx_word' id='word_1_648' title='bbox 1640 4132 1729 4187; x_wconf 87' lang='lat' dir='ltr'><strong>aliam</strong></span> <span class='ocrx_word' id='word_1_649' title='bbox 1751 4135 1904 4205; x_wconf 78' lang='lat' dir='ltr'><strong>ducere3si</strong></span> 
     </span>
     <span class='ocr_line' id='line_1_46' title="bbox 213 4219 1902 4292; baseline 0.002 -19"><span class='ocrx_word' id='word_1_650' title='bbox 213 4219 398 4285; x_wconf 74' lang='lat' dir='ltr'><strong>contrahente,</strong></span> <span class='ocrx_word' id='word_1_651' title='bbox 424 4221 477 4272; x_wconf 87' lang='lat' dir='ltr'><strong>sed</strong></span> <span class='ocrx_word' id='word_1_652' title='bbox 498 4219 708 4274; x_wconf 83' lang='lat' dir='ltr'><strong>matrimonium</strong></span> <span class='ocrx_word' id='word_1_653' title='bbox 728 4228 883 4292; x_wconf 81' lang='lat' dir='ltr'><strong>propterea</strong></span> <span class='ocrx_word' id='word_1_654' title='bbox 906 4239 962 4274; x_wconf 90' lang='grc' dir='ltr'><strong>παπ</strong></span> <span class='ocrx_word' id='word_1_655' title='bbox 986 4238 1044 4275; x_wconf 90' lang='lat' dir='ltr'><strong>esse</strong></span> <span class='ocrx_word' id='word_1_656' title='bbox 1073 4226 1162 4272; x_wconf 88' lang='lat' dir='ltr'><strong>nutem</strong></span> <span class='ocrx_word' id='word_1_657' title='bbox 1181 4219 1301 4284; x_wconf 75' lang='lat' dir='ltr'><strong>deserit,</strong></span> <span class='ocrx_word' id='word_1_658' title='bbox 1321 4219 1442 4273; x_wconf 83' lang='lat' dir='ltr'><strong>dimittet</strong></span> <span class='ocrx_word' id='word_1_659' title='bbox 1459 4220 1550 4288; x_wconf 81' lang='lat' dir='ltr'><strong>ipsam</strong></span> <span class='ocrx_word' id='word_1_660' title='bbox 1577 4227 1604 4273; x_wconf 87' lang='lat' dir='ltr'><strong>et</strong></span> <span class='ocrx_word' id='word_1_661' title='bbox 1622 4220 1791 4276; x_wconf 78' lang='lat' dir='ltr'><strong>adhaerebit</strong></span> <span class='ocrx_word' id='word_1_662' title='bbox 1805 4222 1902 4292; x_wconf 67' lang='lat' dir='ltr'><strong>pratri.</strong></span> 
     </span>
     <span class='ocr_line' id='line_1_47' title="bbox 213 4305 1904 4378; baseline 0.002 -20"><span class='ocrx_word' id='word_1_663' title='bbox 213 4307 336 4373; x_wconf 86' lang='lat' dir='ltr'><strong>irritum,</strong></span> <span class='ocrx_word' id='word_1_664' title='bbox 352 4305 426 4359; x_wconf 72' lang='lat' dir='ltr'><strong>sicud</strong></span> <span class='ocrx_word' id='word_1_665' title='bbox 441 4312 540 4375; x_wconf 85' lang='lat' dir='ltr'><strong>peccat</strong></span> <span class='ocrx_word' id='word_1_666' title='bbox 558 4313 584 4359; x_wconf 87' lang='lat' dir='ltr'><strong>et</strong></span> <span class='ocrx_word' id='word_1_667' title='bbox 601 4306 713 4376; x_wconf 64' lang='lat' dir='ltr'><strong>decepit,</strong></span> <span class='ocrx_word' id='word_1_668' title='bbox 733 4307 964 4374; x_wconf 84' lang='lat' dir='ltr'><strong>qaaesediaitem</strong></span> <span class='ocrx_word' id='word_1_669' title='bbox 976 4325 1044 4377; x_wconf 80' lang='lat' dir='ltr'><strong>pro·</strong></span> <span class='ocrx_word' id='word_1_670' title='bbox 1074 4307 1125 4359; x_wconf 84' lang='lat' dir='ltr'><strong>Est</strong></span> <span class='ocrx_word' id='word_1_671' title='bbox 1141 4312 1233 4359; x_wconf 84' lang='lat' dir='ltr'><strong>antem</strong></span> <span class='ocrx_word' id='word_1_672' title='bbox 1249 4308 1321 4373; x_wconf 69' lang='lat' dir='ltr'><strong>rides</strong></span> <span class='ocrx_word' id='word_1_673' title='bbox 1337 4306 1490 4376; x_wconf 82' lang='lat' dir='ltr'><strong>pactionis,</strong></span> <span class='ocrx_word' id='word_1_674' title='bbox 1510 4307 1624 4375; x_wconf 80' lang='lat' dir='ltr'><strong>qnando</strong></span> <span class='ocrx_word' id='word_1_675' title='bbox 1644 4306 1753 4377; x_wconf 78' lang='lat' dir='ltr'><strong>aliquis</strong></span> <span class='ocrx_word' id='word_1_676' title='bbox 1769 4308 1904 4378; x_wconf 83' lang='lat' dir='ltr'><strong>promittit</strong></span> 
     </span>
     <span class='ocr_line' id='line_1_48' title="bbox 213 4392 1904 4462; baseline 0 -16"><span class='ocrx_word' id='word_1_677' title='bbox 213 4394 306 4460; x_wconf 90' lang='lat' dir='ltr'><strong>mittit,</strong></span> <span class='ocrx_word' id='word_1_678' title='bbox 323 4392 350 4445; x_wconf 84' lang='lat' dir='ltr'><strong>si</strong></span> <span class='ocrx_word' id='word_1_679' title='bbox 368 4410 402 4446; x_wconf 89' lang='lat' dir='ltr'><strong>ea</strong></span> <span class='ocrx_word' id='word_1_680' title='bbox 421 4392 489 4446; x_wconf 74' lang='lat' dir='ltr'><strong>tata</strong></span> <span class='ocrx_word' id='word_1_681' title='bbox 507 4410 563 4447; x_wconf 90' lang='lat' dir='ltr'><strong>nan</strong></span> <span class='ocrx_word' id='word_1_682' title='bbox 581 4392 625 4460; x_wconf 90' lang='lat' dir='ltr'><strong>sit,</strong></span> <span class='ocrx_word' id='word_1_683' title='bbox 648 4410 697 4446; x_wconf 87' lang='lat' dir='ltr'><strong>nec</strong></span> <span class='ocrx_word' id='word_1_684' title='bbox 722 4400 815 4446; x_wconf 88' lang='lat' dir='ltr'><strong>tamen</strong></span> <span class='ocrx_word' id='word_1_685' title='bbox 836 4393 1044 4448; x_wconf 83' lang='lat' dir='ltr'><strong>matrimonium</strong></span> <span class='ocrx_word' id='word_1_686' title='bbox 1072 4392 1163 4446; x_wconf 85' lang='lat' dir='ltr'><strong>alicui</strong></span> <span class='ocrx_word' id='word_1_687' title='bbox 1183 4394 1275 4458; x_wconf 83' lang='lat' dir='ltr'><strong>fidem,</strong></span> <span class='ocrx_word' id='word_1_688' title='bbox 1312 4393 1391 4462; x_wconf 82' lang='lat' dir='ltr'><strong>qnod</strong></span> <span class='ocrx_word' id='word_1_689' title='bbox 1413 4409 1474 4446; x_wconf 87' lang='lat' dir='ltr'><strong>eam</strong></span> <span class='ocrx_word' id='word_1_690' title='bbox 1500 4394 1591 4453; x_wconf 86' lang='lat' dir='ltr'><strong>ducet,</strong></span> <span class='ocrx_word' id='word_1_691' title='bbox 1615 4393 1643 4445; x_wconf 88' lang='lat' dir='ltr'><strong>si</strong></span> <span class='ocrx_word' id='word_1_692' title='bbox 1654 4395 1828 4462; x_wconf 85' lang='lat' dir='ltr'><strong>permiserit,</strong></span> <span class='ocrx_word' id='word_1_693' title='bbox 1848 4411 1904 4448; x_wconf 84' lang='lat' dir='ltr'><strong>ean</strong></span> 
     </span>
     <span class='ocr_line' id='line_1_49' title="bbox 213 4477 1903 4549; baseline 0.002 -16"><span class='ocrx_word' id='word_1_694' title='bbox 213 4487 254 4533; x_wconf 87' lang='lat' dir='ltr'><strong>est</strong></span> <span class='ocrx_word' id='word_1_695' title='bbox 278 4480 407 4548; x_wconf 86' lang='lat' dir='ltr'><strong>irritum;</strong></span> <span class='ocrx_word' id='word_1_696' title='bbox 439 4477 597 4547; x_wconf 84' lang='lat' dir='ltr'><strong>obvertunt,</strong></span> <span class='ocrx_word' id='word_1_697' title='bbox 624 4478 696 4534; x_wconf 89' lang='lat' dir='ltr'><strong>iuter</strong></span> <span class='ocrx_word' id='word_1_698' title='bbox 724 4478 908 4534; x_wconf 88' lang='lat' dir='ltr'><strong>accidentalia</strong></span> <span class='ocrx_word' id='word_1_699' title='bbox 933 4485 961 4535; x_wconf 93' lang='lat' dir='ltr'><strong>et</strong></span> <span class='ocrx_word' id='word_1_700' title='bbox 980 4480 1044 4536; x_wconf 92' lang='lat' dir='ltr'><strong>sub·</strong></span> <span class='ocrx_word' id='word_1_701' title='bbox 1072 4496 1130 4532; x_wconf 88' lang='lat' dir='ltr'><strong>rem</strong></span> <span class='ocrx_word' id='word_1_702' title='bbox 1147 4496 1240 4533; x_wconf 85' lang='lat' dir='ltr'><strong>secam</strong></span> <span class='ocrx_word' id='word_1_703' title='bbox 1260 4480 1361 4533; x_wconf 79' lang='lat' dir='ltr'><strong>tatere</strong></span> <span class='ocrx_word' id='word_1_704' title='bbox 1385 4480 1428 4535; x_wconf 89' lang='lat' dir='ltr'><strong>ael</strong></span> <span class='ocrx_word' id='word_1_705' title='bbox 1452 4480 1534 4534; x_wconf 88' lang='lat' dir='ltr'><strong>etiam</strong></span> <span class='ocrx_word' id='word_1_706' title='bbox 1553 4496 1610 4549; x_wconf 84' lang='lat' dir='ltr'><strong>pra</strong></span> <span class='ocrx_word' id='word_1_707' title='bbox 1635 4497 1783 4538; x_wconf 86' lang='lat' dir='ltr'><strong>consensu.</strong></span> <span class='ocrx_word' id='word_1_708' title='bbox 1821 4481 1903 4536; x_wconf 83' lang='lat' dir='ltr'><strong>Fides</strong></span> 
     </span>
     <span class='ocr_line' id='line_1_50' title="bbox 213 4563 1903 4638; baseline 0.001 -17"><span class='ocrx_word' id='word_1_709' title='bbox 213 4565 354 4621; x_wconf 84' lang='lat' dir='ltr'><strong>stantialis</strong></span> <span class='ocrx_word' id='word_1_710' title='bbox 380 4563 545 4619; x_wconf 88' lang='lat' dir='ltr'><strong>matrimonii</strong></span> <span class='ocrx_word' id='word_1_711' title='bbox 568 4581 628 4619; x_wconf 89' lang='lat' dir='ltr'><strong>esse</strong></span> <span class='ocrx_word' id='word_1_712' title='bbox 653 4564 895 4636; x_wconf 86' lang='lat' dir='ltr'><strong>distinguendum,</strong></span> <span class='ocrx_word' id='word_1_713' title='bbox 921 4566 1044 4622; x_wconf 76' lang='lat' dir='ltr'><strong>fraudem</strong></span> <span class='ocrx_word' id='word_1_714' title='bbox 1074 4573 1166 4619; x_wconf 85' lang='lat' dir='ltr'><strong>autem</strong></span> <span class='ocrx_word' id='word_1_715' title='bbox 1191 4582 1339 4620; x_wconf 80' lang='lat' dir='ltr'><strong>consensus</strong></span> <span class='ocrx_word' id='word_1_716' title='bbox 1366 4574 1415 4632; x_wconf 88' lang='lat' dir='ltr'><strong>est,</strong></span> <span class='ocrx_word' id='word_1_717' title='bbox 1442 4569 1556 4636; x_wconf 83' lang='lat' dir='ltr'><strong>qnando</strong></span> <span class='ocrx_word' id='word_1_718' title='bbox 1579 4585 1633 4621; x_wconf 90' lang='lat' dir='ltr'><strong>nan</strong></span> <span class='ocrx_word' id='word_1_719' title='bbox 1658 4567 1776 4634; x_wconf 74' lang='lat' dir='ltr'><strong>ets-inpii</strong></span> <span class='ocrx_word' id='word_1_720' title='bbox 1789 4587 1903 4638; x_wconf 84' lang='lat' dir='ltr'><strong>menan,</strong></span> 
     </span>
     <span class='ocr_line' id='line_1_51' title="bbox 213 4641 1902 4727; baseline 0.001 -20"><span class='ocrx_word' id='word_1_721' title='bbox 213 4652 285 4708; x_wconf 83' lang='lat' dir='ltr'><strong>eninr</strong></span> <span class='ocrx_word' id='word_1_722' title='bbox 319 4668 375 4723; x_wconf 89' lang='lat' dir='ltr'><strong>qua</strong></span> <span class='ocrx_word' id='word_1_723' title='bbox 392 4668 495 4722; x_wconf 92' lang='lat' dir='ltr'><strong>sponsa</strong></span> <span class='ocrx_word' id='word_1_724' title='bbox 512 4667 542 4706; x_wconf 90' lang='lat' dir='ltr'><strong>se</strong></span> <span class='ocrx_word' id='word_1_725' title='bbox 562 4651 688 4707; x_wconf 84' lang='lat' dir='ltr'><strong>venditat</strong></span> <span class='ocrx_word' id='word_1_726' title='bbox 706 4670 755 4723; x_wconf 87' lang='lat' dir='ltr'><strong>pro</strong></span> <span class='ocrx_word' id='word_1_727' title='bbox 779 4651 876 4722; x_wconf 89' lang='lat' dir='ltr'><strong>libera,</strong></span> <span class='ocrx_word' id='word_1_728' title='bbox 907 4641 1156 4727; x_wconf 65' lang='lat' dir='ltr'><strong>attingereicorde</strong></span> <span class='ocrx_word' id='word_1_729' title='bbox 1179 4660 1270 4708; x_wconf 85' lang='lat' dir='ltr'><strong>tamen</strong></span> <span class='ocrx_word' id='word_1_730' title='bbox 1298 4662 1325 4707; x_wconf 90' lang='lat' dir='ltr'><strong>et</strong></span> <span class='ocrx_word' id='word_1_731' title='bbox 1350 4670 1398 4707; x_wconf 90' lang='lat' dir='ltr'><strong>are</strong></span> <span class='ocrx_word' id='word_1_732' title='bbox 1426 4653 1562 4708; x_wconf 88' lang='lat' dir='ltr'><strong>consentit</strong></span> <span class='ocrx_word' id='word_1_733' title='bbox 1588 4655 1690 4707; x_wconf 87' lang='lat' dir='ltr'><strong>ducere</strong></span> <span class='ocrx_word' id='word_1_734' title='bbox 1718 4661 1744 4706; x_wconf 87' lang='lat' dir='ltr'><strong>et</strong></span> <span class='ocrx_word' id='word_1_735' title='bbox 1769 4663 1862 4709; x_wconf 85' lang='lat' dir='ltr'><strong>mutua</strong></span> <span class='ocrx_word' id='word_1_736' title='bbox 1876 4669 1902 4708; x_wconf 85' lang='lat' dir='ltr'><strong>ss</strong></span> 
     </span>
     <span class='ocr_line' id='line_1_52' title="bbox 212 4728 1903 4812; baseline 0.001 -18"><span class='ocrx_word' id='word_1_737' title='bbox 212 4741 301 4810; x_wconf 89' lang='lat' dir='ltr'><strong>ipsam</strong></span> <span class='ocrx_word' id='word_1_738' title='bbox 318 4738 441 4811; x_wconf 91' lang='lat' dir='ltr'><strong>conjugii</strong></span> <span class='ocrx_word' id='word_1_739' title='bbox 462 4738 651 4807; x_wconf 89' lang='lat' dir='ltr'><strong>substantiam,</strong></span> <span class='ocrx_word' id='word_1_740' title='bbox 669 4739 744 4810; x_wconf 90' lang='lat' dir='ltr'><strong>quod</strong></span> <span class='ocrx_word' id='word_1_741' title='bbox 757 4739 922 4796; x_wconf 88' lang='lat' dir='ltr'><strong>deadducto</strong></span> <span class='ocrx_word' id='word_1_742' title='bbox 934 4742 1043 4797; x_wconf 88' lang='lat' dir='ltr'><strong>fraudis</strong></span> <span class='ocrx_word' id='word_1_743' title='bbox 1056 4728 1060 4812; x_wconf 61' lang='lat' dir='ltr'><strong>i</strong></span> <span class='ocrx_word' id='word_1_744' title='bbox 1072 4743 1224 4794; x_wconf 83' lang='lat' dir='ltr'><strong>concedant</strong></span> <span class='ocrx_word' id='word_1_745' title='bbox 1243 4758 1313 4794; x_wconf 83' lang='lat' dir='ltr'><strong>anns</strong></span> <span class='ocrx_word' id='word_1_746' title='bbox 1334 4740 1389 4794; x_wconf 87' lang='lat' dir='ltr'><strong>aiii</strong></span> <span class='ocrx_word' id='word_1_747' title='bbox 1413 4748 1438 4794; x_wconf 90' lang='lat' dir='ltr'><strong>et</strong></span> <span class='ocrx_word' id='word_1_748' title='bbox 1455 4747 1550 4794; x_wconf 71' lang='lat' dir='ltr'><strong>namna</strong></span> <span class='ocrx_word' id='word_1_749' title='bbox 1567 4756 1597 4793; x_wconf 90' lang='lat' dir='ltr'><strong>se</strong></span> <span class='ocrx_word' id='word_1_750' title='bbox 1616 4739 1784 4809; x_wconf 71' lang='lat' dir='ltr'><strong>accipient.</strong></span> <span class='ocrx_word' id='word_1_751' title='bbox 1811 4758 1834 4797; x_wconf 88' lang='lat' dir='ltr'><strong>c.</strong></span> <span class='ocrx_word' id='word_1_752' title='bbox 1854 4742 1903 4795; x_wconf 80' lang='lat' dir='ltr'><strong>Ac·</strong></span> 
     </span>
     <span class='ocr_line' id='line_1_53' title="bbox 213 4821 1904 4898; baseline 0.001 -16"><span class='ocrx_word' id='word_1_753' title='bbox 213 4826 337 4897; x_wconf 90' lang='lat' dir='ltr'><strong>exemplo</strong></span> <span class='ocrx_word' id='word_1_754' title='bbox 355 4824 411 4880; x_wconf 92' lang='lat' dir='ltr'><strong>dici</strong></span> <span class='ocrx_word' id='word_1_755' title='bbox 429 4825 533 4896; x_wconf 85' lang='lat' dir='ltr'><strong>nequit</strong></span> <span class='ocrx_word' id='word_1_756' title='bbox 570 4831 594 4880; x_wconf 80' lang='lat' dir='ltr'><strong>t.</strong></span> <span class='ocrx_word' id='word_1_757' title='bbox 619 4827 666 4880; x_wconf 81' lang='lat' dir='ltr'><strong>En</strong></span> <span class='ocrx_word' id='word_1_758' title='bbox 685 4827 860 4881; x_wconf 88' lang='lat' dir='ltr'><strong>matrimonii</strong></span> <span class='ocrx_word' id='word_1_759' title='bbox 875 4828 1045 4898; x_wconf 82' lang='lat' dir='ltr'><strong>posterioris</strong></span> <span class='ocrx_word' id='word_1_760' title='bbox 1056 4821 1059 4869; x_wconf 72' lang='lat' dir='ltr'><strong>i</strong></span> <span class='ocrx_word' id='word_1_761' title='bbox 1071 4826 1168 4898; x_wconf 90' lang='lat' dir='ltr'><strong>cepisti</strong></span> <span class='ocrx_word' id='word_1_762' title='bbox 1181 4832 1233 4882; x_wconf 89' lang='lat' dir='ltr'><strong>etc.</strong></span> <span class='ocrx_word' id='word_1_763' title='bbox 1245 4832 1268 4882; x_wconf 79' lang='lat'><strong>2.</strong></span> <span class='ocrx_word' id='word_1_764' title='bbox 1287 4827 1328 4882; x_wconf 84' lang='lat' dir='ltr'><strong>tit</strong></span> <span class='ocrx_word' id='word_1_765' title='bbox 1348 4827 1409 4882; x_wconf 90' lang='lat' dir='ltr'><strong>eod.</strong></span> <span class='ocrx_word' id='word_1_766' title='bbox 1423 4843 1456 4881; x_wconf 87' lang='lat' dir='ltr'><strong>ex</strong></span> <span class='ocrx_word' id='word_1_767' title='bbox 1472 4825 1648 4882; x_wconf 80' lang='lat' dir='ltr'><strong>Bumhardo:</strong></span> <span class='ocrx_word' id='word_1_768' title='bbox 1666 4827 1814 4897; x_wconf 80' lang='lat' dir='ltr'><strong>decepisti</strong></span> <span class='ocrx_word' id='word_1_769' title='bbox 1828 4829 1904 4884; x_wconf 76' lang='lat' dir='ltr'><strong>alan</strong></span> 
     </span>
     <span class='ocr_line' id='line_1_54' title="bbox 213 4911 1904 4984; baseline 0.002 -17"><span class='ocrx_word' id='word_1_770' title='bbox 213 4913 380 4969; x_wconf 86' lang='lat' dir='ltr'><strong>conditione.</strong></span> <span class='ocrx_word' id='word_1_771' title='bbox 418 4911 526 4982; x_wconf 86' lang='lat' dir='ltr'><strong>Sponsa</strong></span> <span class='ocrx_word' id='word_1_772' title='bbox 543 4912 653 4982; x_wconf 88' lang='lat' dir='ltr'><strong>copiam</strong></span> <span class='ocrx_word' id='word_1_773' title='bbox 681 4913 722 4968; x_wconf 89' lang='lat' dir='ltr'><strong>sui</strong></span> <span class='ocrx_word' id='word_1_774' title='bbox 748 4912 853 4968; x_wconf 88' lang='lat' dir='ltr'><strong>faciens</strong></span> <span class='ocrx_word' id='word_1_775' title='bbox 872 4915 952 4970; x_wconf 88' lang='lat' dir='ltr'><strong>alteri</strong></span> <span class='ocrx_word' id='word_1_776' title='bbox 971 4933 1043 4970; x_wconf 89' lang='lat' dir='ltr'><strong>oom-</strong></span> <span class='ocrx_word' id='word_1_777' title='bbox 1072 4914 1101 4966; x_wconf 90' lang='lat' dir='ltr'><strong>in</strong></span> <span class='ocrx_word' id='word_1_778' title='bbox 1119 4931 1234 4968; x_wconf 80' lang='lat' dir='ltr'><strong>ararem</strong></span> <span class='ocrx_word' id='word_1_779' title='bbox 1259 4914 1318 4983; x_wconf 82' lang='lat' dir='ltr'><strong>titi,</strong></span> <span class='ocrx_word' id='word_1_780' title='bbox 1344 4931 1425 4984; x_wconf 82' lang='lat' dir='ltr'><strong>qnam</strong></span> <span class='ocrx_word' id='word_1_781' title='bbox 1456 4914 1528 4968; x_wconf 74' lang='lat' dir='ltr'><strong>elur</strong></span> <span class='ocrx_word' id='word_1_782' title='bbox 1554 4914 1608 4967; x_wconf 81' lang='lat' dir='ltr'><strong>eiii</strong></span> <span class='ocrx_word' id='word_1_783' title='bbox 1633 4915 1834 4983; x_wconf 78' lang='lat' dir='ltr'><strong>despamatam</strong></span> <span class='ocrx_word' id='word_1_784' title='bbox 1860 4917 1904 4969; x_wconf 82' lang='lat' dir='ltr'><strong>ha·</strong></span> 
     </span>
     <span class='ocr_line' id='line_1_55' title="bbox 212 4991 1904 5073; baseline 0.002 -19"><span class='ocrx_word' id='word_1_785' title='bbox 212 4999 298 5054; x_wconf 92' lang='lat' dir='ltr'><strong>mittit</strong></span> <span class='ocrx_word' id='word_1_786' title='bbox 317 4997 494 5067; x_wconf 83' lang='lat' dir='ltr'><strong>adulterium,</strong></span> <span class='ocrx_word' id='word_1_787' title='bbox 515 5004 547 5053; x_wconf 89' lang='lat' dir='ltr'><strong>ut</strong></span> <span class='ocrx_word' id='word_1_788' title='bbox 566 5004 677 5055; x_wconf 87' lang='lat' dir='ltr'><strong>constat</strong></span> <span class='ocrx_word' id='word_1_789' title='bbox 695 5016 751 5055; x_wconf 92' lang='lat' dir='ltr'><strong>non</strong></span> <span class='ocrx_word' id='word_1_790' title='bbox 769 4999 858 5055; x_wconf 90' lang='lat' dir='ltr'><strong>solum</strong></span> <span class='ocrx_word' id='word_1_791' title='bbox 871 5017 904 5055; x_wconf 86' lang='lat' dir='ltr'><strong>ex</strong></span> <span class='ocrx_word' id='word_1_792' title='bbox 920 4991 983 5073; x_wconf 86' lang='lat' dir='ltr'><strong>lege</strong></span> <span class='ocrx_word' id='word_1_793' title='bbox 1004 5001 1044 5056; x_wconf 92' lang='lat' dir='ltr'><strong>di·</strong></span> <span class='ocrx_word' id='word_1_794' title='bbox 1071 5001 1176 5069; x_wconf 74' lang='lat' dir='ltr'><strong>hamat,</strong></span> <span class='ocrx_word' id='word_1_795' title='bbox 1194 5001 1302 5055; x_wconf 84' lang='lat' dir='ltr'><strong>dimitte</strong></span> <span class='ocrx_word' id='word_1_796' title='bbox 1327 5002 1423 5069; x_wconf 86' lang='lat' dir='ltr'><strong>illam,</strong></span> <span class='ocrx_word' id='word_1_797' title='bbox 1461 5001 1529 5071; x_wconf 78' lang='lat' dir='ltr'><strong>qnia</strong></span> <span class='ocrx_word' id='word_1_798' title='bbox 1567 5017 1708 5070; x_wconf 80' lang='lat' dir='ltr'><strong>nunqnam</strong></span> <span class='ocrx_word' id='word_1_799' title='bbox 1735 5009 1832 5071; x_wconf 81' lang='lat' dir='ltr'><strong>potest</strong></span> <span class='ocrx_word' id='word_1_800' title='bbox 1859 5002 1904 5056; x_wconf 77' lang='lat' dir='ltr'><strong>sat</strong></span> 
     </span>
     <span class='ocr_line' id='line_1_56' title="bbox 211 5084 1903 5158; baseline 0.003 -18"><span class='ocrx_word' id='word_1_801' title='bbox 211 5086 285 5154; x_wconf 80' lang='lat' dir='ltr'><strong>nina,</strong></span> <span class='ocrx_word' id='word_1_802' title='bbox 304 5084 353 5142; x_wconf 90' lang='lat' dir='ltr'><strong>sed</strong></span> <span class='ocrx_word' id='word_1_803' title='bbox 372 5086 454 5142; x_wconf 90' lang='lat' dir='ltr'><strong>stiam</strong></span> <span class='ocrx_word' id='word_1_804' title='bbox 486 5101 519 5139; x_wconf 89' lang='lat' dir='ltr'><strong>ex</strong></span> <span class='ocrx_word' id='word_1_805' title='bbox 548 5084 655 5141; x_wconf 89' lang='lat' dir='ltr'><strong>constit.</strong></span> <span class='ocrx_word' id='word_1_806' title='bbox 688 5093 728 5141; x_wconf 77' lang='lat'><strong>74.</strong></span> <span class='ocrx_word' id='word_1_807' title='bbox 768 5086 878 5155; x_wconf 84' lang='lat' dir='ltr'><strong>Leonis,</strong></span> <span class='ocrx_word' id='word_1_808' title='bbox 908 5103 980 5158; x_wconf 92' lang='lat' dir='ltr'><strong>quae</strong></span> <span class='ocrx_word' id='word_1_809' title='bbox 1005 5087 1134 5155; x_wconf 69' lang='lat' dir='ltr'><strong>sicfieri</strong></span> <span class='ocrx_word' id='word_1_810' title='bbox 1151 5088 1285 5156; x_wconf 70' lang='lat' dir='ltr'><strong>legitima.</strong></span> <span class='ocrx_word' id='word_1_811' title='bbox 1316 5104 1339 5145; x_wconf 87' lang='lat' dir='ltr'><strong>c.</strong></span> <span class='ocrx_word' id='word_1_812' title='bbox 1359 5086 1440 5142; x_wconf 89' lang='lat' dir='ltr'><strong>Licet</strong></span> <span class='ocrx_word' id='word_1_813' title='bbox 1457 5095 1509 5144; x_wconf 82' lang='lat' dir='ltr'><strong>etc.</strong></span> <span class='ocrx_word' id='word_1_814' title='bbox 1530 5093 1555 5142; x_wconf 89' lang='lat'><strong>3.</strong></span> <span class='ocrx_word' id='word_1_815' title='bbox 1585 5086 1647 5142; x_wconf 90' lang='lat' dir='ltr'><strong>eod.</strong></span> <span class='ocrx_word' id='word_1_816' title='bbox 1666 5092 1695 5141; x_wconf 88' lang='lat' dir='ltr'><strong>st</strong></span> <span class='ocrx_word' id='word_1_817' title='bbox 1725 5093 1770 5143; x_wconf 90' lang='lat' dir='ltr'><strong>est</strong></span> <span class='ocrx_word' id='word_1_818' title='bbox 1789 5088 1903 5145; x_wconf 80' lang='lat' dir='ltr'><strong>Alexan·</strong></span> 
     </span>
     <span class='ocr_line' id='line_1_57' title="bbox 210 5164 1904 5246; baseline 0.001 -18"><span class='ocrx_word' id='word_1_819' title='bbox 210 5164 310 5228; x_wconf 86' lang='lat' dir='ltr'><strong>habet:</strong></span> <span class='ocrx_word' id='word_1_820' title='bbox 332 5173 424 5227; x_wconf 78' lang='lat' dir='ltr'><strong>Sacra</strong></span> <span class='ocrx_word' id='word_1_821' title='bbox 447 5181 475 5227; x_wconf 85' lang='lat' dir='ltr'><strong>et</strong></span> <span class='ocrx_word' id='word_1_822' title='bbox 496 5191 601 5242; x_wconf 74' lang='lat' dir='ltr'><strong>magna</strong></span> <span class='ocrx_word' id='word_1_823' title='bbox 623 5183 702 5228; x_wconf 80' lang='lat' dir='ltr'><strong>secta</strong></span> <span class='ocrx_word' id='word_1_824' title='bbox 727 5175 851 5243; x_wconf 80' lang='lat' dir='ltr'><strong>synadae</strong></span> <span class='ocrx_word' id='word_1_825' title='bbox 866 5175 972 5243; x_wconf 81' lang='lat' dir='ltr'><strong>statuit,</strong></span> <span class='ocrx_word' id='word_1_826' title='bbox 986 5192 1043 5245; x_wconf 80' lang='lat' dir='ltr'><strong>pro</strong></span> <span class='ocrx_word' id='word_1_827' title='bbox 1071 5173 1113 5227; x_wconf 91' lang='lat' dir='ltr'><strong>dri</strong></span> <span class='ocrx_word' id='word_1_828' title='bbox 1150 5172 1217 5229; x_wconf 89' lang='lat'>111.:</span> <span class='ocrx_word' id='word_1_829' title='bbox 1245 5173 1279 5228; x_wconf 80' lang='lat' dir='ltr'><strong>Si</strong></span> <span class='ocrx_word' id='word_1_830' title='bbox 1309 5174 1382 5227; x_wconf 86' lang='lat' dir='ltr'><strong>inter</strong></span> <span class='ocrx_word' id='word_1_831' title='bbox 1415 5174 1505 5228; x_wconf 84' lang='lat' dir='ltr'><strong>airam</strong></span> <span class='ocrx_word' id='word_1_832' title='bbox 1536 5181 1563 5229; x_wconf 89' lang='lat' dir='ltr'><strong>et</strong></span> <span class='ocrx_word' id='word_1_833' title='bbox 1593 5171 1739 5228; x_wconf 84' lang='lat' dir='ltr'><strong>mulierem</strong></span> <span class='ocrx_word' id='word_1_834' title='bbox 1768 5176 1904 5246; x_wconf 78' lang='lat' dir='ltr'><strong>legitimus</strong></span> 
     </span>
     <span class='ocr_line' id='line_1_58' title="bbox 212 5259 1904 5333; baseline -0.001 -17"><span class='ocrx_word' id='word_1_835' title='bbox 212 5260 355 5316; x_wconf 87' lang='lat' dir='ltr'><strong>adulterio</strong></span> <span class='ocrx_word' id='word_1_836' title='bbox 372 5259 537 5330; x_wconf 78' lang='lat' dir='ltr'><strong>latendum,</strong></span> <span class='ocrx_word' id='word_1_837' title='bbox 555 5260 582 5314; x_wconf 91' lang='lat' dir='ltr'><strong>si</strong></span> <span class='ocrx_word' id='word_1_838' title='bbox 599 5261 819 5330; x_wconf 82' lang='lat' dir='ltr'><strong>sponsaaiaente</strong></span> <span class='ocrx_word' id='word_1_839' title='bbox 835 5261 926 5314; x_wconf 82' lang='lat' dir='ltr'><strong>adine</strong></span> <span class='ocrx_word' id='word_1_840' title='bbox 943 5278 1045 5330; x_wconf 83' lang='lat' dir='ltr'><strong>sponm</strong></span> <span class='ocrx_word' id='word_1_841' title='bbox 1071 5276 1218 5314; x_wconf 79' lang='lat' dir='ltr'><strong>consensus</strong></span> <span class='ocrx_word' id='word_1_842' title='bbox 1248 5260 1417 5314; x_wconf 82' lang='lat' dir='ltr'><strong>interveniat</strong></span> <span class='ocrx_word' id='word_1_843' title='bbox 1447 5262 1482 5316; x_wconf 89' lang='lat' dir='ltr'><strong>de</strong></span> <span class='ocrx_word' id='word_1_844' title='bbox 1518 5261 1671 5332; x_wconf 81' lang='lat' dir='ltr'><strong>praesenti,</strong></span> <span class='ocrx_word' id='word_1_845' title='bbox 1713 5260 1758 5315; x_wconf 89' lang='lat' dir='ltr'><strong>ita</strong></span> <span class='ocrx_word' id='word_1_846' title='bbox 1787 5264 1904 5333; x_wconf 79' lang='lat' dir='ltr'><strong>quiden,</strong></span> 
     </span>
     <span class='ocr_line' id='line_1_59' title="bbox 211 5345 1903 5420; baseline 0 -18"><span class='ocrx_word' id='word_1_847' title='bbox 211 5348 242 5402; x_wconf 88' lang='lat' dir='ltr'><strong>in</strong></span> <span class='ocrx_word' id='word_1_848' title='bbox 260 5345 466 5402; x_wconf 82' lang='lat' dir='ltr'><strong>matrimonium</strong></span> <span class='ocrx_word' id='word_1_849' title='bbox 491 5348 577 5401; x_wconf 87' lang='lat' dir='ltr'><strong>alteri</strong></span> <span class='ocrx_word' id='word_1_850' title='bbox 605 5349 801 5417; x_wconf 72' lang='lat' dir='ltr'><strong>conjungatur.</strong></span> <span class='ocrx_word' id='word_1_851' title='bbox 850 5346 938 5420; x_wconf 84' lang='lat' dir='ltr'><strong>Atqui</strong></span> <span class='ocrx_word' id='word_1_852' title='bbox 968 5348 1045 5404; x_wconf 86' lang='lat' dir='ltr'><strong>adul·</strong></span> <span class='ocrx_word' id='word_1_853' title='bbox 1070 5348 1147 5418; x_wconf 85' lang='lat' dir='ltr'><strong>quad</strong></span> <span class='ocrx_word' id='word_1_854' title='bbox 1170 5364 1243 5400; x_wconf 85' lang='lat' dir='ltr'><strong>anae</strong></span> <span class='ocrx_word' id='word_1_855' title='bbox 1273 5346 1393 5400; x_wconf 68' lang='lat' dir='ltr'><strong>aderam</strong></span> <span class='ocrx_word' id='word_1_856' title='bbox 1419 5347 1449 5400; x_wconf 88' lang='lat' dir='ltr'><strong>in</strong></span> <span class='ocrx_word' id='word_1_857' title='bbox 1478 5364 1529 5402; x_wconf 85' lang='lat' dir='ltr'><strong>sao</strong></span> <span class='ocrx_word' id='word_1_858' title='bbox 1548 5355 1641 5400; x_wconf 83' lang='lat' dir='ltr'><strong>mutuo</strong></span> <span class='ocrx_word' id='word_1_859' title='bbox 1660 5364 1798 5403; x_wconf 86' lang='lat' dir='ltr'><strong>consensu</strong></span> <span class='ocrx_word' id='word_1_860' title='bbox 1817 5349 1903 5404; x_wconf 80' lang='lat' dir='ltr'><strong>aeriis</strong></span> 
     </span>
     <span class='ocr_line' id='line_1_60' title="bbox 212 5432 1905 5508; baseline -0.001 -19"><span class='ocrx_word' id='word_1_861' title='bbox 212 5433 282 5490; x_wconf 88' lang='lat' dir='ltr'><strong>teria</strong></span> <span class='ocrx_word' id='word_1_862' title='bbox 298 5450 354 5488; x_wconf 91' lang='lat' dir='ltr'><strong>nou</strong></span> <span class='ocrx_word' id='word_1_863' title='bbox 374 5439 440 5487; x_wconf 90' lang='lat' dir='ltr'><strong>sunt</strong></span> <span class='ocrx_word' id='word_1_864' title='bbox 456 5432 653 5498; x_wconf 87' lang='lat' dir='ltr'><strong>confirmanda,</strong></span> <span class='ocrx_word' id='word_1_865' title='bbox 679 5450 731 5489; x_wconf 90' lang='lat' dir='ltr'><strong>neo</strong></span> <span class='ocrx_word' id='word_1_866' title='bbox 755 5451 849 5489; x_wconf 89' lang='lat' dir='ltr'><strong>eorum</strong></span> <span class='ocrx_word' id='word_1_867' title='bbox 875 5434 1045 5491; x_wconf 89' lang='lat' dir='ltr'><strong>continuatio</strong></span> <span class='ocrx_word' id='word_1_868' title='bbox 1071 5435 1209 5490; x_wconf 82' lang='lat' dir='ltr'><strong>consectis</strong></span> <span class='ocrx_word' id='word_1_869' title='bbox 1228 5449 1356 5503; x_wconf 68' lang='lat' dir='ltr'><strong>expresse</strong></span> <span class='ocrx_word' id='word_1_870' title='bbox 1374 5434 1503 5504; x_wconf 70' lang='lat' dir='ltr'><strong>recipiat,</strong></span> <span class='ocrx_word' id='word_1_871' title='bbox 1533 5441 1649 5503; x_wconf 77' lang='lat' dir='ltr'><strong>raroque</strong></span> <span class='ocrx_word' id='word_1_872' title='bbox 1667 5434 1789 5500; x_wconf 88' lang='lat' dir='ltr'><strong>dicente,</strong></span> <span class='ocrx_word' id='word_1_873' title='bbox 1814 5455 1864 5508; x_wconf 76' lang='lat' dir='ltr'><strong>epa</strong></span> <span class='ocrx_word' id='word_1_874' title='bbox 1881 5444 1905 5489; x_wconf 85' lang='lat' dir='ltr'><strong>te</strong></span> 
     </span>
     <span class='ocr_line' id='line_1_61' title="bbox 212 5518 1904 5593; baseline 0.001 -19"><span class='ocrx_word' id='word_1_875' title='bbox 212 5518 409 5590; x_wconf 85' lang='lat' dir='ltr'><strong>promovenda,</strong></span> <span class='ocrx_word' id='word_1_876' title='bbox 427 5519 476 5576; x_wconf 87' lang='lat' dir='ltr'><strong>sed</strong></span> <span class='ocrx_word' id='word_1_877' title='bbox 488 5519 615 5575; x_wconf 85' lang='lat' dir='ltr'><strong>adultera</strong></span> <span class='ocrx_word' id='word_1_878' title='bbox 632 5518 724 5591; x_wconf 86' lang='lat' dir='ltr'><strong>patius</strong></span> <span class='ocrx_word' id='word_1_879' title='bbox 738 5520 1044 5593; x_wconf 90' lang='lat' dir='ltr'><strong>acamplexibusadul·</strong></span> <span class='ocrx_word' id='word_1_880' title='bbox 1073 5520 1183 5590; x_wconf 64' lang='lat' dir='ltr'><strong>neemia</strong></span> <span class='ocrx_word' id='word_1_881' title='bbox 1214 5520 1244 5574; x_wconf 91' lang='lat' dir='ltr'><strong>in</strong></span> <span class='ocrx_word' id='word_1_882' title='bbox 1276 5536 1364 5574; x_wconf 87' lang='lat' dir='ltr'><strong>meam</strong></span> <span class='ocrx_word' id='word_1_883' title='bbox 1396 5527 1422 5574; x_wconf 90' lang='lat' dir='ltr'><strong>st</strong></span> <span class='ocrx_word' id='word_1_884' title='bbox 1440 5536 1490 5590; x_wconf 78' lang='lat' dir='ltr'><strong>epo</strong></span> <span class='ocrx_word' id='word_1_885' title='bbox 1510 5527 1536 5574; x_wconf 92' lang='lat' dir='ltr'><strong>te</strong></span> <span class='ocrx_word' id='word_1_886' title='bbox 1555 5520 1664 5590; x_wconf 83' lang='lat' dir='ltr'><strong>aeeipia</strong></span> <span class='ocrx_word' id='word_1_887' title='bbox 1684 5520 1714 5574; x_wconf 90' lang='lat' dir='ltr'><strong>in</strong></span> <span class='ocrx_word' id='word_1_888' title='bbox 1732 5538 1833 5592; x_wconf 83' lang='lat' dir='ltr'><strong>meum,</strong></span> <span class='ocrx_word' id='word_1_889' title='bbox 1851 5522 1904 5576; x_wconf 85' lang='lat' dir='ltr'><strong>siae</strong></span> 
     </span>
     <span class='ocr_line' id='line_1_62' title="bbox 212 5604 1902 5678; baseline 0 -14"><span class='ocrx_word' id='word_1_890' title='bbox 212 5606 264 5664; x_wconf 84' lang='lat' dir='ltr'><strong>teri</strong></span> <span class='ocrx_word' id='word_1_891' title='bbox 301 5605 487 5663; x_wconf 87' lang='lat' dir='ltr'><strong>abstraheuda</strong></span> <span class='ocrx_word' id='word_1_892' title='bbox 515 5610 544 5663; x_wconf 93' lang='lat' dir='ltr'><strong>et</strong></span> <span class='ocrx_word' id='word_1_893' title='bbox 578 5604 701 5678; x_wconf 88' lang='lat' dir='ltr'><strong>legitimo</strong></span> <span class='ocrx_word' id='word_1_894' title='bbox 735 5606 833 5663; x_wconf 84' lang='lat' dir='ltr'><strong>marita</strong></span> <span class='ocrx_word' id='word_1_895' title='bbox 868 5606 1045 5664; x_wconf 74' lang='lat' dir='ltr'><strong>aestimanda</strong></span> <span class='ocrx_word' id='word_1_896' title='bbox 1071 5609 1108 5662; x_wconf 87' lang='lat' dir='ltr'><strong>sit</strong></span> <span class='ocrx_word' id='word_1_897' title='bbox 1132 5608 1323 5678; x_wconf 81' lang='lat' dir='ltr'><strong>juramentum</strong></span> <span class='ocrx_word' id='word_1_898' title='bbox 1352 5607 1557 5678; x_wconf 70' lang='lat' dir='ltr'><strong>interpositam,</strong></span> <span class='ocrx_word' id='word_1_899' title='bbox 1586 5607 1644 5662; x_wconf 89' lang='lat' dir='ltr'><strong>siae</strong></span> <span class='ocrx_word' id='word_1_900' title='bbox 1669 5625 1736 5676; x_wconf 89' lang='lat' dir='ltr'><strong>non,</strong></span> <span class='ocrx_word' id='word_1_901' title='bbox 1767 5608 1902 5666; x_wconf 79' lang='lat' dir='ltr'><strong>nonlicet</strong></span> 
     </span>
    </p>
   </div>
   <div class='ocr_carea' id='block_1_4' title="bbox 0 0 2014 6021">
    <p class='ocr_par' dir='ltr' id='par_1_4' title="bbox 0 0 2014 6021">
     <span class='ocr_line' id='line_1_63' title="bbox 0 0 2014 6021; baseline 0 0"><span class='ocrx_word' id='word_1_902' title='bbox 0 0 2014 6021; x_wconf 95' lang='lat' dir='ltr'><strong> </strong></span> 
     </span>
    </p>
   </div>
  </div>
 </body>
</html>
