4020 6022
790 236 1059 299 neocastrum.
1704 256 1762 313 277

72 396 95 448 1.
115 391 177 449 cor.
200 400 240 465 u,
258 414 284 452 v.
302 402 349 454 4⁰:
367 397 458 455 πάντα
475 398 544 453 κατὰ
563 399 640 463 ιαέιν
658 402 703 453 sul
719 399 903 475 εὐσχημόνως,
930 394 1025 449 senius
1051 396 1085 453 de
1106 398 1160 452 ritu
1186 404 1263 471 nupt
1296 400 1423 457 Andreas
1440 400 1616 474 Tiraquellus
1637 403 1672 459 de
1690 403 1763 477 legg.

69 480 168 535 emnia
191 483 221 537 s'a
244 484 363 539 ecclaesia
389 487 518 541 densam
541 494 568 541 ct
585 487 686 541 ardiae
711 488 776 551 fieri
795 487 902 541 duest.
928 482 1046 538 connub.
1069 483 1194 555 Scaliger
1211 484 1229 541 l.
1249 492 1272 541 3.
1293 486 1328 541 de
1346 487 1492 557 repetitio.
1516 504 1578 559 cap.
1600 494 1655 545 101.
1693 488 1762 544 Con·

68 564 237 640 Coniugium
255 588 310 625 nou
328 578 371 627 est
388 578 496 628 tanturn
514 591 558 629 res
574 572 696 629 humana
713 578 741 629 et
760 573 848 628 civilis
864 572 902 627 ad
927 584 1016 622 nanus
1043 567 1089 625 lib.
1109 574 1134 625 8.
1167 588 1265 625 comm.
1301 591 1324 628 c.
1345 578 1369 629 3.
1402 571 1502 628 Petrus
1527 572 1620 628 Faber
1649 573 1711 632 libr.
1738 581 1762 631 2.

67 654 179 724 generis
197 653 310 711 humani
328 660 556 732 pmpaggfionem
576 665 604 716 et
622 660 780 732 poliam-nm
792 676 900 715 conspr.
912 680 915 735 Ι
926 660 1048 709 semestr.
1060 672 1084 709 c.
1095 660 1136 710 23.
1145 655 1283 711 Antonius
1291 656 1443 712 Guibertus
1454 656 1483 711 in
1495 656 1542 712 lib.
1555 659 1590 713 dc
1602 677 1705 730 sponsa
1713 660 1761 715 lib.

67 737 209 795 vunonem
228 741 365 813 instituta,
383 746 432 802 sed
451 747 533 802 etiam
552 765 596 804 res
613 747 708 802 divina
725 753 753 801 et
771 746 899 818 spiritua-
925 738 1091 796 Parthenius
1109 742 1137 797 in
1154 742 1227 798 notis
1246 743 1282 797 ad
1300 742 1401 799 Catull.
1426 743 1455 797 in
1474 744 1594 799 carmine
1620 746 1655 802 de
1678 753 1759 819 nupt.

67 822 104 879 lis
131 842 149 879 a
164 825 226 882 Dae
254 827 315 900 ipso
346 831 504 889 immediate
528 841 556 890 et
581 834 692 906 quidem
710 840 774 888 ante
791 833 897 904 lapsum
925 825 1000 882 Pelei
1018 827 1212 894 et'1hetidos,
1236 829 1377 883 Molradus
1397 829 1432 884 de
1451 831 1568 886 matrim.
1590 848 1654 903 pag.
1674 837 1714 888 31.
1734 840 1762 889 et

67 911 142 967 inter
161 920 270 969 sanctos
289 914 413 975 homines
431 919 601 991 inpuradiso
619 920 747 975 instituta
763 920 799 974 ad
812 920 897 975 ecele-
924 911 1066 967 Johannee
1095 914 1215 969 Rosinus
1240 915 1268 969 in
1296 916 1380 987 antiq.
1408 916 1483 969 Rom
1511 916 1559 970 lib.
1586 923 1608 973 5.
1631 934 1692 989 cap.
1717 925 1759 976 31.

66 996 127 1054 sies
145 1001 372 1071 propagationem
397 1010 425 1060 et
441 1007 655 1077 promovendam
674 1008 809 1078 cujusque
826 1006 897 1060 salu-
924 998 1048 1055 Potiores
1075 1000 1145 1055 ritus
1174 1002 1204 1056 hi
1234 1008 1321 1059 erant.
1367 1002 1460 1057 Primo
1485 1002 1599 1073 nuptiae
1626 1021 1680 1058 non
1705 1004 1757 1060 nisi

64 1090 138 1154 tem,
161 1092 193 1141 ut
220 1094 249 1142 et
271 1088 307 1143 sd
326 1090 566 1163 praefigurandam
590 1092 692 1150 christi
720 1097 747 1150 et
765 1092 897 1148 ecelesiae
923 1087 1045 1154 captatus
1071 1088 1200 1156 nupuriia
1224 1087 1336 1143 fiebant.
1380 1088 1476 1143 Cicero
1500 1088 1547 1143 lib.
1569 1094 1591 1145 1.
1619 1089 1654 1144 de
1673 1089 1757 1145 divin.

66 1172 300 1244 conjunctionem,
318 1194 386 1249 ergo
403 1195 458 1234 non
474 1187 581 1235 tantum
601 1180 729 1252 politicis,
746 1179 796 1235 sed
813 1178 896 1235 etiam
923 1170 1050 1226 Valerius
1064 1172 1136 1227 Max.
1156 1172 1203 1229 lib.
1223 1179 1246 1229 2.
1266 1190 1289 1228 c.
1311 1180 1332 1228 1.
1370 1174 1479 1229 Deinde
1498 1174 1560 1245 ipsa
1579 1191 1652 1230 nova
1669 1181 1757 1246 nupta

63 1258 152 1313 saeris
181 1265 209 1314 st
238 1261 431 1319 ecelesiasticis
465 1266 565 1321 ritibus
595 1266 734 1337 copulatio
764 1282 895 1321 novorum
922 1259 1000 1309 cassis
1019 1277 1113 1313 sessum
1131 1260 1255 1313 crinibras
1280 1267 1390 1330 ornata,
1415 1277 1495 1315 coma
1517 1262 1615 1314 bastae
1643 1261 1759 1330 eucapiae

63 1345 216 1418 conjugum
234 1363 268 1402 ac
288 1350 453 1408 matrimonii
474 1353 672 1409 consummatio
690 1353 786 1425 peragi
805 1351 895 1407 debet.
922 1342 1122 1413 discriminata,
1146 1346 1311 1401 Plutarchus
1329 1346 1357 1401 in
1376 1365 1422 1418 qq.
1442 1347 1520 1401 Rom.
1541 1364 1567 1417 q.
1582 1352 1622 1401 81.
1648 1364 1755 1402 emaus

63 1435 90 1486 3.
110 1433 248 1502 Dipas'tas
272 1437 398 1505 conjuyii
423 1447 549 1509 anquira,
594 1438 760 1512 c0njugium
780 1456 834 1493 „011
853 1444 895 1493 eit
921 1428 1055 1499 redimita,
1077 1431 1267 1487 Tertullianus
1285 1431 1319 1487 de
1334 1448 1425 1487 coron.
1438 1432 1517 1487 milit.
1530 1440 1606 1487 recta
1621 1434 1716 1487 tunica
1730 1440 1756 1485 st

62 1534 135 1588 opus
151 1519 326 1577 tenebrarum
334 1564 341 1593 ‚
368 1528 399 1579 ut
422 1526 636 1598 gamomggfige,
655 1526 800 1593 haeretici,
823 1526 893 1580 Mu.
917 1534 994 1585 pura
1004 1525 1070 1587 tcpa
1080 1517 1186 1583 induta,
1194 1517 1301 1572 Plinius
1311 1517 1372 1572 hist
1380 1523 1436 1575 nat.
1443 1518 1489 1575 lib.
1498 1523 1521 1575 8.
1532 1536 1556 1574 c,
1567 1524 1608 1575 48.
1620 1519 1756 1573 corollam

61 1603 185 1661 cionitas
202 1606 315 1675 scilicet,
337 1609 493 1668 Encratitae
512 1618 597 1684 atque
615 1614 662 1669 alii
678 1612 761 1685 hujus
779 1612 893 1667 furfuris
921 1601 955 1657 de
972 1603 1095 1659 verbena
1119 1604 1288 1675 floribusque
1307 1622 1339 1659 80
1360 1603 1453 1660 berbin
1470 1620 1487 1657 8
1505 1622 1536 1661 ⁸0
1553 1604 1632 1659 lectis
1648 1610 1752 1659 textam

61 1696 92 1743 et
123 1690 263 1761 sulphuris
290 1694 414 1753 homine,
440 1702 609 1768 stituerunt,
640 1699 689 1754 ,ed
720 1705 817 1753 ,incia
841 1682 970 1753 Deilsnb
989 1689 1108 1745 amiculo
1128 1690 1229 1760 ferens,
1249 1692 1348 1746 Festus
1374 1690 1422 1745 lib.
1443 1697 1467 1746 3.
1493 1692 1605 1761 cinquio
1632 1708 1665 1745 cx
1683 1691 1752 1744 lana

61 1775 218 1843 ordinatio,
235 1796 301 1851 ergo
318 1800 374 1837 uon
393 1784 422 1838 in
441 1784 563 1840 tenebris
582 1802 634 1841 nec
653 1785 825 1849 clanculum,
844 1782 893 1839 sed
903 1732 907 1827 i
917 1773 1062 1842 ouislacto
1074 1776 1174 1844 cincta,
1189 1777 1327 1833 arnobius
1341 1777 1403 1833 libr.
1418 1782 1441 1832 3.
1455 1776 1560 1833 advers.
1580 1783 1656 1847 gent.
1666 1778 1752 1846 flam·

62 1862 93 1916 in
110 1862 182 1919 tacis
203 1866 336 1923 ecclesiae
354 1878 382 1924 et
403 1870 432 1923 in
451 1871 561 1942 publico
583 1872 724 1927 hominum
742 1840 977 1985 conspectuimw
1002 1868 1086 1933 0⁸²}sslt
1104 1864 1203 1930 velata,
1221 1864 1391 1920 Tertulliflufl
1421 1863 1469 1919 lib·
1486 1863 1520 1919 (¹0
1546 1864 1597 1919 vel·
1618 1862 1717 1935 virgin.
1737 1879 1752 1915 θ

60 1948 223 2005 solennibus
248 1952 346 2009 ritibus
368 1962 411 2011 est
433 1958 636 2013 celebrandum.
685 1958 748 2013 Huc
771 1958 894 2029 pertinet
917 1949 981 2001 ⁸²'nu
1000 1950 1101 2003 clatris
1120 1951 1147 2004 vi
1167 1951 1297 2005 simulata
1315 1957 1402 2021 rapta,
1422 1950 1578 2022 Appulssjffl
1597 1949 1659 2005 libr·
1675 1956 1697 2006 ⁴·
1714 1949 1749 2004 de

60 2034 202 2091 decmtum
221 2039 330 2094 concilii
353 2042 522 2099 mammii
551 2061 574 2099 ρ,
593 2051 618 2101 5,
638 2045 711 2116 quod
731 2043 849 2100 hibetur
866 2012 985 2099 dacin.
1005 2052 1064 2093 aur.
1083 2036 1112 2090 in
1131 2036 1241 2091 domum
1261 2038 1312 2091 viri
1331 2037 1505 2110 tanquamin
1521 2036 1646 2091 futurum
1666 2035 1749 2091 domi-

58 2118 184 2177 Nullum.
204 2130 245 2180 3ο.
260 2142 287 2196 q,
306 2133 336 2182 5:
356 2128 556 2199 Sinepubliiii
574 2131 680 2203 nuptiis
696 2148 776 2185 „amo
790 2062 1010 2187 ‚iubereicilium
1037 2122 1199 2179 ducebatur.
1244 2122 1335 2193 (Hanc
1361 2122 1555 2178 deductionem
1582 2125 1612 2176 r'n
1639 2125 1751 2178 domum

57 2208 104 2262 vel
123 2226 238 2264 ustorum
263 2214 366 2267 duem
388 2224 562 2285 praesumat,
582 2223 610 2272 et
629 2194 1097 2274 illud'Hormiddae.¹8nteeed0b8t
1129 2208 1259 2265 deductio
1288 2210 1319 2263 ὑὶ
1349 2210 1445 2264 1101108
1470 2209 1562 2264 mariti
1590 2208 1635 2264 dle
1660 2208 1750 2277 terlio,

58 2311 84 2349 e.
105 2293 205 2352 Nullus
223 2312 297 2354 esus,
316 2303 461 2372 sequimi,
474 2302 549 2359 iiiii:
567 2304 674 2358 Nulli,
685 2305 785 2374 fidilis
798 2305 889 2371 mim.
916 2299 1064 2365 antequam
1090 2294 1203 2366 nuptiae
1227 2294 1324 2351 fierent
1348 2295 1367 2349 1.
1392 2294 1458 2366 Seja
1484 2302 1524 2352 66.
1550 2295 1584 2350 ff:
1600 2295 1635 2350 de
1655 2295 1748 2349 donat.

57 2397 169 2450 orsaque
187 2385 360 2439 comissis
377 2388 430 2456 sit,
456 2389 561 2443 omiss
579 2391 694 2459 „ipsias
706 2390 819 2459 jacias,
839 2392 890 2443 „a
914 2380 985 2436 inter
1002 2380 1051 2434 vir.
1070 2386 1099 2435 et
1114 2398 1191 2435 uxor.
1204 2381 1371 2453 sequebatur
1390 2381 1520 2437 deductio
1538 2383 1568 2435 s'u
1588 2381 1744 2435 cubiculum

55 2468 170 2537 publica
188 2470 274 2524 rubas
292 2472 323 2524 in
341 2474 472 2529 Dmnino,
508 2480 533 2531 i,
556 2477 670 2531 Utilitas
688 2477 800 2541 mimia,
818 2493 889 2546 quae
914 2482 932 2520 a
952 2465 1151 2537 paranymphis
1168 2466 1244 2522 facta
1255 2467 1274 2524 l.
1292 2466 1338 2522 cui
1356 2466 1441 2522 fuerit
1462 2473 1501 2522 15.
1515 2467 1544 2522 ff.
1557 2467 1592 2521 de
1611 2466 1746 2522 conditio·

58 2553 98 2607 ad
115 2571 200 2610 noros
219 2558 351 2628 conjuges
375 2575 408 2614 ex
428 2559 534 2616 solenni
560 2562 609 2617 illa
628 2563 730 2617 rituum
749 2579 887 2617 sacrorum
914 2551 996 2607 nibu⁸
1032 2559 1060 2608 ei
1094 2553 1392 2621 d0m⁰1¹⁸tr⁸fi⁰ssibss⁵l
1454 2553 1617 2609 Ducebatur
1653 2560 1745 2609 sstem

57 2638 251 2698 observatione
267 2643 412 2699 redundat.
442 2645 521 2701 Deus
540 2647 594 2717 piis
610 2648 739 2719 precibus
756 2649 889 2704 ecclesiae
912 2638 1052 2708 Vfflperit
1078 2641 1266 2710 praemiat&
1287 2640 1386 2710 puer&
1405 2639 1540 2709 patrimi&
1564 2647 1590 2693 ei
1612 2640 1748 2695 matrim&

59 2723 206 2779 invocatus
241 2727 460 2786 benedictionem
495 2749 573 2788 ,uam
609 2735 688 2789 novi,
723 2734 889 2806 conjugibu„
915 2724 954 2789 (id
971 2731 1014 2779 est
1030 2732 1137 2796 patrem
1155 2732 1184 2780 et
1201 2732 1316 2781 matrem
1332 2723 1424 2780 adhuc
1441 2723 1620 2791 habentibus)
1648 2725 1747 2794 tribus,

59 2809 192 2881 largitur,
220 2814 302 2869 corda
319 2815 441 2887 ipsorum
460 2818 561 2874 sineefi
579 2819 679 2873 amorii
696 2819 806 2876 vinculo
823 2837 887 2875 ion.
914 2827 1029 2879 (quornm
1060 2829 1131 2866 unns
1161 2810 1250 2866 facem
1282 2809 1459 2882 praeferebat
1488 2828 1520 2863 er
1551 2812 1635 2880 aprina
1669 2811 1746 2873 alba,

56 2895 181 2967 glutinat
199 2903 228 2951 st
244 2901 424 2958 cementi„
442 2919 537 2959 mmm
553 2904 707 2969 confirmat,
725 2905 799 2976 quod
818 2906 887 2960 divi.
912 2897 1009 2968 reliqui
1032 2898 1088 2953 duo
1114 2897 1264 2953 nubentem
1284 2897 1430 2966 tenebant,
1454 2896 1620 2952 Plutarchus
1645 2898 1674 2951 in
1698 2916 1746 2970 qq.

57 2982 135 3037 nitus
167 2982 222 3037 sint
250 2983 399 3054 conjuncti
447 2990 587 3045 Politicac
616 3007 717 3046 causae
747 2997 812 3048 sunt
842 2993 887 3047 sel
911 2984 990 3042 Rom,
1015 3003 1041 3056 q.
1063 2991 1086 3041 1.
1106 2985 1262 3040 Deductam
1282 2985 1361 3039 colus
1379 2992 1469 3039 consta
1488 3003 1550 3038 essm
1566 2986 1633 3046 fuso
1652 2993 1746 3039 atsta-

51 3069 196 3138 publieae,
214 3070 258 3125 sel
271 3071 412 3140 panaces,
451 3077 584 3130 Publicae
603 3077 753 3132 communi„
772 3078 886 3134 miei&
911 3071 984 3125 miae
1003 3071 1200 3140 comitabatur,
1218 3071 1325 3125 Plinius
1344 3070 1405 3125 libr.
1428 3076 1451 3126 8.
1469 3086 1530 3141 cap.
1551 3075 1592 3126 18.
1630 3070 1773 3125 Praeter*

56 3155 96 3210 tis
120 3172 153 3209 ac
175 3156 260 3211 totius
284 3155 454 3227 reipublicae
471 3162 586 3218 salutern
604 3170 745 3234 spectant,
772 3163 887 3219 interest
910 3156 979 3212 haec
999 3157 1128 3212 utensilia
1144 3157 1266 3212 mulieris
1291 3163 1319 3211 ct
1341 3172 1412 3226 quae
1440 3155 1469 3208 in
1493 3155 1553 3225 ejus
1572 3174 1623 3209 usu
1642 3172 1676 3210 ac
1694 3156 1743 3209 mi-

56 3241 133 3297 enim
151 3241 320 3313 reipublicae
339 3242 418 3311 scire,
434 3261 506 3315 quae
519 3254 548 3303 et
562 3249 658 3320 quales
677 3265 811 3320 pesenae
829 3267 886 3305 mi.
909 3244 1022 3299 nisterio
1057 3251 1137 3298 erant
1172 3259 1223 3313 per
1256 3259 1373 3314 puerum
1402 3242 1572 3311 impuberem
1601 3243 1744 3295 camillum

56 3329 187 3385 mimonio
210 3328 388 3400 copulentur,
413 3346 448 3385 ne
473 3330 568 3389 civius
595 3335 706 3405 obesis,
734 3337 884 3401 desidiosis,
911 3329 1015 3384 dictum
1039 3330 1067 3384 in
1090 3348 1156 3384 vase
1179 3336 1289 3400 operto,
1315 3329 1391 3400 quod
1416 3346 1555 3381 cumarum
1582 3329 1742 3396 vocabatur,

55 3414 204 3470 inutilibus
221 3431 254 3469 ac
279 3413 424 3487 flagitiosis
449 3415 603 3475 hominihus
622 3422 773 3491 repleatur,
799 3430 885 3494 utque
911 3418 1014 3487 gestari
1033 3422 1243 3485 consueverant,
1262 3416 1353 3472 Varro
1370 3415 1418 3470 lib.
1435 3423 1458 3472 9.
1477 3414 1512 3469 de
1524 3414 1591 3486 ling.
1604 3416 1653 3471 lat.
1680 3415 1743 3472 Hoc

57 3501 284 3559 contentionibus
309 3507 337 3556 et
356 3501 437 3566 rixis,
460 3520 532 3574 qnae
549 3520 582 3559 sx
596 3508 775 3564 clandestini„
794 3511 883 3563 matii.
910 3504 1043 3557 comitatu
1061 3502 1097 3557 ad
1117 3503 1209 3557 mariti
1228 3504 1312 3558 aedes
1329 3502 1515 3565 accedebant,
1534 3519 1651 3573 ‹quarum
1669 3501 1743 3558 iores

57 3586 145 3641 monii
163 3587 390 3659 promissionibus
401 3588 465 3643 oriri
482 3596 607 3659 possum,
623 3594 884 3666 seemiopraecida·
905 3589 1024 3657 jlcribrss
1059 3598 1084 3643 et
1099 3591 1257 3658 frondibus
1295 3591 1386 3646 ornari
1417 3596 1625 3644 consueverant.
1670 3588 1744 3645 Prae

56 3681 114 3737 tur,
135 3676 209 3729 unde
222 3674 251 3728 in
262 3675 428 3747 quibusdam
444 3675 645 3745 rebuspnblicis
660 3681 793 3736 laudabili
811 3698 885 3736 more
909 3674 1016 3729 foribus
1028 3676 1214 3748 interrogatae
1227 3677 1373 3740 nubentes,
1388 3692 1524 3747 quaenam
1536 3680 1635 3744 essent,
1653 3674 1743 3744 Cujus

57 3767 201 3831 receptum
230 3767 262 3816 ut
279 3763 356 3832 ipsae
375 3778 484 3833 quoque
503 3761 724 3832 desponsationes
743 3768 885 3839 magistra·
910 3776 1016 3815 ecesse
1045 3761 1256 3833 respondebant.
1310 3762 1363 3816 Ubi
1382 3770 1413 3814 tu
1442 3760 1544 3829 Cujus,
1575 3778 1625 3829 epo
1658 3763 1742 3829 Cuia,

56 3847 101 3901 tui
137 3845 326 3917 significentur
362 3864 396 3902 ac
434 3848 535 3903 tabulis
572 3850 692 3919 publicis
723 3855 885 3909 inserantur.
910 3846 1075 3902 Plutarchus
1097 3848 1126 3902 511
1143 3867 1188 3920 qq·
1216 3849 1295 3905 Rom·
1314 3867 1341 3920 q·
1361 3854 1401 3904 3⁰·
1424 3848 1527 3915 (ferunt
1543 3847 1625 3915 enlm,
1644 3846 1740 3918 chiffl

58 3934 195 3987 Priamus
223 3934 352 3988 bonorem
382 3940 409 3990 et
439 3934 541 4001 laruam
572 3954 703 3991 novorum
736 3942 884 4011 conjugum
911 3931 1059 3988 Caeciliam
1085 3935 1229 4007 Tarquinii
1255 3935 1343 3991 Prisci
1368 3935 1441 4006 regis
1468 3950 1581 3987 uxorem
1608 3934 1739 4005 optimam

57 4025 243 4083 concernunt,
269 4038 338 4091 quos
360 4022 481 4093 coujugii
499 4024 697 4080 consummatio
715 4026 830 4095 publicis
860 4040 887 4081 ee
911 4018 1046 4073 lanificam
1066 4020 1152 4078 fuisse
1182 4028 1211 4077 et
1231 4023 1293 4077 ideo
1319 4022 1474 4076 institutum
1500 4036 1576 4087 esse,
1606 4023 1639 4072 ut
1669 4039 1741 4077 nova

10 4141 42 4181 ,g
58 4105 220 4161 solennibus
238 4106 338 4162 ritibus
356 4106 480 4163 instituta
498 4125 516 4162 a
532 4109 688 4180 suspicione
712 4111 823 4179 liberat,
851 4110 999 4179 neinuptss
1036 4114 1098 4163 ante
1126 4109 1243 4180 januam
1272 4109 1362 4164 mariti
1392 4108 1575 4178 interrogata,
1605 4121 1739 4176 quaenam

56 4197 240 4247 scortatorum
271 4192 317 4247 rel
343 4193 596 4249 concubinariorum
624 4213 699 4252 more
728 4186 1001 4311 cohabitareleeset,
1028 4212 1058 4250 se
1075 4196 1171 4269 Cajam
1201 4214 1262 4253 esse
1280 4196 1480 4268 responderet).
1517 4194 1616 4248 Postea
1636 4195 1741 4263 januae

56 4283 201 4350 putentur.
240 4276 335 4345 Adde,
365 4278 437 4348 quod
463 4288 620 4336 contractus
647 4283 804 4338 clanculum
820 4285 885 4340 faeti
912 4281 980 4335 lona
999 4282 1078 4350 taups'
1104 4298 1122 4335 a
1143 4284 1311 4339 nubentibus
1346 4284 1485 4351 adunaque
1512 4282 1581 4350 usqi
1602 4288 1630 4333 et
1654 4280 1742 4334 oblias·

56 4365 192 4420 inducant
213 4362 439 4435 praesumtionem
458 4365 565 4421 fraudis
584 4373 613 4423 et
628 4376 748 4440 arguant
764 4330 1125 4435 animnmiconsueverant,
1158 4370 1232 4426 unde
1267 4387 1365 4425 uxsrres
1384 4368 1464 4441 quasi
1488 4383 1606 4423 unxores
1641 4366 1740 4422 hetae.

56 4451 183 4506 dolosum
219 4467 241 4505 a
300 4448 381 4514 Quod
417 4450 531 4507 letanter
568 4454 604 4508 dc
640 4455 673 4509 R.
710 4456 737 4511 J.
773 4475 796 4510 c.
835 4459 885 4515 ult.
911 4455 1031 4509 Peracta
1049 4453 1179 4508 unctione
1201 4473 1274 4511 uasa
1298 4463 1386 4525 nupta
1403 4456 1488 4509 limes
1505 4455 1617 4522 januae
1636 4452 1755 4531 transi-0

56 4541 88 4608 ς’.
123 4537 147 4593 si
183 4536 244 4608 quis
280 4555 305 4592 v.
342 4537 377 4591 de
410 4537 537 4594 claudent
577 4540 704 4613 despons.
753 4542 840 4616 Atqui
868 4562 898 4615 a,
911 4541 983 4596 libat
1011 4539 1152 4606 cavendo,
1181 4555 1215 4593 ne
1244 4541 1313 4596 illud
1342 4542 1521 4613 contingeret
1569 4538 1740 4610 ingredienti
1767 4544 1769 4549 '

55 4623 186 4696 conjugio
224 4628 256 4677 ut
289 4623 378 4678 bonae
414 4622 474 4679 filei
508 4632 653 4682 contractu
690 4646 800 4685 omnem
828 4630 885 4685 doli
912 4625 1166 4693 dabanturciasas,
1181 4627 1355 4682 statuebatur
1371 4626 1490 4696 inpelle
1510 4628 1619 4690 lassata,
1637 4642 1740 4695 aquam

55 4710 240 4781 suspicionem
276 4726 360 4781 quam
394 4709 548 4781 longissime
576 4722 696 4770 amotam
726 4732 785 4773 esse
818 4734 885 4772 con·
911 4719 937 4766 at
961 4713 1053 4781 iguem
1075 4713 1239 4783 acciprs'elat
1265 4711 1291 4768 d·
1316 4713 1334 4769 l.
1352 4712 1426 4784 teja.
1453 4711 1481 4767 ff.
1507 4713 1651 4769 dedocet
1669 4712 1741 4767 inter

55 4797 140 4853 veuit.
911 4798 960 4855 vir.
979 4805 1008 4855 et
1024 4816 1100 4854 uxor.
1149 4799 1281 4852 Sumebat
1299 4799 1394 4851 tritum
1419 4799 1499 4852 us'rco
1523 4815 1582 4853 cum
1600 4801 1672 4853 lacte
1685 4818 1740 4869 pa·

94 4888 152 4938 loo.
188 4882 271 4937 Ritus
295 4883 324 4936 in
354 4881 474 4953 conjugii
500 4887 732 4942 consummatione
761 4889 997 4958 adhiberi·pascr
1028 4893 1055 4939 at
1080 4885 1201 4955 acceptis
1224 4884 1310 4939 malla
1329 4885 1438 4953 liquata
1459 4885 1551 4953 fanu,
1578 4885 1693 4941 Ovidius
1713 4885 1741 4941 in
1755 4894 1802 4933 XV·
1820 4891 1866 4934 Μ

10 4934 25 5005 ·⁸
57 4967 133 5023 soliti
165 4967 206 5023 sic
236 4968 369 5039 distingui
394 4970 521 5037 possunt,
561 4972 636 5035 quod
663 4973 776 5042 quidam
806 4926 989 5031 srsraifastis
1008 4971 1054 5027 hh.
1074 4976 1097 5028 4.
1125 4972 1208 5025 thura
1228 4978 1254 5025 et
1272 4978 1404 5024 aromata
1422 4970 1626 5024 cremabantur.
1662 4972 1741 5029 Post-

10 5028 42 5069 ’ω
57 5054 193 5109 ecclaiac
205 5056 354 5124 pomoeria
378 5054 453 5123 apud
480 5050 612 5122 gentiles,
637 5055 747 5122 quidm
771 5079 835 5118 vero
855 5032 1024 5118 trimodum
1054 5075 1158 5114 anovo
1183 5056 1281 5113 marita
1310 5073 1428 5128 sponsae
1456 5061 1485 5111 et
1509 5057 1570 5126 ejus
1596 5060 1742 5115 comitibus

55 5140 177 5196 ccclesia
205 5140 309 5196 fuerim
337 5156 370 5193 ac
397 5140 452 5193 sint
482 5137 585 5193 usitati.
633 5139 714 5194 Ritus
743 5142 899 5213 gentilismi
913 5146 1031 5201 dabatur
1049 5162 1143 5214 coena,
1164 5161 1235 5217 quae
1252 5145 1404 5200 vocabatur
1421 5144 1558 5213 nuptialis
1576 5144 1634 5199 sivo
1646 5147 1742 5215 pania-

56 5228 412 5293 numerumnunerum,
435 5224 619 5280 solatiorum
640 5228 769 5296 seudum.
807 5230 963 5303 Rituels's,
989 5233 1018 5286 in
1042 5249 1125 5302 quam
1150 5232 1233 5302 paulo
1259 5231 1376 5300 majores
1400 5235 1507 5284 sumtus
1531 5247 1615 5303 quam
1638 5231 1667 5286 in
1687 5232 1743 5287 alia

55 5314 136 5385 apud
165 5314 302 5369 Romanos
333 5314 362 5366 in
396 5311 498 5382 nuptiis
528 5312 645 5367 usitatos
674 5312 821 5383 diligenter
855 5317 1040 5373 ex=conviria
1055 5317 1146 5374 facere
1165 5318 1273 5389 legibus
1294 5318 1457 5388 permissum
1475 5325 1549 5388 erat,
1572 5318 1742 5373 acclamaba-

53 5401 190 5457 Bomsnis
212 5398 391 5471 scriptoribus
417 5399 586 5471 collegerunt
612 5398 727 5456 Carolus
756 5400 957 5473 Sigonius=tur
977 5405 1124 5475 Feliciter,
1153 5404 1299 5461 Suetonius
1325 5404 1353 5459 in
1373 5404 1530 5461 Domitiano
1556 5422 1579 5460 c.
1600 5411 1639 5462 13.
1668 5406 1742 5460 inro-

54 5488 94 5543 de
111 5487 197 5558 antiq.
212 5487 277 5557 jure
293 5485 371 5542 Rom.
387 5484 449 5542 libr.
467 5492 490 5544 1.
511 5503 572 5557 cap.
591 5492 616 5541 9.
650 5485 793 5541 Barnabas
813 5487 885 5542 Bris-
912 5488 1028 5546 cabatur
1055 5490 1218 5557 Thalassio,
1238 5491 1439 5561 spargebantur
1459 5509 1560 5561 nuces,
1580 5491 1743 5549 occiueban·
