4020 6022
231 256 293 317 368
810 244 932 304 LOCUS
948 240 1153 303 vlessmns
1167 244 1336 315 QUINTUS

228 406 350 463 namus
386 405 496 462 Mulier
514 404 611 475 loitur,
628 404 656 458 si
674 404 778 459 talibsss
788 402 911 458 moribus
922 401 1060 475 praeca
1086 402 1167 473 suno,
1187 404 1236 476 qui
1254 402 1352 474 incipit
1375 405 1495 467 Acade,
1520 404 1549 459 in
1565 420 1622 476 quo
1639 398 1843 461 concubinatum
1860 418 1922 473 prs·
1933 420 2000 464 run

228 500 282 563 ert,
314 500 344 547 ut
364 499 506 547 mersatur
530 489 715 554 coruortr'um,
741 496 883 543 musalm-
908 496 934 541 et
961 502 1060 542 nornen
1085 488 1214 554 hibetur,
1240 490 1340 562 paleae
1366 490 1544 562 inscriptione
1572 489 1692 559 noant,
1722 494 1757 544 nt
1784 490 1922 555 innueret,

227 579 332 635 suoru.
363 580 485 633 Praesta
496 576 665 632 concubinae
678 584 743 629 tuae
755 575 912 629 libertatern
923 582 949 628 et
961 590 1061 628 namen
1071 562 1074 617 ἴ
1086 575 1154 646 quid
1172 576 1402 646 amplectendum,
1420 576 1487 648 quid
1499 576 1679 647 rejiciendum
1698 575 1727 630 in
1746 576 1799 630 hac
1814 580 1921 629 coutro-

226 668 386 734 ureniana
399 665 513 718 adulter
526 663 624 731 potius
642 664 682 716 sis
699 680 784 732 quam
801 662 928 715 mantus.
957 660 1175 717 Oontnrversic
1192 662 1247 718 sibi
1264 663 1421 729 videretur,
1448 680 1505 733 quo
1535 680 1590 718 non
1617 663 1719 732 injuria
1747 662 1834 717 etiam
1852 661 1921 715 iliud

231 770 297 809 vero
311 751 447 823 quaedam
468 748 593 819 capitula
616 747 831 802 concubinatum
854 747 983 802 ridentur
1000 718 1216 835 per-ireiertur,
1236 750 1311 820 quod
1330 769 1392 805 mens
1410 750 1543 820 dioamo,
1566 749 1617 805 boc
1649 758 1692 803 est
1721 766 1786 803 cum
1804 766 1851 813 eo,
1875 748 1922 819 qui

227 841 345 894 mittere.
358 855 384 892 c.
397 837 425 890 ls
437 836 485 908 qui
498 836 682 892 etcdisnnct.
697 840 739 891 31.
751 832 1240 891 exconcitic'rolctcnc:succcscivc
1259 837 1329 891 duas
1349 854 1448 892 uxoren
1467 836 1605 907 legitimas
1621 836 1737 903 habuit,
1765 834 1921 906 dispensari

227 941 286 979 can.
315 931 358 979 lt:
389 923 421 999 Is
445 924 495 991 oui
523 939 579 975 reon
604 922 684 975 babet
706 938 821 975 u.corem
849 930 875 973 et
896 937 952 989 pro
973 896 1165 1007 wortiposse
1184 929 1295 993 negant,
1312 932 1345 978 ut
1361 924 1398 978 ad
1416 923 1599 978 sacerdotium
1619 922 1759 987 evehatur,
1778 927 1808 976 et
1828 926 1920 975 umen

227 1013 308 1065 natet
330 1008 526 1071 concubinam,
553 1027 572 1061 a
600 1010 790 1061 communione
813 1024 869 1061 non
892 1006 1059 1075 repellatur,
1084 1008 1216 1081 Pelagius
1231 1008 1355 1079 pontifex
1369 1026 1393 1064 c.
1409 1010 1602 1065 Frateruitatis
1613 1016 1667 1065 etc.
1679 1009 1742 1063 dist
1757 1014 1800 1065 34.
1815 1008 1852 1062 ad
1865 1007 1921 1060 dia-

227 1106 318 1151 ccmcn
335 1104 366 1149 ut
383 1094 465 1148 urim
484 1094 620 1161 mulieris,
638 1102 687 1147 aut
703 1093 809 1161 usaria
827 1099 878 1145 aut
892 1090 1060 1144 concubinae
1085 1103 1200 1150 conatus
1217 1097 1340 1151 ordinem
1358 1095 1472 1167 provehi
1489 1095 1625 1168 permittit
1641 1113 1719 1158 eum,
1746 1095 1794 1166 qui
1815 1102 1922 1149 mortua

225 1183 262 1237 υἷι
286 1182 481 1250 conjunctione
504 1186 654 1233 contentus.
698 1178 822 1233 Rubrica
851 1179 913 1248 ipso
936 1175 1059 1245 capitulo
1085 1198 1169 1237 uxore
1196 1183 1294 1252 plures
1326 1183 1430 1235 liberor
1460 1200 1493 1236 ou
1520 1184 1629 1236 ancillo
1664 1182 1833 1249 susceperit,
1874 1180 1921 1234 ubi

227 1268 345 1325 deterior
362 1272 417 1323 est:
436 1266 468 1321 Is
486 1266 537 1336 qui
553 1266 700 1319 nonhabet
717 1282 841 1333 uxorem,
861 1263 940 1316 debat
956 1262 1059 1314 habere
1085 1268 1182 1323 morito
1199 1268 1300 1339 uliquis
1320 1268 1454 1323 exclamet
1472 1284 1535 1322 eum
1553 1266 1648 1339 glogou
1665 1268 1693 1321 in
1716 1284 1740 1322 c,
1760 1267 1789 1321 Ia
1809 1266 1857 1338 qui
1869 1270 1920 1319 etc.

226 1356 415 1410 cannabinam.
456 1352 531 1409 Vide
555 1352 657 1408 decret.
682 1368 746 1405 cum
775 1351 859 1422 gloss.
885 1348 951 1404 edit.
969 1346 1060 1417 Lugd
1086 1355 1206 1410 distinct,
1227 1354 1304 1409 ocu:
1330 1355 1459 1408 Lamia
1478 1356 1647 1423 quandoque
1659 1355 1729 1423 pta,
1742 1355 1823 1423 juris
1841 1352 1921 1405 licon

227 1446 257 1499 in
273 1441 321 1499 iol.
334 1457 407 1496 811110
421 1446 496 1495 1510.
515 1439 600 1493 editio
612 1436 776 1492 parisiensis
789 1436 849 1490 loeo
869 1436 948 1489 mbas
975 1432 1061 1488 habet
1087 1459 1171 1510 quam
1188 1442 1318 1503 castitas,
1337 1442 1405 1509 quia
1425 1448 1518 1493 coatus
1535 1440 1736 1510 repelleretur,
1760 1440 1921 1505 fornicator

228 1531 320 1583 liceat.
363 1526 437 1583 Vide
462 1525 562 1579 decret
588 1524 653 1580 edit.
672 1524 761 1577 Paris.
781 1524 810 1577 iu
827 1521 876 1576 fol.
892 1537 964 1576 asmo
986 1526 1059 1575 1501.
1086 1543 1151 1580 uero
1166 1528 1286 1581 minime.
1325 1532 1349 1581 3.
1368 1526 1487 1590 Quidam
1507 1526 1699 1581 discordantes
1717 1525 1780 1580 illos
1798 1542 1918 1580 caumes

227 1633 250 1671 ο.
266 1614 422 1670 Christiano
438 1616 491 1666 tid.
506 1611 569 1666 dist.
584 1610 645 1665 (tad.
657 1627 691 1665 ex
703 1608 823 1663 isidoro:
839 1607 1060 1661 Christianum
1085 1613 1126 1666 oie
1145 1612 1301 1681 conciliant,
1321 1613 1396 1683 quod
1416 1611 1446 1666 in
1463 1612 1532 1681 iliis,
1552 1612 1580 1667 in
1600 1612 1702 1683 quibus
1721 1612 1920 1666 concubinatus

228 1702 323 1755 dicam
339 1700 483 1769 plurimae
500 1699 552 1751 secl
568 1713 617 1750 nec
639 1698 712 1749 drsas
729 1694 813 1748 sinrul
830 1694 931 1747 labere
952 1670 1075 1746 licitumi
1085 1699 1260 1770 permittitur,
1279 1717 1335 1754 non
1349 1706 1449 1770 agnem
1462 1704 1497 1753 dc
1515 1716 1586 1754 ocra
1600 1700 1761 1762 concubina,
1780 1698 1831 1752 sed
1842 1698 1877 1751 de
1889 1714 1921 1751 ea

227 1795 279 1858 cti,
298 1788 357 1840 ttt'st'
367 1804 452 1839 unam
465 1791 571 1837 tarcmm
584 1791 766 1846 accusarem,
780 1779 1060 1833 amccrtclocouco·
1085 1802 1185 1847 uxore,
1214 1802 1287 1856 quae
1315 1786 1445 1855 privatim
1472 1786 1557 1841 ducto,
1579 1787 1638 1839 sino
1667 1784 1804 1856 loguiibus
1823 1784 1920 1837 insim-

225 1874 521 1942 ris,ss'oonju;ndecst,
534 1864 1060 1935 consentinamc.Scletetctbquaest.
1086 1872 1193 1935 mentio,
1219 1888 1291 1943 quau
1315 1872 1368 1926 uiui
1389 1888 1486 1928 revera
1510 1873 1546 1925 git
1570 1872 1695 1943 legitima
1714 1887 1798 1940 uxor,
1824 1876 1919 1942 utpote

226 1968 249 2017 1.
269 1978 303 2015 ex
320 1958 479 2029 Augustino
499 1957 535 2010 de
550 1954 623 2011 bono
635 1955 746 2024 coniug-
766 1970 790 2007 (ι.
811 1958 840 2007 52
859 1952 937 2006 Solet
954 1949 1060 2020 uttam,
1086 1957 1189 2013 affectu
1206 1958 1325 2012 maritali
1335 1958 1427 2023 ducta,
1446 1965 1539 2013 tamen
1553 1966 1667 2028 propter
1685 1958 1788 2011 amissa
1806 1958 1918 2011 dotalia

225 2065 287 2102 cum
305 2045 446 2099 masculum
470 2051 497 2095 ct
519 2043 628 2107 femina
651 2057 702 2095 nec
720 2040 771 2093 illo
787 2038 914 2104 mamm,
939 2052 989 2089 ἰθύ·
1005 2035 1060 2089 illa
1086 2047 1271 2099 instrumenta
1287 2045 1394 2099 dicatur
1408 2044 1570 2099 concubina.
1600 2043 1683 2098 Hauc
1697 2043 1930 2099 conciliationem

225 2152 297 2188 recor
321 2132 440 2187 alterius
463 2129 571 2182 sibiutct
597 2128 792 2196 rwnfiliorum
817 2124 1060 2194 promotionum
1086 2131 1223 2202 approbat
1241 2130 1426 2185 Beliarmiuus
1454 2130 1489 2184 de
1508 2131 1624 2185 matrim.
1651 2146 1711 2200 cap.
1731 2136 1771 2186 11.
1795 2146 1865 2199 resp.
1882 2130 1918 2182 ad

226 2238 320 2287 causa,
338 2220 389 2273 ted
403 2234 460 2287 pro
478 2214 680 2269 tncontt'ncntt'a
699 2213 788 2267 tobit&
800 2210 961 2265 conmsbilus
973 2225 1060 2262 dama
1086 2235 1144 2289 ης,
1165 2222 1189 2272 2,
1233 2216 1289 2273 Sed
1314 2216 1379 2271 huic
1403 2216 1590 2271 nominationi
1612 2233 1667 2271 non
1690 2216 1809 2270 mulium
1834 2216 1918 2271 tribui
1996 2212 2000 2217 ’

226 2306 408 2378 copulantur,
437 2303 546 2367 ⁶1³7?ssss
563 2300 673 2363 mdia,
700 2306 730 2351 “i
753 2315 802 2351 ¹²⁶0
822 2296 872 2350 illi
890 2313 952 2349 cum
968 2295 1059 2349 ‹blitm-
1085 2309 1191 2374 potest,
1218 2302 1284 2374 quia
1300 2303 1328 2355 in
1347 2302 1439 2357 verbis
1456 2318 1594 2356 munuum
1615 2302 1719 2357 diserta
1736 2320 1770 2357 ac
1788 2301 1919 2357 distincta

224 2394 259 2447 id
275 2392 379 2455 facici,
405 2406 455 2444 ”⁶0
473 2389 528 2443 illa
545 2405 608 2441 eum
625 2388 731 2450 alim),
756 2393 848 2438 “irum
871 2382 985 2452 bullii&
1004 2382 1060 2433 ”bi
1085 2397 1144 2443 tum
1163 2388 1343 2453 concubinae,
1360 2395 1419 2442 tum
1442 2388 1534 2441 uxoris
1552 2387 1585 2442 fit
1606 2388 1724 2457 mentio,
1747 2406 1783 2443 sc
1802 2395 1919 2458 utraque

225 2478 387 2533 amandae?
405 2484 431 2529 ct
444 2482 539 2543 potest
559 2474 672 2542 quidem
689 2490 745 2525 uon
757 2472 876 2524 absurde
894 2470 944 2523 boc
963 2467 1061 2523 vocari
1086 2475 1139 2529 sibi
1157 2475 1275 2530 invicem
1294 2474 1439 2530 manifeste
1460 2474 1617 2545 opponitur.
1653 2482 1676 2529 1.
1694 2474 1815 2538 Quidam
1833 2473 1919 2545 igitur

225 2565 403 2633 connubium,
426 2564 453 2615 ιη’
470 2578 557 2630 usquc
574 2562 615 2614 ad
640 2568 756 2613 mortem
773 2559 897 2626 alicujus
914 2574 1010 2610 cortem
1027 2556 1061 2608 id
1085 2568 1210 2629 consent,
1233 2578 1295 2615 eum
1314 2561 1450 2615 duntaxat
1473 2559 1688 2614 concubinatum
1702 2561 1767 2630 jure
1785 2561 1918 2615 canonico

225 2654 299 2705 amr
318 2649 521 2719 conplacuerit
539 2655 566 2700 ct
582 2646 674 2715 prolis
693 2645 914 2715 permotionem,
933 2642 1059 2711 quamuis
1086 2649 1223 2718 permitti,
1246 2647 1294 2718 qui
1312 2655 1459 2720 sequentes
1485 2646 1589 2702 habeat
1607 2647 1780 2703 munitiones
1798 2646 1918 2715 additas,

225 2756 281 2792 non
302 2756 336 2792 ea
353 2754 439 2790 causa
457 2734 599 2803 continuati
615 2741 694 2803 smst,
711 2752 766 2786 reon
786 2739 878 2784 taruco
895 2731 1060 2797 senuerunt,
1087 2738 1111 2790 1.
1130 2742 1160 2788 ut
1177 2736 1311 2787 consistat
1333 2735 1407 2787 inter
1421 2750 1560 2803 personas
1579 2733 1687 2787 solutos
1705 2734 1763 2786 sius
1782 2734 1917 2801 coelibem

226 2833 256 2877 ut
273 2825 316 2877 sel
335 2824 424 2877 nolint
442 2823 497 2875 sibi
514 2821 596 2875 nasci
612 2819 697 2888 tilios,
713 2818 853 2872 ueletiam
868 2816 1058 2886 operealiquo
1086 2824 1113 2877 2.
1131 2828 1161 2873 ut
1178 2821 1226 2875 illl
1244 2839 1300 2874 nou
1318 2821 1441 2886 filiorum
1455 2822 1712 2889 procreandorum,
1735 2821 1788 2871 scd
1801 2838 1860 2889 pro
1878 2821 1918 2872 iu·

225 2910 301 2965 malo
320 2918 425 2977 apant,
449 2926 484 2963 ne
500 2915 660 2962 nascantur.
692 2904 818 2958 Ueterum
841 2904 869 2956 si
889 2905 934 2957 uel
956 2912 1057 2955 utrum·
1085 2908 1257 2961 ccrrrtinents‘a
1273 2907 1361 2961 solius
1378 2908 1537 2960 concubitus
1555 2923 1643 2959 eausa
1654 2906 1832 2974 junpantur3
1848 2909 1875 2959 3.
1889 2912 1920 2957 ut

226 3016 292 3068 qssc,
310 2996 456 3049 colunum
474 2997 571 3049 borum
590 2995 680 3057 daed,
706 3010 763 3046 nors
787 2992 909 3059 inuenio,
927 2992 1059 3059 quamad-
1086 2994 1225 3047 mediante
1242 3010 1277 3047 ea
1290 2996 1353 3064 fida
1366 2996 1536 3063 junoantur,
1549 3011 1585 3063 nc
1603 2993 1653 3046 ille
1670 3010 1732 3045 cum
1749 2993 1854 3062 altera,
1869 3009 1918 3045 nec

225 3086 338 3137 modum
354 3083 407 3135 ias
424 3081 538 3150 nuptias
556 3080 706 3151 appellare
720 3078 870 3149 possintne.
904 3078 1016 3130 Etenim
1033 3077 1060 3129 a·
1085 3080 1140 3133 illa
1159 3099 1220 3134 cum
1243 3082 1333 3136 altem
1359 3083 1434 3134 idem
1452 3081 1566 3149 faciut,·
1590 3082 1614 3133 4.
1633 3086 1663 3131 ut
1687 3079 1843 3132 corrcubs'na
1863 3097 1916 3132 nors

226 3172 353 3240 aliquam
369 3169 424 3221 sibi
451 3170 493 3222 ad
516 3176 622 3235 tempus
651 3163 825 3229 adbibuerit,
852 3166 946 3235 donec
970 3163 1059 3216 aliam
1085 3168 1126 3219 acl
1145 3175 1252 3237 tempus
1270 3169 1423 3234 duntasat,
1439 3168 1491 3219 scd
1506 3182 1592 3235 usquc
1612 3167 1653 3218 ael
1671 3165 1732 3217 alies
1749 3167 1824 3217 uitae
1842 3182 1919 3218 assu

226 3257 344 3327 aliquam
370 3254 521 3309 tortoribus
548 3254 608 3305 suis
636 3253 680 3305 uel
708 3251 897 3316 facultatibus
924 3249 1057 3313 inueniat,
1084 3261 1195 3323 matur,·
1222 3258 1248 3307 5.
1265 3261 1296 3307 at
1310 3254 1402 3326 prolis
1420 3254 1642 3321 uenerationem,
1666 3252 1792 3321 meamus
1810 3270 1865 3305 rson
1883 3268 1917 3304 ca

226 3358 311 3411 quam
327 3342 359 3394 ln
377 3340 538 3408 coniupium
560 3341 659 3401 ducat,
681 3339 775 3392 aninao
799 3338 860 3406 ipso
880 3337 993 3391 adulter
1010 3344 1058 3397 est,
1085 3357 1172 3393 causa
1189 3341 1332 3408 conjuncti
1351 3339 1416 3407 sint,
1442 3357 1617 3409 nequaquam
1641 3339 1740 3405 adast,
1765 3355 1817 3391 nec
1834 3354 1917 3408 opere

226 3444 278 3482 nec
295 3444 356 3480 cnm
375 3425 442 3492 r'lla,
471 3442 555 3492 quam
579 3425 656 3492 carpit
672 3424 810 3492 invenire,
838 3424 891 3476 sed
915 3439 978 3477 eum
995 3422 1058 3487 istu,
1084 3427 1181 3494 aliquo
1200 3427 1275 3479 malo
1295 3426 1459 3494 impediant.
1488 3424 1595 3479 Horum
1616 3424 1812 3495 requisiturum
1832 3424 1855 3477 si
1873 3423 1916 3477 sel

227 3530 289 3567 crem
306 3530 362 3581 qua
381 3512 422 3563 sic
439 3511 533 3578 neat,
552 3516 583 3562 ul
599 3527 656 3561 non
676 3509 775 3563 lrabeat
791 3527 854 3562 cum
873 3525 907 3563 ca
925 3508 1057 3563 maritale
1083 3529 1183 3581 unum,
1203 3512 1247 3567 rel
1264 3514 1346 3583 plura
1361 3510 1513 3581 defuerint,
1537 3530 1592 3565 non
1611 3528 1671 3566 esse
1690 3512 1915 3571 concubinatum,

228 3600 403 3656 canoniam.
1083 3600 1133 3655 sed
1151 3599 1368 3654 fornicationem.
1401 3598 1513 3666 Eorum,
1532 3598 1579 3668 qui
1598 3600 1638 3652 sic
1657 3605 1791 3666 statuunt,
1810 3596 1915 3666 opinio·

127 3709 152 3749 n
163 3708 214 3757 prs
263 3692 321 3743 tit.
357 3685 400 3739 De
417 3683 459 3738 bis
472 3683 694 3738 discordantibus
707 3683 779 3752 juris
797 3682 935 3738 Pontificii
948 3685 1057 3738 canoni-
1084 3704 1147 3741 nem
1159 3686 1269 3739 ridetur
1282 3685 1439 3756 probarud.
1458 3701 1482 3740 c.
1500 3684 1578 3739 Solet
1592 3692 1644 3739 etc.
1659 3690 1698 3739 32.
1710 3702 1735 3755 q.
1749 3691 1773 3739 3.
1788 3683 1914 3739 aetatem

126 3770 197 3853 ζῖξῖ
227 3775 279 3831 bus
303 3772 431 3828 diversae
452 3786 485 3825 ac
514 3769 702 3841 discrepantes
726 3776 790 3824 sunt
814 3770 979 3841 scriptorum
998 3789 1057 3826 sen·
1084 3773 1299 3827 concubinatum
1316 3788 1400 3841 quam
1419 3770 1683 3842 proximesccedere
1701 3772 1737 3824 ad
1755 3771 1914 3841 conjugium

227 3861 339 3917 tentiae.
398 3862 420 3913 1.
441 3855 560 3921 Quidam
598 3855 769 3926 existimant,
805 3856 840 3911 de
872 3858 1058 3912 concubinatu
1084 3878 1118 3913 ac
1145 3860 1264 3929 speciem
1291 3861 1434 3927 quarratam
1455 3859 1558 3911 occubi
1578 3857 1750 3911 matrimonii
1776 3874 1838 3913 esse
1853 3873 1914 3923 mon

226 3947 299 4001 rsilril
317 3946 388 3999 corti
404 3945 433 3998 in
449 3943 513 4013 jure
533 3941 665 3997 canonico
683 3959 743 3998 esse
760 3941 904 3998 definitum
916 3960 950 3998 ac
969 3945 1057 4015 ponti·
1084 3946 1186 4016 injuria
1204 3944 1265 4016 quis
1286 3945 1394 4001 dixerit.
1429 3952 1453 4001 5.
1465 3944 1620 3999 Concilium
1636 3943 1831 3999 'Iridentiuum
1849 3961 1912 3999 sesa

227 4032 307 4088 tieem
326 4032 495 4093 Romanum,
523 4029 589 4083 dum
609 4034 767 4100 pugnantes
783 4046 817 4085 sc
833 4030 984 4085 soumarias
1000 4032 1058 4100 juri
1085 4038 1126 4088 24.
1149 4048 1209 4100 cap.
1230 4037 1253 4086 8.
1273 4029 1486 4085 concubinatum
1506 4036 1538 4084 ut
1557 4048 1644 4101 greve
1661 4040 1806 4101 peccatum
1819 4032 1914 4086 merito

227 4119 361 4175 amonica
380 4116 475 4171 inferri
488 4130 589 4186 passus
600 4121 643 4170 est
655 4115 814 4181 senmutias,
833 4116 925 4170 studio
937 4117 1058 4171 noluisse
1084 4116 1268 4187 reprehendit,
1287 4124 1402 4187 tumque
1418 4117 1448 4169 iu
1470 4117 1627 4172 uuiversum
1646 4118 1817 4189 probibendo
1835 4136 1912 4173 cauo·

226 4206 295 4261 certi
324 4204 390 4276 quid
426 4202 609 4269 constituere,
645 4202 800 4271 cujusmodi
832 4204 1058 4259 contrarietatum
1083 4221 1132 4260 nes
1148 4204 1210 4257 illos
1223 4203 1294 4274 juris
1312 4202 1463 4266 Pontificii,
1480 4203 1622 4274 inquibus
1642 4205 1820 4274 permittitur,
1839 4206 1912 4275 peni-

227 4291 353 4363 exenpla
382 4290 465 4362 plura
495 4305 529 4345 sx
558 4286 693 4344 Gratiano
725 4287 818 4344 afferri
843 4305 925 4360 posse
953 4290 1057 4347 dicunt.
1084 4298 1129 4345 tus
1165 4292 1301 4363 abrogare
1338 4290 1463 4357 videtur,
1498 4292 1548 4347 ssd
1583 4291 1752 4361 experientis
1788 4300 1913 4355 teststm,

228 4388 259 4437 1.·
267 4379 386 4445 Quidam
399 4381 532 4446 statuunt,
549 4374 703 4431 cauouibus
713 4374 775 4444 illis,
787 4375 835 4446 qui
844 4375 1058 4433 concubinatum
1084 4379 1252 4433 concubinas
1276 4378 1303 4432 iu
1322 4383 1428 4448 papatu
1445 4394 1506 4433 esse
1530 4378 1765 4451 frequentissimas
1779 4396 1836 4433 nou
1854 4387 1912 4433 tau·

226 4468 402 4541 permittunt,
429 4466 566 4533 dcropcri
589 4463 658 4533 illis,
688 4464 735 4535 qui
753 4479 815 4518 enm
832 4462 993 4535 probibent,
1024 4482 1058 4520 ae
1082 4470 1142 4519 tum
1157 4465 1233 4536 apud
1251 4462 1419 4519 sacrificulos
1437 4464 1465 4517 in
1484 4465 1634 4521 minoribus
1653 4464 1796 4518 ordinibus
1813 4465 1912 4519 consti·

225 4554 384 4627 pontificem
402 4559 431 4608 et
447 4552 550 4609 clerum
568 4551 722 4606 Romanum
741 4550 898 4608 avidissime
910 4552 1058 4623 arripuisse
1082 4557 1166 4619 tutos,
1185 4551 1234 4605 sed
1247 4551 1331 4605 etiam
1347 4551 1423 4620 apud
1435 4550 1590 4621 praesules,
1610 4550 1764 4619 canonicos,
1790 4550 1913 4618 abbates,

226 4650 255 4697 et
272 4640 442 4714 approbasse
467 4636 544 4694 illam
561 4636 763 4693 concubinatus
780 4637 1001 4709 permissionem,
1025 4645 1057 4694 ut
1082 4640 1232 4710 episcopos,
1248 4636 1401 4692 cardinales
1412 4640 1464 4691 etc.
1482 4636 1599 4707 proinde
1618 4637 1716 4692 merita
1728 4636 1830 4707 aliquis
1846 4637 1913 4707 ipsis

226 4727 502 4793 manuteneamus
529 4723 601 4795 juris
633 4723 753 4795 quadam
785 4723 877 4795 specie
905 4730 1000 4796 tegere
1029 4728 1057 4779 et
1081 4723 1295 4796 objeceritiilud
1308 4723 1409 4777 Christi
1423 4720 1521 4777 Mattb.
1535 4728 1576 4789 23,
1590 4740 1617 4779 v.
1632 4728 1677 4778 13:
1697 4724 1841 4778 Dicuntst
1858 4740 1914 4776 raon

226 4815 315 4871 coacti
346 4812 499 4869 coelibatus
535 4811 610 4880 leges
639 4808 748 4864 facilius
781 4811 899 4865 tolerare
934 4815 1055 4881 possent,
1079 4813 1202 4879 sumunt
1235 4810 1268 4863 In
1284 4808 1492 4880 gravaminibus
1509 4809 1628 4864 nasonis
1645 4808 1828 4865 Gemanicse
1841 4824 1913 4863 mma

226 4900 352 4974 quamvis
369 4899 480 4968 scirent,
500 4895 701 4969 antiquioribus
715 4896 836 4951 melioris
847 4902 930 4951 nome
945 4896 1055 4952 canoniss
1085 4902 1157 4953 1512,
1169 4896 1263 4967 legato
1276 4912 1365 4967 papae
1373 4894 1563 4968 Norinbsrgae
1575 4895 1674 4951 oblatis
1687 4912 1765 4967 gras.
1778 4903 1820 4951 tc.
1832 4901 1912 4951 etet.

226 4985 279 5042 bus
298 5001 391 5040 omnes
409 4984 492 5039 maris
508 4991 537 5039 et
554 4982 675 5037 feminae
693 4983 903 5053 conjunctiones
916 4984 992 5039 circa
1007 4985 1056 5053 jus
1082 4982 1190 5053 imperii
1218 4998 1346 5051 proceres
1372 4981 1485 5053 publice
1513 4983 1549 5036 de
1574 4983 1831 5037 concubinariorum
1859 4982 1912 5037 ire·

226 5071 392 5129 matrimonii
423 5072 533 5142 penitus
564 5068 720 5139 improbari.
769 5066 883 5123 Illorum
919 5069 1055 5125 sententia
1082 5068 1197 5139 quentia
1214 5076 1433 5139 conquenmtur:
1460 5071 1496 5123 In
1515 5070 1585 5125 ιοιίε
1598 5069 1744 5139 plerisque
1764 5069 1915 5140 (inquiunt)

225 5160 307 5215 valde
327 5156 482 5212 verisimilis
499 5156 625 5211 redditur
642 5172 675 5211 ex
690 5172 733 5223 eo,
751 5156 826 5225 quod
838 5154 991 5211 Gratianus
1011 5155 1056 5211 vel
1082 5153 1210 5223 opscos·
1236 5162 1262 5207 ct
1293 5171 1388 5209 corum
1420 5155 1561 5224 officiales
1585 5157 1761 5209 merlotum
1792 5156 1914 5210 tolerant

229 5244 389 5317 quicunque
408 5242 493 5306 abus,
512 5243 559 5314 qui
578 5241 679 5295 multos
696 5240 799 5295 decreti
817 5256 936 5295 canones
952 5241 1056 5310 paleae
1082 5241 1306 5310 conmtbiuatum,
1333 5243 1483 5295 dummodo
1509 5249 1586 5295 certa
1598 5241 1782 5312 persolvatur
1790 5244 1914 5311 pecunia

226 5328 491 5398 nomineinscripsit,
503 5334 679 5399 postquamc.
690 5326 718 5379 ls
729 5324 1057 5398 quietatibristianoeto.
1083 5335 1109 5379 et
1127 5334 1242 5396 recepta
1260 5328 1294 5380 ab
1315 5328 1419 5381 eisdem
1439 5328 1490 5381 boc
1508 5345 1603 5381 onrsuo
1621 5344 1704 5381 cerua
1719 5329 1834 5397 publice
1852 5346 1913 5382 cram

227 5418 290 5472 dist.
310 5423 351 5472 31.
368 5417 397 5470 in
409 5413 510 5486 quibus
525 5414 724 5469 concubinatus
735 5412 910 5483 permittitur,
928 5413 988 5466 sine
1000 5413 1057 5466 ulla
1081 5413 1140 5465 suis
1156 5413 1323 5480 concubinis,
1337 5413 1487 5485 pellicibus
1505 5421 1532 5467 et
1549 5414 1617 5466 aliis
1633 5414 1667 5467 iel
1685 5430 1772 5483 pasus
1789 5417 1915 5469 nauri-

226 5512 292 5560 uota
317 5500 535 5575 pertransiisset,
566 5504 726 5570 sequentem
753 5514 885 5553 monem
903 5514 937 5552 ex
956 5498 1053 5569 Augu·
1081 5499 1158 5551 aba
1184 5500 1327 5569 illepitime
1363 5501 1523 5555 conclucrc
1564 5502 1720 5568 liberosque
1759 5518 1916 5569 procreare
