4020 6022
849 204 902 261 Dll
919 202 1120 263 GONJUGIO.
1792 220 1833 277 97

33 360 250 415 mtuatraetum
269 358 373 415 malum
390 358 496 416 exitum
515 360 654 415 sortiatur.
691 366 730 417 ts.
750 360 900 416 Solvuntur
912 361 984 441 peri
997 360 1107 430 expleto
1135 361 1205 417 certi
1231 362 1365 435 temporis
1394 362 1541 419 intervallo
1565 362 1594 418 in
1620 364 1732 435 nuptias
1759 368 1834 436 post

130 444 246 517 aliquid
272 463 341 500 noos
368 448 582 519 superueniens,
613 447 688 518 quod
716 446 740 501 si
765 446 1107 519 praecessisset,'modum
1124 452 1288 517 transeunt,
1307 452 1401 503 tamen
1420 448 1484 504 talis
1502 450 1646 520 suspensio
1663 451 1773 523 saepius
1789 454 1834 507 est

130 548 185 586 non
203 530 321 589 tuissent
340 538 493 591 contracta.
980 524 1185 587 'dissolutionis
1212 532 1318 603 primus
1347 535 1465 603 padue
1496 541 1528 590 ut
1543 535 1730 607 experientiae
1756 536 1833 591 testi·

26 626 107 729 diffide
167 624 225 717 itt.
260 620 334 717 Jase
348 621 477 717 damano
496 620 636 713 sponsalia
653 618 874 675 dissolvebantur
886 554 1118 713 dw·!monium
1136 617 1314 675 demonstrat.

26 730 86 771 ‘'⁸¹‘'
129 704 983 777 ΜΉΡΜΜΙΜΜΜ1”Ο“ἀΗΡοΜἸ’ΗΜ
1033 760 1089 811 163.
1137 755 1168 807 Si
1199 756 1234 811 de
1264 757 1449 813 dissolutione
1477 758 1679 828 sponsaliorum
1704 756 1960 829 quaestui-⁸¹³¹¹·

129 790 225 862 repud.
265 790 321 857 Qui
339 791 382 845 sui
398 791 472 861 juris
490 798 586 859 erant,
613 808 663 862 per
682 806 713 846 se
732 790 909 862 sponsalibus
928 806 1002 852 re:,
1041 840 1047 852 ,
1177 842 1183 854 ,
1320 843 1326 856 ,
1421 845 1427 857 ,
1464 844 1497 856 ,,
1722 847 1727 859 ,
1842 808 1962 861 spanus

131 877 310 945 nuntiabant,
328 877 376 951 qui
395 896 461 935 vero
478 878 531 933 sub
549 878 641 937 aliena
659 884 798 950 potestate
817 877 969 947 constituti,
995 840 1113 903 mmm
1142 859 1230 911 pum
1253 860 1375 897 ⁰m¹¹¹⁰m
1400 844 1612 915 mmmm
1643 863 1680 901 ω
1699 847 1774 915 hma’
1793 862 1830 900 Μ
1842 864 1967 903 ΨΜ

128 980 178 1033 per
195 980 260 1018 suos
281 970 401 1033 κυρίους.
453 964 498 1019 Sic
516 964 710 1020 filiasfamilias
731 964 873 1035 sponsalia
890 969 970 1035 pater
994 944 1052 979 “²⁸⁰
1071 926 1207 981 dunum
1227 934 1370 984 ⁰⁰¹¹t¹⁸⁰t⁸
1385 930 1490 1029 fuerint
1501 933 1643 1031 ’ΜΨ
1661 932 1697 1031 ⁸‚b
1711 939 1829 1003 umque

130 1048 280 1105 arnonae
308 1054 427 1119 meras.
457 1050 476 1104 ι.
506 1057 545 1106 ro.
572 1050 601 1105 e.
630 1050 664 1105 se
692 1050 882 1120 sponsalibus,
914 1064 968 1103 non
995 1013 1039 1067 '⁰¹
1065 1014 1200 1069 “lim
1221 1016 1444 1071 ⁰⁰¹¹l¹⁸¹¹⁰¹¹i¹¹¹¹¹¹
1471 1024 1558 1087 Pm-
1603 1018 1632 1074 ⁸¹
1658 1017 1724 1073 ΝΜ
1747 1035 1829 1088 ⁸⁹⁰⁰·

129 1134 194 1189 item
220 1140 310 1201 tutor,
339 1133 393 1189 nisi
418 1152 451 1190 ex
479 1136 623 1191 voluntate
654 1136 792 1206 pupillae,
823 1136 841 1191 1.
861 1140 885 1189 6.
907 1151 939 1189 eo

129 1220 181 1285 Qui
206 1220 408 1291 repudiabant,
438 1221 566 1277 nuntium
593 1222 754 1291 mittebant,
780 1222 833 1275 hoc
860 1226 904 1275 est
927 1236 970 1273 re·
994 1184 1189 1254 praefemnm'
1214 1186 1427 1257 9⁰³t⁰¹i⁰¹ih¹¹⁸2
1457 1206 1492 1245 ⁸⁰
1518 1189 1634 1260 pmi¹¹d⁰
1657 1190 1751 1259 prim
1767 1205 1830 1259 ΡΨ

129 1306 295 1363 nuntiabant
311 1307 356 1361 vel
371 1308 519 1377 praesenti,
539 1308 583 1361 vel
602 1307 726 1374 absenti,
748 1324 831 1378 qaam
856 1307 892 1360 ad
911 1322 968 1359 rem
993 1270 1162 1324 ”mmm
1182 1280 1251 1340 'm'
1269 1273 1421 1343 p⁰⁵t⁰¹i⁰¹⁸
1440 1292 1505 1330 '⁶¹⁰
1524 1274 1610 1331 irrita·
1644 1274 1830 1345 Nequefflim

129 1378 256 1447 ..ΜΕ
279 1392 404 1447 solennia
421 1394 557 1464 quaedam
579 1393 666 1448 verba
689 1392 907 1461 adhibebantur,
940 1392 968 1444 in
995 1356 1023 1409 in
1040 1356 1132 1411 causis
1152 1358 1398 1414 matrimonialibus
1418 1360 1510 1414 locum
1527 1360 1613 1416 habet
1635 1361 1704 1415 illud
1732 1360 1829 1432 vulga-

994 1448 1068 1498 tum:
1088 1442 1210 1517 desirepas
1230 1445 1380 1517 φροντίδες
1398 1442 1566 1518 σοφώτεραι,
1584 1446 1633 1501 sed
1655 1447 1748 1517 potius
1759 1446 1829 1501 illud

130 1478 249 1535 divortio
267 1478 380 1549 quidem
400 1494 448 1534 ea:
467 1480 523 1533 Rea
540 1486 604 1532 tusas
622 1480 674 1531 tibi
692 1480 807 1541 lebete,
830 1480 906 1531 Tuos
922 1493 968 1531 res
1443 1533 1449 1545 ,
1493 1533 1499 1545 ,
1704 1535 1709 1545 ,
1762 1533 1768 1545 ,

130 1561 180 1615 tili
197 1563 284 1629 opita,
311 1563 341 1616 in
358 1562 474 1634 repudio
493 1581 558 1618 vero
586 1563 706 1618 isthaec:
734 1564 904 1619 Camlitiane
919 1570 968 1616 tua
994 1529 1129 1628 altenfmf
1152 1532 1235 1592 Qum
1252 1532 1336 1586 'Md
1346 1533 1467 1601 ''hm‘’
1487 1540 1658 1631 ¹⁷⁸9⁰f²fr²⁶m
1677 1534 1829 1633 ‘mplmrf

994 1624 1097 1684 nepisst,
1116 1620 1197 1671 snm:
1216 1618 1334 1671 Habeas
1343 1625 1374 1671 ut
1390 1626 1497 1673 aaran.
1528 1618 1592 1673 Dixi
1605 1624 1711 1685 auum,
1728 1627 1829 1673 aetem

129 1666 185 1701 aon
201 1656 282 1712 utor,
307 1656 356 1703 etc.
377 1648 395 1702 l.
419 1656 444 1705 2.
465 1646 493 1725 ξ.
515 1656 537 1704 2.
560 1649 594 1705 de
615 1649 714 1703 divort.
756 1649 810 1716 Qui
837 1664 968 1720 sponsam
1058 1702 1063 1713 ,
1227 1703 1233 1715 ,
1413 1703 1419 1716 .
1486 1702 1492 1715 ⁸
1527 1703 1533 1716 ,
1820 1704 1827 1717 ι

128 1734 179 1790 boc
210 1734 292 1790 modo
323 1735 504 1806 repudiabat,
536 1735 643 1791 etiamsi
678 1736 756 1790 nulla
784 1735 828 1789 vel
853 1734 968 1790 minima
991 1702 1113 1768 ''mh‘'
1131 1707 1285 1772 p⁰⁸ter¹⁰¹⁸
1298 1703 1589 1773 ⁸P⁰¹¹⁸⁸¹¹⁸P¹¹⁰f¹b¹¹⁸
1603 1703 1711 1773 meres
1728 1704 1829 1773 q⁰⁰d⁸¹

996 1785 1069 1841 enim
1088 1788 1181 1858 priora
1193 1788 1250 1843 sint
1261 1790 1443 1858 clandestina,
1462 1790 1617 1860 posteriora
1628 1806 1693 1843 vcro
1706 1789 1829 1861 publica,

994 1872 1041 1927 vel
1061 1873 1084 1928 si
1105 1875 1199 1944 priora
1211 1874 1267 1929 sint
1279 1876 1429 1943 defuturo,
1448 1875 1477 1929 id
1491 1882 1535 1930 est
1546 1881 1683 1931 tractatus
1693 1876 1831 1931 duntaxat

995 1958 1032 2012 de
1052 1959 1242 2031 sponsalibus,
1268 1962 1421 2032 posteriora
1439 1962 1474 2016 de
1491 1963 1644 2032 praesenti,
1660 1961 1689 2015 id
1706 1968 1749 2015 est
1764 1978 1831 2017 vera

994 2045 1148 2113 sponsalia,
1178 2054 1245 2102 tunc
1274 2046 1426 2119 posteriora
1456 2048 1595 2117 prioribus
1625 2048 1828 2117 praeferuntur.

995 2128 1133 2185 liutherus
1152 2132 1181 2186 in
1199 2131 1261 2186 libr.
1283 2132 1318 2188 de
1341 2149 1416 2188 caus.
1435 2134 1553 2189 matrim.
1581 2140 1646 2187 tom.
1664 2140 1690 2189 5.
1715 2134 1828 2189 leneus.

994 2214 1088 2271 Germ.
1109 2217 1157 2273 fol.
1179 2224 1237 2274 237.
1255 2218 1319 2273 ideo
1338 2218 1452 2288 publica
1469 2219 1609 2290 sponsalia
1626 2218 1741 2289 privatis
1759 2218 1829 2274 dicit

995 2318 1056 2357 csse
1075 2303 1268 2373 praeferenda,
1287 2303 1355 2375 quia
1371 2304 1441 2361 baec
1455 2310 1520 2359 sunt
1531 2304 1679 2376 prohibita,
1698 2304 1748 2358 illa
1761 2320 1828 2359 vero

994 2386 1116 2447 minime.
1153 2389 1200 2444 An
1219 2407 1283 2445 vero
1304 2390 1444 2459 sponsalia
1460 2391 1621 2461 posteriora,
1642 2390 1678 2444 ad
1699 2406 1771 2461 quac
1782 2405 1826 2444 ac·

992 2474 1077 2529 cessit
1099 2476 1201 2546 copula
1224 2476 1357 2545 carnalis,
1390 2475 1574 2546 praeferenda
1600 2476 1656 2530 sint
1681 2475 1827 2545 prioribus,

995 2559 1030 2613 sd
1049 2578 1121 2632 quae
1140 2561 1263 2616 nondum
1276 2560 1393 2617 aeeemit
1404 2560 1589 2631 cohabitatio,
1608 2562 1673 2616 item
1694 2578 1731 2615 au
1743 2578 1827 2631 spon-

941 1134 968 1191 d·
995 1098 1067 1153 salia
1090 1105 1156 1154 sunt
1182 1106 1338 1169 matrasta,
1371 1108 1439 1157 tunc
1460 1104 1554 1175 priora
1585 1104 1686 1159 ceteris
1713 1103 1828 1175 paribus

1842 1692 1887 1735 XV.
1900 1692 1946 1737 tta

129 1837 215 1875 causa
226 1820 361 1888 subesset,
380 1840 431 1877 nec
443 1822 554 1892 culpam
571 1822 748 1885 commisisse,
762 1838 813 1876 nec
826 1820 966 1875 infamiam

130 1907 298 1964 contraxisse
316 1908 496 1977 censebatur,
526 1909 600 1979 quod
619 1908 692 1961 enim
711 1908 772 1979 lege
791 1907 968 1979 permittente

129 1993 168 2058 tit,
189 1994 259 2048 illud
276 2012 395 2065 poenam
414 2011 470 2049 non
490 2001 625 2058 meretur,
654 1994 764 2049 interim
780 1996 845 2065 jure
863 1994 967 2049 codicis

129 2080 164 2135 ab
184 2080 397 2151 imperatoribus
413 2079 613 2151 posterioribus
637 2080 749 2135 condito
775 2079 811 2144 is,
840 2080 967 2151 quisine

133 2184 220 2222 eausa
237 2166 419 2222 renuntiabat
440 2173 468 2221 et
486 2166 627 2237 legitimae
645 2173 706 2222 erat
725 2165 840 2236 aetatis,
870 2165 966 2220 arrhas

131 2253 286 2323 duplicatas
311 2252 489 2322 restituebat,
518 2253 609 2307 minor
630 2252 782 2324 simplices,
817 2252 840 2305 si
860 2252 965 2322 justam

129 2338 310 2397 renuntiandi
327 2356 440 2394 eausam
461 2338 592 2408 baberet,
617 2339 686 2394 baec
715 2355 806 2409 poena
830 2338 963 2394 cessabat.

132 2425 148 2479 l.
168 2425 217 2479 ult.
236 2424 268 2479 O.
286 2425 321 2479 de
340 2424 459 2496 sponsal.

165 2517 221 2567 162.
260 2511 344 2566 Talia
360 2510 477 2582 repudia
505 2527 524 2565 a
541 2508 769 2564 contrahentibus
792 2510 836 2564 vel
857 2514 964 2564 contra

49 2644 57 2671 ,
128 2598 255 2653 bantium
272 2596 435 2668 parentibus
453 2613 486 2651 ex
505 2594 582 2650 nulla
600 2595 644 2650 vel
662 2594 775 2651 minima
792 2612 877 2650 causa
888 2595 965 2650 facta

80 2698 101 2725 ¹¹·
127 2684 225 2739 merito
254 2684 284 2737 in
312 2682 428 2738 eeclesia
455 2680 615 2736 Christiana
641 2688 706 2737 sunt
734 2681 883 2752 abrogata;
912 2697 964 2735 nec

22 2794 30 2821 ι
93 2811 101 2821 .
128 2770 200 2825 ullus
217 2768 337 2840 amplius
350 2767 405 2822 illis
424 2766 507 2822 hodie
525 2767 607 2821 datur
626 2766 713 2836 locus,
738 2766 787 2822 sed
801 2769 842 2821 ad
852 2767 963 2835 judiees

64 2865 70 2879 ’
129 2854 384 2911 matrisuonials'usn
421 2870 574 2907 causarum
605 2853 747 2924 negotium
773 2852 963 2919 deferendum,

127 2943 150 2997 si
182 2948 301 3012 ubsque
334 2939 379 2994 rel
414 2939 549 2994 alterutra
581 2956 647 3009 pars
674 2938 815 3008 sponsalia
840 2938 962 2993 ‘dissolvi
1026 2946 1084 2997 tet.
1120 2947 1144 2997 3.
1163 2942 1192 2997 Si
1211 2958 1267 2997 una
1284 2943 1421 2996 duntaxat
1438 2940 1580 2996 celebrata
1599 2941 1655 2995 sint
1673 2940 1822 3010 sponsalia,
1835 2934 1964 3027 {my

127 3033 255 3101 expetat,
284 3026 332 3097 qui
360 3042 414 3081 non
441 3025 495 3079 nisi
520 3025 557 3081 ob
583 3041 683 3096 graves
702 3032 731 3079 et
753 3026 845 3096 justas
862 3042 961 3080 causas
989 3027 1191 3099 dispiciendum
1211 3033 1262 3098 est,
1280 3046 1316 3083 au
1331 3028 1386 3083 sint
1403 3028 1543 3099 sponsalia
1554 3030 1590 3080 ‹le
1603 3030 1717 3096 ,tinterna
1736 3026 1764 3080 id
1779 3033 1823 3082 est
1836 3038 1911 3077 tuturo

125 3113 240 3185 publica
259 3111 426 3168 auctoritate
437 3109 600 3182 sponsalitia
611 3114 696 3180 pacta
707 3110 870 3174 dissolvunt,
890 3128 962 3183 quae
988 3114 1214 3186 desponsationes
1242 3114 1430 3185 impuberum,
1462 3115 1506 3169 vel
1537 3113 1677 3185 sponsalia
1706 3094 1931 3167 comiti-‘'¹¹²⁰m·

127 3200 271 3257 dissolutio
293 3198 403 3254 nomine
429 3197 538 3268 repudii
557 3197 585 3250 in
607 3196 732 3267 generali
760 3196 963 3269 significatione
988 3208 1081 3266 onata,
1098 3201 1143 3254 rel
1160 3205 1296 3255 tractatus
1315 3200 1456 3272 sponsalia
1475 3201 1680 3268 antecedentes,
1701 3216 1734 3253 eo
1749 3200 1824 3255 enim

126 3292 241 3358 accepto
271 3286 450 3357 indigitetur,
481 3301 545 3338 cum
577 3284 607 3337 in
631 3284 723 3337 locum
757 3283 865 3354 repudii
896 3283 961 3338 olim
989 3305 1072 3343 sensu
1107 3287 1249 3358 sponsalia
1285 3287 1321 3342 dc
1358 3286 1452 3341 futuro
1485 3303 1503 3340 a
1531 3285 1698 3356 quibusdam
1734 3285 1823 3357 accipi

126 3374 202 3444 apud
222 3372 363 3427 Romanos
389 3370 484 3425 usitati
515 3369 685 3424 successerit
735 3368 776 3426 Ut
805 3376 898 3425 autem
927 3366 971 3425 de'
989 3373 1109 3428 diximus
1121 3374 1313 3443 superius3an
1326 3390 1392 3428 vero
1404 3374 1460 3428 sint
1468 3371 1608 3445 sponsalia
1621 3373 1656 3427 dc
1664 3381 1843 3441 praesente..

127 3458 219 3513 causis
246 3456 415 3512 dissolvendi
441 3454 581 3525 sponsalia
606 3455 635 3509 iu
664 3454 766 3511 nostris
792 3455 962 3511 consistoriis
989 3460 1021 3513 ln
1041 3459 1253 3531 desponsatione
1270 3461 1445 3530 impuberum
1465 3459 1654 3514 dissolvuntur
1674 3459 1824 3530 sponsalia,

991 2646 1062 2701 salia
1092 2648 1246 2718 posteriora
1277 2666 1348 2720 pura
1376 2648 1561 2719 praeferenda
1596 2648 1652 2704 sint
1686 2647 1827 2719 prioribus

990 2733 1186 2789 conditionatis
1213 2736 1365 2791 subsecuta
1380 2734 1551 2803 conditione,
1584 2733 1620 2791 de
1638 2752 1672 2791 eo
1697 2734 1824 2806 superius

989 2819 1162 2891 disputatum
1179 2821 1241 2877 luit.

131 3545 216 3601 bodie
235 3544 339 3615 ubique
358 3542 416 3599 iere
433 3542 552 3613 receptis
570 3540 728 3596 distinctius
748 3558 880 3613 agamus,
909 3541 961 3596 boe
988 3546 1012 3598 si
1031 3552 1151 3618 uterquc
1167 3546 1212 3601 vol
1232 3546 1366 3601 alteruter
1385 3556 1534 3617 postquam
1552 3546 1588 3599 ad
1612 3560 1699 3599 annos
1721 3545 1821 3615 puber·

127 3631 206 3687 modo
223 3629 407 3701 procedimus.
455 3635 477 3684 1.
500 3628 528 3682 Α
553 3628 753 3699 sponsaliorum
778 3628 961 3683 desolatione
987 3632 1052 3686 tatis
1071 3633 1212 3703 pervenit,
1246 3631 1344 3688 eadem
1363 3631 1477 3687 dissolvi
1500 3637 1592 3702 petat,
1625 3631 1708 3687 modo
1732 3632 1822 3701 pubes

31 3720 37 3747 ¹
87 3751 94 3763 ·
125 3715 324 3787 distinguenda
353 3720 396 3770 est
434 3730 529 3770 eorum
565 3714 676 3768 ιῑίὶαιίο.
732 3714 961 3786 Quandocunque
986 3716 1078 3773 faetus
1106 3735 1236 3789 expresse
1264 3720 1310 3773 vel
1337 3718 1422 3774 tacite
1450 3718 1491 3771 cis
1508 3735 1563 3773 non
1591 3719 1768 3774 consenserit
1796 3736 1820 3773 c.

127 3802 199 3857 enim
227 3818 293 3872 pars
324 3818 381 3855 una
409 3800 456 3855 vel
482 3805 602 3870 utraque
629 3800 851 3855 contrahentium
877 3818 960 3871 spon·
987 3802 1036 3857 ubi
1061 3820 1117 3860 non
1139 3811 1182 3860 est
1205 3810 1246 3862 30.
1268 3824 1294 3877 q.
1313 3812 1342 3861 t:
1376 3806 1434 3869 tias·
1448 3805 1545 3874 puer-ea
1572 3806 1643 3857 daret
1657 3804 1773 3873 puellas
1791 3803 1821 3857 in

126 3889 258 3944 saliorum
276 3886 483 3942 dissolutionem
502 3885 699 3955 amagistratu
725 3886 848 3957 quaerit,
878 3904 959 3958 spon·
986 3891 1134 3945 eicnabuls‘e
1152 3899 1178 3945 et
1195 3908 1210 3944 e
1228 3909 1360 3947 canense
1380 3892 1454 3946 nihil
1469 3892 1599 3955 faciunt,
1628 3891 1687 3943 nisi
1703 3898 1820 3959 satorque

126 3977 195 4032 salia
222 3992 279 4030 non
305 3974 417 4046 quidem
445 3979 511 4028 ante
536 3990 636 4028 causae
663 3972 850 4045 cognitionem
866 3974 960 4029 surim
983 3994 1143 4046 paterarum,
1164 3986 1317 4047 prostestata
1339 3979 1444 4031 s·euerit
1462 3981 1503 4030 arl
1523 3994 1614 4030 assues
1630 3978 1819 4041 alternationis,

125 4063 330 4125 dissolvuntur,
354 4060 464 4115 interim
489 4064 582 4115 umen
601 4077 652 4133 per
676 4059 842 4116 sententiam
854 4060 960 4130 judicis
985 4064 1146 4117 conamts'at.
1170 4063 1315 4135 Conjunge
1328 4063 1375 4117 lib.
1393 4070 1417 4118 t.
1429 4062 1608 4118 decretalium
1621 4062 1750 4133 Gregorii
1768 4062 1819 4117 IX.

124 4150 159 4204 ad
183 4156 295 4220 tempus
320 4146 502 4215 differuntur,
531 4148 603 4201 sieut
629 4154 657 4202 ct
678 4146 743 4216 jure
760 4147 893 4201 canonico
909 4164 960 4217 per
984 4150 1028 4206 tit.
1047 4156 1071 4205 2.
1097 4156 1126 4204 ot
1143 4149 1190 4204 lib.
1211 4155 1235 4203 t.
1252 4148 1294 4203 tit.
1314 4154 1338 4203 2.
1357 4148 1386 4203 in
1406 4148 1504 4219 Serto,
1533 4149 1581 4219 qui
1606 4156 1694 4219 agunt
1711 4150 1753 4201 ‘de
1773 4148 1819 4203 de·

127 4236 306 4290 interdictam
324 4233 456 4287 ecelws‘ae
474 4233 586 4304 nuptias
606 4231 768 4287 contrahere
786 4232 957 4303 prohibetur,
985 4236 1163 4306 sponsatione
1182 4235 1365 4305 impuberum.
1400 4236 1545 4305 sponsalia
1563 4235 1769 4301 eossslitiorurta,
1794 4234 1818 4289 si

124 4321 215 4392 quoad
247 4320 282 4375 lis
308 4319 387 4375 finita
411 4319 463 4389 sit,
492 4318 540 4389 qui
563 4317 768 4373 matrimonium
794 4318 874 4373 alteri
893 4336 956 4390 pro-
985 4322 1106 4376 conditio
1137 4338 1192 4376 nou
1218 4321 1302 4375 suerit
1328 4320 1490 4391 subsecuta,
1529 4321 1730 4386 dissolvuntur,
1765 4318 1817 4373 rusi

124 4406 204 4461 misit.
234 4423 259 4462 c.
287 4422 350 4460 eum
381 4404 552 4475 Apostolica.
583 4404 618 4459 de
648 4403 832 4475 sponsalibus.
879 4405 957 4459 Talis
983 4406 1088 4462 scilieet
1099 4406 1200 4477 copula
1211 4407 1330 4461 cernuis
1345 4408 1500 4462 accesserit.
1520 4407 1668 4461 rI'ruetatua
1677 4405 1819 4476 sponsalia

124 4491 324 4563 sponsaliorum
355 4490 452 4545 dilatio
472 4506 506 4544 ac
528 4490 672 4561 suspensio
690 4489 773 4543 variis
801 4490 829 4544 in
845 4491 956 4546 casibus
983 4493 1187 4558 antecedentes,
1206 4510 1261 4548 non
1281 4500 1375 4547 autem
1392 4508 1458 4547 vera
1470 4492 1609 4562 sponsalia
1619 4492 1817 4547 constituentes

123 4578 213 4634 locum
231 4577 353 4647 obtinet,
383 4581 481 4647 utpote
495 4576 518 4630 si
538 4576 644 4631 incidat
671 4577 796 4646 quaestio
816 4578 956 4648 praejudi-
984 4578 1174 4633 dissolvuntur
1192 4578 1313 4649 partium
1331 4578 1466 4633 dissensu.
1518 4578 1604 4632 Plura
1623 4578 1657 4631 de
1682 4578 1816 4633 conditio·

123 4665 214 4733 cialis,
245 4680 318 4735 quac
342 4662 420 4733 prius
442 4662 479 4716 sit
501 4662 689 4731 terminanda,
721 4662 744 4717 si
768 4677 886 4733 sponsus
912 4663 956 4719 vel
983 4664 1056 4719 natis
1086 4664 1262 4735 sponsalibus
1293 4665 1412 4719 diximus
1432 4664 1566 4735 superius.
1603 4662 1815 4733 Dispieicndum

125 4748 425 4821 sponsadiffamentur‚
444 4736 518 4819 (fund
534 4765 597 4802 cum
616 4749 671 4804 alia
688 4764 807 4820 persona
818 4750 957 4820 sponsalia
983 4750 1098 4821 deisrde,
1127 4768 1163 4804 an
1183 4751 1322 4822 sponsalia
1342 4752 1543 4819 respublica,
1571 4766 1607 4803 arr
1628 4750 1815 4808 claudestina.

123 4836 324 4901 contraxerint,
352 4834 374 4889 si
400 4840 511 4905 tempus
538 4834 629 4889 luctus
648 4834 757 4907 legibus
781 4834 956 4906 praefinitum
982 4837 1011 4893 si
1031 4837 1086 4891 sint
1102 4837 1277 4893 clandestina
1293 4838 1450 4908 posterioris
1469 4835 1589 4907 generis,
1606 4835 1635 4889 id
1655 4844 1697 4891 est
1709 4836 1815 4909 absque

122 4922 164 4978 vel
184 4920 386 4979 consuetudine
405 4924 549 4991 receptum
569 4920 691 4975 noudum
711 4921 748 4976 sit
766 4922 906 4993 elapsum,
932 4923 954 4976 si
982 4930 1128 4995 pareutum
1145 4939 1281 4978 consensu
1300 4928 1451 4991 eontracta,
1467 4924 1532 4992 jure
1551 4922 1658 4994 patriae
1669 4923 1816 4993 potestatis

122 5014 321 5083 praegnantem
359 5007 492 5063 feminam
526 5007 589 5078 quis
626 5008 749 5077 duxerit,
785 5008 820 5064 de
854 5007 955 5081 quibus
983 5008 1186 5071 dissolvuntur,·
1220 5008 1243 5063 si
1261 5009 1316 5064 sint
1331 5008 1504 5063 clandestina
1520 5008 1618 5078 prioris
1634 5009 1758 5081 generis,
1785 5008 1815 5063 id

123 5096 249 5151 omnibus
276 5096 333 5150 late
355 5098 457 5149 bacut
475 5092 619 5163 Cypraeus
646 5093 682 5148 de
699 5093 848 5164 sponsalib.
869 5112 892 5151 c.
916 5102 955 5151 13.
982 5101 1024 5151 est
1043 5096 1154 5151 remotis
1171 5095 1291 5150 testibus
1309 5102 1338 5149 et
1357 5094 1467 5148 arbitris
1490 5101 1640 5166 contracta,
1658 5096 1682 5150 si
1701 5095 1814 5150 sintin·

122 5179 149 5257 ξ.
162 5188 204 5239 86.
219 5188 337 5252 etseqq.
367 5180 577 5245 Qunamvisvero
591 5196 641 5249 per
652 5178 736 5235 talem
748 5180 955 5252 suspensionem
977 5183 1090 5254 jurata,
1121 5181 1230 5237 facilius
1258 5181 1294 5235 ad
1326 5181 1534 5236 dissolutionem
1565 5188 1680 5253 propter
1714 5200 1814 5237 causas

122 5268 260 5339 sponsalia
276 5284 332 5324 uon
350 5266 550 5335 dissolvantur,
580 5265 629 5321 sed
657 5283 752 5322 eorum
771 5285 822 5338 per
841 5268 954 5340 nuptias
981 5269 1118 5343 quasdam
1143 5285 1242 5341 graves
1261 5267 1452 5338 descenditur,
1476 5269 1601 5341 quamsi
1627 5267 1683 5322 sint
1699 5268 1814 5338 publica

122 5353 352 5426 complementum
383 5354 519 5409 duntaxat
549 5352 705 5415 differatur,
743 5370 805 5408 cum
835 5356 956 5424 plurima
980 5356 1009 5410 in
1036 5356 1139 5426 templo
1167 5354 1211 5409 vel
1238 5370 1331 5409 coram
1358 5355 1479 5410 honestis
1506 5356 1572 5411 viris
1601 5360 1744 5411 eontracta
1767 5353 1813 5411 vel

124 5440 261 5512 sponsalis
285 5458 336 5511 per
355 5440 459 5510 judicis
477 5440 641 5497 sententiam
668 5439 850 5506 differantur,
882 5458 954 5513 quas
979 5443 1172 5512 etiamJurata

170 5536 274 5578 tierbnrdi
288 5534 337 5578 loti.
354 5534 401 5579 vn.
1464 5550 1480 5600 7
