4020 6022
97 1660 188 1704 antas
261 1656 319 1706 462.
354 1650 396 1705 Ex
414 1650 458 1705 his
474 1650 556 1708 facile
573 1659 702 1724 apparet,
732 1652 800 1725 quid
832 1653 867 1708 de
894 1650 993 1706 ritibus
1010 1652 1057 1705 lio·

225 206 285 269 rec
803 202 927 263 rocus
944 200 1150 263 mammos
1168 202 1338 270 omarus
1498 250 1508 281 ,

224 356 349 429 Aponius
375 356 437 415 libr.
469 364 491 416 1.
522 359 549 414 in
576 364 649 414 eant
673 358 768 415 itidem
791 358 916 415 meminit
939 344 1200 435 illorumihistoris
1217 359 1350 416 melariae
1369 360 1490 415 omnium
1508 364 1672 431 temporum,
1690 357 1766 431 qnod
1782 358 1868 415 verbo
1885 374 1918 413 sc

224 443 324 514 quiin
344 446 449 514 mespilis
474 446 553 499 dirici
574 446 764 501 modulatione
789 446 887 515 000000·
898 444 1213 517 potentiamiprecibus
1244 446 1447 503 matrimonium
1485 444 1653 502 sanctificari
1692 451 1827 519 perpetuo
1866 462 1916 499 000

225 532 632 600 etsponaaepulclrntadinem
650 532 839 589 laudaverint.
869 530 991 587 Mauritii
1009 528 1167 609 ini-{fuera
1193 539 1343 604 receptum.
1382 532 1508 588 Ecclesia
1532 538 1603 589 teste
1631 530 1729 588 merito
1747 530 1919 587 mntrahitrr

228 617 362 688 parcioris
381 617 495 689 nuptiae
512 618 622 689 hymnis
645 635 679 673 ac
697 618 867 674 carminibus
882 617 1060 674 celebrantur
1071 658 1073 667 .
1084 618 1155 673 illud
1175 619 1388 689 matrimonium,
1410 636 1443 674 ex
1455 636 1510 692 quo
1529 618 1626 673 futura
1642 617 1776 674 ecclcsiae
1793 617 1918 673 membra

225 702 300 774 apud
329 702 515 774 Nicephorum
544 703 571 761 d.
601 703 619 758 1.
653 702 760 760 Hector
786 704 901 759 Boiitius
926 703 987 759 libr.
1019 692 1237 776 13.'speruntur.
1269 709 1298 761 6.
1309 707 1433 776 Propter
1445 707 1571 777 ipsorum
1582 704 1727 773 pmtslium
1740 705 1917 775 suffrapiam.

224 786 319 844 histor.
339 786 411 845 Seot
427 789 585 845 describens
598 790 884 864 magnificentissimas
906 788 1058 844 Alexandri
1069 746 1073 835 1
1084 791 1210 848 Gentiles
1228 808 1262 846 er
1272 791 1377 847 lumine
1389 797 1505 846 naturae
1518 790 1719 863 quodammodo
1734 796 1917 862 agnoverunt,

224 872 366 930 Scotorum
395 874 468 946 regis
504 892 566 931 cum
593 877 747 948 Margarita
776 876 862 949 Angli
892 875 966 947 regis
1000 873 1058 928 tilia
1083 877 1244 949 conjugium
1263 893 1318 932 non
1337 894 1396 933 esse
1420 877 1578 932 institutum
1597 894 1671 934 mere
1688 877 1850 946 hammum,
1869 878 1917 933 sed

227 959 391 1017 celebratas.
434 962 500 1017 Non
518 964 616 1017 deerat
643 964 753 1035 (inquit)
777 965 946 1034 quidpiam,
982 962 1060 1031 quod
1085 962 1222 1030 diuinum,
1247 965 1321 1018 unde
1346 962 1445 1019 ritibus
1471 963 1557 1019 secus
1578 964 1648 1018 illud
1672 963 1840 1019 initiandum
1858 978 1917 1017 esse

223 1046 361 1101 laetitiam
380 1054 429 1102 aut
448 1048 583 1115 pendium
610 1050 713 1103 ane'mir
736 1051 858 1104 medere
876 1056 982 1119 posset,
999 1047 1058 1116 qui·
1084 1056 1256 1105 cemuerunt
1293 1049 1374 1104 Plato
1398 1048 1447 1105 lib.
1468 1056 1489 1105 5.
1510 1049 1545 1104 de
1564 1049 1640 1122 legg.
1658 1049 1819 1120 nuptiarum
1836 1049 1916 1103 inau-

223 1149 330 1203 eunpue
347 1134 465 1188 musaea
482 1142 532 1189 aut
557 1136 706 1204 psallendi
730 1144 781 1191 aut
805 1137 929 1204 alicuine
953 1136 1058 1189 100100-
1083 1136 1256 1204 parationem
1271 1137 1337 1201 fieri
1353 1136 1441 1190 noluit
1457 1153 1509 1205 per
1527 1138 1685 1191 sacerdotes
1699 1135 1837 1189 aellibstie
1852 1152 1917 1205 pre-

222 1220 320 1284 menti,
344 1222 422 1289 quod
446 1221 678 1277 exhilarationem
702 1223 795 1277 animo
824 1225 952 1295 afferret,
970 1222 1060 1292 periti
1084 1223 1161 1276 cibus
1180 1230 1205 1277 et
1222 1222 1380 1288 aacmfioiis.
1400 1220 1462 1277 libr.
1482 1229 1505 1277 5.
1525 1222 1560 1276 de
1579 1221 1701 1293 republ:
1727 1222 1816 1276 Festa
1833 1237 1917 1292 quiae·
1930 1224 2000 1266 ruti

224 1313 313 1370 aaut,
334 1322 366 1359 eo
384 1314 434 1359 aut
452 1309 546 1361 uocati
563 1315 614 1361 out
630 1308 707 1362 ultro
725 1316 934 1363 concameraret.
965 1308 1058 1361 Plena
1084 1311 1152 1363 ἀαπι
1167 1317 1249 1363 erunt
1268 1309 1374 1378 lepilus
1392 1309 1577 1378 deeipnanela,
1594 1310 1625 1363 in
1642 1308 1741 1379 quibua
1756 1325 1879 1378 epm
1891 1316 1917 1362 et

225 1399 287 1445 erat
313 1392 395 1462 nepio
428 1392 607 1463 actitantium,
638 1396 794 1448 canentium
821 1394 1059 1463 psallentiumque
1083 1413 1189 1465 eponae
1207 1395 1384 1462 conueniant,
1409 1412 1494 1448 sacra
1519 1398 1590 1458 fiant
1621 1403 1646 1449 et
1675 1395 1771 1463 hymni
1791 1411 1810 1447 a
1823 1395 1917 1465 poitis

226 1480 316 1535 turim
364 1477 562 1535 immoderatos
592 1485 684 1536 tamen
712 1480 792 1535 luxus
825 1481 855 1535 in
886 1479 1189 1581 nuptialibuspnostris
1211 1482 1317 1551 nuptiis
1341 1481 1516 1535 celebrandis
1543 1482 1742 1536 conuenienter.
1788 1480 1918 1537 Valerius

226 1565 358 1619 conviviis
376 1572 469 1636 patres
490 1566 600 1637 saepius
620 1571 724 1621 arant.
1070 1567 1198 1693 iMuim‘
1215 1567 1263 1624 lib.
1280 1573 1304 1623 2.
1334 1567 1482 1622 memorab.
1501 1584 1561 1638 cap.
1585 1573 1612 1622 1:
1631 1568 1748 1637 Nuptiis
1765 1568 1917 1621 0400000000

1084 1654 1212 1724 ampiciu
1234 1655 1454 1724 interponuntur,
1473 1654 1523 1724 qui
1539 1655 1664 1724 00000000
1678 1654 1811 1723 nummio
1820 1661 1917 1724 petere

99 1713 213 1807 ssfflss'
227 1738 334 1792 diernie
366 1738 490 1791 moriam
517 1757 552 1793 ac
578 1740 747 1809 templaribus
771 1739 800 1794 in
825 1744 919 1794 0001το
942 1738 1060 1793 eeclesia
1084 1742 1232 1810 desierint,
1257 1743 1320 1812 ipso
1346 1749 1437 1796 tamen
1455 1742 1565 1795 nomine
1586 1741 1688 1795 neuris
1707 1740 1918 1794 eormretudinir

36 1872 41 1882 .
100 1817 184 1858 lm·
227 1824 339 1878 usitssis
365 1824 551 1879 statuendum·
595 1824 731 1880 Revocari
748 1825 789 1880 illi
807 1831 924 1896 possunt
943 1824 980 1879 ad
1004 1825 1059 1879 duo
1084 1827 1202 1896 veetipia
1220 1835 1402 1898 usurpantur.

100 2488 211 2583 iffi„
228 2534 296 2589 gum
312 2517 482 2572 0000000110
501 2521 544 2571 est
561 2516 631 2572 ritus
643 2516 856 2586 ecclesiasticus,
875 2534 930 2588 qao
944 2534 1060 2588 sponsus

226 1910 368 1983 generalia
382 1909 492 1982 capita,
521 1911 558 1966 ad
583 1913 786 1967 sacerdotalem
805 1911 911 1966 scilieet
927 1929 1060 1966 nonenim
1119 1919 1179 1969 463.
1213 1913 1247 1968 In
1274 1913 1469 1968 consitutione
1495 1912 1684 1969 ecclesiastiea
1714 1912 1842 1967 electoris
1861 1912 1917 1968 An·

226 1998 375 2066 eonjupum
387 1998 620 2053 emanationem
633 1999 805 2053 eteolenncm
817 1999 936 2053 conuiuii
947 1999 1060 2070 nuptia·
1085 1999 1161 2070 gusti
1179 1998 1233 2055 sub
1256 1999 1338 2055 titulo
1365 1999 1399 2054 de
1423 1998 1546 2054 articulis
1571 1997 1746 2069 generalibus
1765 1998 1858 2070 capite
1879 2004 1918 2055 13.

227 2082 497 2140 liecelebmtionem.
528 2084 611 2138 Prius
625 2084 905 2149 esteeclesiasticum
923 2084 1059 2156 posterius
1085 2086 1211 2141 101329.
1236 2085 1395 2141 solemmter
1422 2085 1605 2156 praecipitur,
1636 2090 1658 2142 1.
1677 2084 1758 2149 Quod
1786 2085 1919 2142 ecclesiae

226 2168 839 2241 0011000000οο10000001101001001100,
858 2170 1059 2242 conjugiumin
1085 2171 1221 2237 minister,
1250 2188 1340 2243 aquo
1357 2171 1518 2225 tricundina
1542 2170 1714 2227 denuntiatio
1733 2176 1762 2226 ct
1778 2171 1919 2243 copulatio

227 2255 344 2311 ecclesis
370 2255 527 2311 Cinniana
550 2274 605 2312 non
637 2257 796 2312 habendum
824 2274 884 2313 esse
914 2273 964 2328 pro
996 2272 1059 2310 con·
1086 2276 1220 2315 novorum
1236 2260 1386 2329 conjugum
1418 2257 1580 2329 requiritur,
1600 2258 1636 2313 ab
1663 2257 1730 2329 ipsis
1746 2257 1919 2329 desponsatis

228 2348 319 2399 tractu
336 2359 410 2399 mere
427 2342 557 2414 politico,
582 2343 631 2397 sed
655 2361 705 2414 pro
730 2344 842 2399 foedere
866 2343 959 2398 divino
980 2359 1013 2398 sc
1030 2360 1060 2398 re
1072 2362 1075 2435 Ι
1086 2345 1210 2416 personis
1222 2362 1255 2400 ae
1270 2362 1363 2399 earum
1376 2344 1546 2413 parentibus,
1558 2343 1704 2413 tutoribus,
1722 2343 1851 2415 cognatis
1863 2350 1914 2400 etc.

102 2435 122 2481 i.
138 2436 216 2479 miss
229 2446 308 2485 sacrs
325 2437 355 2485 et
371 2429 564 2486 ecclesiastica.
600 2429 786 2485 Sacerdotslis
814 2447 947 2485 nouorum
964 2431 1216 2551 conju-peccunia
1244 2431 1320 2502 prius
1348 2430 1486 2501 inquirere
1521 2429 1638 2499 debeat,
1670 2447 1706 2486 au
1737 2430 1918 2502 desponsatio

1087 2518 1163 2574 iacta
1183 2519 1218 2573 sit
1244 2535 1306 2572 cam
1327 2534 1462 2573 consensu
1481 2521 1627 2587 parentum
1650 2515 1695 2573 vel
1719 2523 1859 2582 tutorum,
1883 2534 1918 2572 sn

102 2593 181 2643 ΜΨ·
229 2607 258 2659 et
275 2620 378 2673 spuma
394 2609 563 2675 antegressis
582 2602 756 2675 sponsalibus
777 2609 806 2658 et
826 2604 899 2659 trina
917 2602 1061 2659 denuntia-
1087 2605 1219 2660 alterutra
1235 2621 1300 2677 pars
1319 2605 1436 2660 aliorum
1455 2604 1656 2675 sponsaliorum
1668 2604 1801 2676 ligamine
1818 2605 1855 2659 sit
1873 2605 1918 2660 de·

101 2653 153 2694 um
161 2655 217 2685 eon·

100 2696 208 2738 msrrue.
229 2690 304 2745 tione
323 2689 507 2761 praecedente
523 2689 721 2745 comitantibus
738 2690 908 2760 parentibus,
926 2690 1061 2762 rognum,
1087 2690 1194 2761 010040,
1222 2709 1259 2746 an
1283 2690 1420 2763 prohibito
1455 2690 1573 2762 quodam
1598 2691 1847 2763 consanguinitate
1871 2692 1914 2748 vel

225 2775 324 2831 vicinis
342 2781 371 2831 et
388 2774 450 2830 aliis
468 2775 590 2831 bonmtis
612 2775 736 2847 personis
765 2776 801 2830 ad
821 2776 954 2847 templum
972 2776 1230 2873 solen-,alfinitatis
1247 2778 1338 2850 gradu
1363 2794 1392 2832 se
1410 2777 1581 2849 confingant,
1600 2795 1637 2833 an
1653 2778 1681 2832 in
1698 2777 1814 2848 publico
1831 2777 1916 2833 eccle

228 2861 300 2918 niter
328 2861 503 2917 deducuntur
523 2878 563 2941 ,ac
590 2862 731 2934 explorato
760 2862 837 2932 prius
866 2862 1144 2919 matrimonialisiae
1160 2870 1299 2919 conventu
1318 2880 1397 2918 secra
1416 2863 1584 2919 eucharistia
1601 2864 1644 2919 usi
1661 2862 1780 2931 luerint,
1799 2863 1918 2936 denique

225 2948 368 3019 utriusque
387 2948 474 3019 partis
490 2965 635 3013 consensu,
652 2947 724 3004 datis
741 2949 859 3005 invicem
878 2948 981 3005 dextris
1000 2949 1059 3018 (ali-
1086 2949 1110 3005 si
1127 2950 1219 3005 adhuc
1232 2950 1358 3021 juniores
1378 2950 1441 3019 sint,
1460 2966 1497 3004 sn
1515 2949 1671 3006 catechesin
1690 2967 1723 3005 ac
1736 2949 1918 3007 fundamenta

225 3035 290 3092 cubi
308 3034 391 3091 etiam
410 3035 530 3105 annulis)
549 3035 585 3090 nb
605 3035 739 3092 ecclesiae
756 3037 881 3092 ministro
900 3038 929 3091 in
950 3039 1059 3093 nomine
1087 3037 1227 3092 doctrinae
1246 3035 1420 3091 Christianae
1443 3042 1516 3091 recte
1543 3036 1703 3105 didicerint,
1726 3035 1834 3109 absque
1852 3053 1916 3109 quo-

225 3121 337 3191 Patris,
364 3121 440 3176 Filii
466 3139 501 3175 ac
539 3121 666 3193 Spiritus
694 3123 787 3176 sancti
811 3123 991 3194 copulantur,
1024 3112 1146 3180 deiram
1165 3123 1323 3195 cognitione
1347 3138 1398 3177 nec
1422 3122 1592 3178 denuntiatio
1617 3140 1668 3179 nec
1695 3121 1838 3192 copulatio
1862 3124 1916 3179 cui·

225 3206 319 3263 divina
336 3207 459 3280 conjugii
484 3207 656 3263 instintione
682 3207 863 3280 ejusdemque
882 3208 997 3278 tinibus,
1023 3180 1169 3282 deiquam
1199 3208 1377 3265 conferenda.
1432 3214 1456 3266 2.
1487 3209 1568 3275 Quod
1604 3207 1915 3281 conJugiumripsorum

226 3293 318 3349 officio
336 3294 448 3365 utrique
479 3294 506 3348 in
534 3300 676 3364 posterum
705 3294 894 3359 incumbente,
922 3294 958 3348 de
976 3288 1173 3353 cruee¹tribus
1192 3295 1331 3349 distinctis
1351 3293 1459 3350 uicibus
1479 3312 1535 3351 non
1554 3295 1642 3350 solum
1672 3295 1700 3349 in
1724 3311 1757 3350 eo
1786 3295 1861 3358 loco.
1888 3295 1916 3349 in

224 3379 355 3452 conjugio
381 3380 478 3435 addita
507 3386 535 3435 et
567 3380 754 3435 consolatione
789 3381 864 3435 curci
892 3382 1059 3451 opponenda
1086 3400 1141 3455 quo
1169 3398 1287 3453 sponsus
1311 3386 1339 3435 et
1367 3397 1468 3451 sponsa
1495 3382 1616 3452 degunt,
1646 3381 1693 3437 sed
1722 3381 1806 3437 etiam
1830 3381 1859 3436 in
1878 3396 1916 3448 00,

225 3465 407 3521 minorentur
431 3481 464 3520 ac
487 3466 541 3536 piis
559 3465 689 3537 precibus
716 3470 745 3521 et
761 3466 954 3525 benedictione
972 3467 1057 3522 eccle·
1085 3469 1114 3524 in
1133 3485 1188 3541 quo
1213 3467 1256 3521 rel
1281 3473 1397 3537 uterque
1423 3466 1468 3521 vel
1495 3468 1628 3522 alteruter
1646 3466 1769 3538 ipsorum
1788 3472 1871 3522 natus
1889 3474 1915 3521 et

225 3550 345 3619 natica,
366 3551 462 3606 addito
475 3557 654 3624 perpetratae
665 3551 729 3618 ritu,
746 3553 807 3608 Deo
825 3554 1058 3609 commendentur.
1085 3556 1219 3611 educatus
1245 3560 1300 3619 est,
1326 3552 1460 3608 ecclesiae
1490 3569 1506 3607 e
1534 3559 1668 3625 suggestu
1696 3553 1914 3609 denuntiandum

224 3636 304 3693 Haec
327 3638 482 3694 ceremonia
503 3638 601 3694 merito
618 3640 764 3708 retinetur,
794 3645 815 3695 1.
834 3646 948 3710 propter
971 3640 1058 3711 ipsius
1086 3641 1266 3715 eJ'usdemque
1289 3639 1417 3710 precibus
1444 3639 1702 3698 commendandum.
1743 3641 1815 3696 Itom
1844 3639 1916 3713 quod

227 3726 285 3779 Dei
298 3724 637 3795 sumptuosarum.
658 3732 698 3780 22.
725 3744 749 3781 0.
768 3732 798 3795 2,
822 3744 846 3781 v.
865 3731 907 3783 22.
942 3730 968 3782 2.
987 3728 1058 3782 Pro·
1085 3726 1270 3784 testimonium
1288 3724 1512 3796 proclamationis
1539 3744 1556 3781 a
1581 3731 1692 3797 pastore
1709 3725 1783 3780 illius
1802 3726 1866 3791 loci,
1886 3743 1916 3780 er

220 3818 287 3881 pter
317 3812 503 3885 apostolicum
523 3821 707 3882 praeceptum
725 3817 783 3868 tam
810 3815 955 3883 perarate,
983 3814 1058 3886 quod
1085 3832 1140 3887 quo
1160 3830 1276 3884 sponsus
1301 3811 1345 3866 rel
1370 3827 1471 3882 sponsa
1496 3828 1611 3883 peregre
1639 3812 1806 3881 adveniunt,
1829 3812 1916 3885 requi·

226 3897 318 3953 omnia
334 3898 363 3952 in
375 3897 493 3953 ecclesia
510 3896 569 3954 lieri
587 3898 708 3954 debeant
726 3900 794 3954 reri
810 3896 888 3963 τάξιν
899 3902 945 3954 καὶ
963 3899 1058 3971 eiam·
1085 3901 1202 3956 rendum
1222 3898 1264 3953 sit
1308 3904 1332 3954 3.
1350 3897 1430 3964 Quod
1451 3898 1590 3968 copulatio
1614 3915 1746 3953 novorum
1765 3899 1915 3972 conjugum

225 3984 318 4059 μόνως
339 3991 361 4041 1.
379 3984 441 4041 Cor.
466 3990 511 4049 14,
531 4002 556 4038 v.
575 3991 618 4042 ie.
637 3986 712 4057 quod
730 4004 809 4041 omne
827 3987 967 4057 qudquid
983 3989 1058 4053 faci-
1085 4002 1260 4059 nequaquam
1278 3984 1306 4038 in
1323 3984 1438 4055 privatis
1458 3984 1574 4038 aedibus
1592 3989 1641 4039 aut
1654 3982 1707 4038 sub
1726 3983 1803 4054 divo,
1820 3985 1869 4040 sed
1887 3985 1914 4039 iu

225 4090 287 4125 mue
306 4073 336 4124 in
353 4070 437 4125 serlo
461 4080 511 4124 aut
538 4088 635 4141 opere,
668 4072 697 4124 in
726 4074 838 4127 nomiae
855 4071 963 4127 Christi
986 4074 1059 4128 Jesu
1085 4072 1189 4143 templo
1204 4088 1296 4127 coram
1313 4069 1631 4127 100100001001000410
1653 4075 1916 4143 conventuagnato

224 4158 404 4224 taciendam,
431 4159 472 4210 ita
488 4165 519 4211 ut
542 4159 653 4227 pretias
673 4175 791 4227 apamea
814 4160 880 4212 Deo
895 4176 949 4230 per
967 4159 1058 4229 speum
1085 4177 1146 4215 rum
1174 4158 1211 4212 sit
1237 4156 1410 4228 peragenda,
1441 4156 1489 4211 ubi
1515 4161 1609 4212 100100
1636 4173 1716 4211 casus
1743 4157 1916 4213 necessitatis

226 4241 329 4300 Coloss.
350 4250 380 4310 ³,
409 4260 434 4299 r.
459 4250 498 4299 12.
525 4243 600 4315 quod
625 4260 681 4314 per
699 4244 811 4297 uadum
832 4245 891 4298 Dei
908 4262 943 4299 ac
958 4263 1059 4314 preces
1085 4251 1161 4300 recte
1177 4243 1320 4313 excipitur.
1362 4249 1386 4298 4.
1406 4242 1488 4306 Quod
1515 4242 1608 4297 nullus
1632 4259 1665 4297 ex
1689 4242 1825 4307 ecclesiae
1843 4242 1916 4298 mini·

226 4331 314 4386 amaa
344 4337 476 4384 aratura
507 4329 567 4383 Dei
590 4330 628 4382 se't
658 4330 864 4393 sanctificanda
894 4337 915 4386 1.
939 4331 1008 4387 Tim
1033 4294 1149 4395 4101010
1160 4330 1321 4401 peregrinas
1342 4345 1473 4400 personas
1491 4329 1527 4383 ad
1545 4327 1684 4384 dioecesin
1700 4329 1745 4383 vel
1763 4331 1916 4401 paroeciam

224 4434 250 4474 r.
264 4423 287 4473 5.
300 4415 374 4488 quod
387 4430 570 4487 quaeeunque
584 4420 649 4469 sunt
667 4413 780 4488 εὔφημα
798 4419 845 4470 καὶ
858 4415 941 4487 ἁγνά,
958 4419 1058 4473 sectari
1071 4390 1074 4443 Ι
1085 4435 1163 4473 suam
1182 4415 1293 4470 minime
1311 4416 1482 4487 pertinentes
1499 4414 1629 4486 copulare
1648 4415 1756 4470 debeat.
1790 4415 1876 4472 Hisce
1888 4416 1915 4470 in

225 4503 375 4560 debeamus
392 4500 465 4556 Phil
485 4507 509 4566 4,
527 4519 553 4557 r.
564 4508 587 4558 8.
608 4519 691 4573 quam
709 4502 841 4573 speciale,
860 4503 933 4574 quod
952 4503 1056 4559 nubea·
1085 4502 1274 4560 ecclesiastica
1293 4502 1488 4557 constitutione
1499 4500 1680 4556 Illustrissimi
1699 4499 1840 4572 Principis
1852 4501 1915 4558 Jolu

225 4589 291 4644 dnm
320 4588 357 4643 sit
383 4588 414 4640 in
439 4587 562 4642 Domino
605 4593 627 4644 1.
649 4586 710 4642 Cor.
739 4596 769 4653 7,
797 4608 822 4643 r.
852 4595 893 4645 39.
929 4595 958 4645 et
984 4591 1059 4663 quod
1085 4589 1210 4645 casimiri
1244 4587 1380 4645 Saronico
1407 4587 1485 4642 ducis
1511 4594 1562 4643 etc.
1594 4594 1669 4642 recte
1701 4586 1831 4643 additum
1856 4587 1916 4642 iric

225 4674 316 4749 γάμος
345 4673 425 4728 nobis
456 4672 558 4729 debeat
588 4690 647 4729 esse
679 4680 764 4748 ripas
788 4675 873 4732 Hebr.
904 4682 948 4742 13,
981 4695 1005 4732 v.
1034 4685 1058 4733 4.
1087 4684 1111 4734 5.
1132 4677 1212 4741 Quod
1234 4674 1352 4748 quilibet
1366 4674 1503 4746 parochus
1520 4672 1687 4744 peculiarem
1700 4671 1803 4728 librum
1816 4674 1918 4731 babere

225 4764 253 4815 3.
274 4761 314 4814 Ol
332 4778 467 4815 nouorum
486 4760 636 4831 coniupum
656 4763 862 4827 documentum,
882 4769 913 4817 ut
931 4778 1058 4817 monean-
1085 4763 1194 4829 debeat,
1213 4762 1241 4816 in
1262 4778 1317 4832 quo
1338 4762 1488 4832 conjugum
1513 4778 1531 4815 a
1547 4777 1576 4815 sc
1596 4760 1787 4831 copulatorum
1808 4760 1918 4816 nomina

225 4854 271 4903 tur
289 4847 325 4903 de
345 4847 480 4918 dignitate
498 4847 573 4902 illius
593 4846 709 4917 ordinis,
731 4849 776 4903 cui
803 4866 901 4904 nomen
920 4848 1000 4907 daut,
1025 4866 1058 4905 ec
1084 4867 1118 4905 ac
1149 4848 1222 4903 diem
1249 4853 1278 4901 et
1304 4846 1395 4902 locum
1425 4846 1560 4902 contracti
1587 4845 1755 4902 matrimonii
1780 4846 1918 4902 dmcribat

227 4934 262 4991 de
279 4932 377 4988 officiis
394 4936 476 5005 juxta
494 4951 618 4989 normam
631 4934 706 4989 verbi
726 4936 837 5007 utrique
857 4936 930 5006 parti
949 4934 1058 4990 debitis.
1085 4936 1258 5006 eundemque
1277 4934 1427 4988 successori
1448 4950 1498 4988 suo
1511 4933 1657 5003 relinquat.
1692 4931 1771 4987 Idem
1784 4938 1917 4987 statutum

227 5025 251 5077 4.
273 5021 315 5073 Ol
334 5022 484 5075 eorundem
503 5022 689 5089 commodum,
714 5026 744 5074 nt
768 5021 819 5076 hac
842 5021 948 5075 ratione
964 5008 1138 5076 matri-iiuit
1160 5020 1189 5074 in
1213 5019 1329 5075 concilio
1356 5019 1521 5074 Tridentino
1549 5034 1614 5073 sess.
1633 5023 1673 5073 24.
1697 5033 1758 5089 cap.
1780 5023 1802 5072 1.
1839 5018 1918 5072 idem

227 5105 349 5163 monium
375 5105 496 5176 ipsorum
524 5123 617 5162 coram
647 5106 720 5161 facie
745 5106 810 5175 Dei,
840 5107 1000 5178 angelorum
1030 5076 1349 5181 0110000010οποῑοτ
1377 5106 1405 5160 in
1432 5104 1557 5161 ecclesiis
1580 5104 1739 5174 Tipurinie,
1764 5108 1796 5157 ut
1813 5111 1920 5160 constat

227 5192 359 5251 ecclesiae
375 5190 559 5263 confirmetur,
577 5193 686 5265 ipsique
703 5210 754 5265 per
770 5209 866 5264 preces
882 5192 942 5247 Deo
964 5210 1057 5249 conse·
1070 5194 1073 5265 ζ
1086 5210 1120 5248 ex
1138 5192 1241 5263 scripto
1260 5191 1390 5247 Larateri
1410 5192 1444 5246 de
1462 5190 1539 5247 ritib.
1563 5190 1661 5247 eccles.
1686 5189 1784 5260 Tigur.
1803 5206 1865 5261 cap.
1883 5195 1921 5245 16.

228 5286 339 5336 crentur
365 5284 394 5334 et
419 5277 541 5333 divinam
566 5279 786 5336 benedictionem
810 5280 839 5333 in
859 5279 989 5351 conjugio
1008 5297 1058 5336 suo
1071 5276 1073 5311 ³
1086 5298 1152 5351 pag.
1174 5284 1213 5335 18.

228 5382 340 5437 sperare
357 5363 472 5436 possint.
512 5368 538 5417 i.
557 5365 598 5420 Ol
624 5366 846 5436 antiquissimum
871 5366 955 5435 iujea
974 5322 1074 5445 ecclc-i
1122 5372 1180 5422 464.
1221 5366 1347 5420 Concinit
1370 5362 1508 5433 riaptialie
1530 5362 1682 5418 celebratio
1700 5367 1743 5417 est
1762 5362 1834 5418 ritus
1850 5351 2000 5453 poli-m

226 5452 361 5506 riaeticae
393 5450 592 5504 benedictiones
620 5451 784 5521 imtitraum.
831 5451 960 5507 Ostendit
985 5451 1058 5507 enim
1086 5453 1167 5515 ticus,
1188 5468 1243 5524 quo
1263 5456 1376 5523 peracta
1392 5448 1580 5506 ecclesiastica
1594 5448 1787 5535 benedictione
1799 5450 1922 5522 cognati,
1934 5456 2000 5499 airu*
