4020 6022
680 344 695 369 ⁴
775 336 827 393 Du
849 333 1048 393 corttufflo.
1699 345 1759 403 ttt

65 488 91 544 si
110 488 234 546 delinitio
252 489 395 562 virg‘nalis
412 492 549 548 castitatis
569 488 776 546 lacumhebere
793 490 917 577 debenti
965 496 1024 548 5³2.
1059 489 1219 547 Uudevero
1237 493 1337 562 probet
1350 491 1543 554 Bellarminns,
1556 492 1667 563 parari
1680 490 1761 547 intel·

65 573 96 631 Si
117 575 161 631 rel
181 576 300 631 maxime
323 593 425 649 corpus
447 577 484 633 ab
513 578 647 634 exteriore
664 577 831 633 scortatione
848 576 979 648 im-tligi
1008 579 1130 631 temtari
1159 593 1193 632 ac
1223 595 1333 633 sensnm
1362 577 1509 633 verborum
1546 576 1760 649 apostolicorum

63 661 203 732 pollutum
221 667 354 731 semetnr,
372 670 466 719 tamen
484 665 509 719 si
523 665 636 736 spiritus
647 662 776 719 interiore
791 662 900 717 ustione
928 680 988 720 esse
1007 680 1078 729 eum,
1096 665 1147 734 qni
1164 667 1286 719 ἀααααίί
1304 673 1353 719 aut
1370 665 1472 719 nubere
1488 671 1538 718 ant
1555 665 1716 735 fornicari,
1734 666 1759 718 is

64 746 236 818 inquinetur.
253 767 309 804 non
326 750 462 805 retinetur
479 766 546 805 vera
563 748 687 805 delinitio
707 749 901 811 continentiae,
928 750 994 805 hene
1013 751 1096 819 facit,
1112 752 1140 806 si
1156 752 1262 806 nnbat!
1296 750 1388 807 Affert
1408 757 1431 807 1.
1454 751 1538 804 cerba
1561 750 1758 805 antecedentia

66 849 151 905 quam
171 834 276 889 Paulus
295 835 324 891 in
349 836 496 893 sanctitate
513 853 568 891 non
594 836 684 891 solum
702 835 833 906 corporis,
851 834 900 889 sed
927 837 1055 905 ejusdem
1071 838 1220 892 nmmmsii:
1247 838 1281 893 Si
1297 856 1354 892 non
1373 855 1403 891 se
1418 838 1567 907 continent,
1584 836 1759 903 nnbant,nbi

64 925 95 975 et
113 920 226 990 spiritns
245 921 395 977 constitnit
429 924 496 977 Non
515 924 588 976 siccet
607 923 701 983 horno,
720 921 796 974 videt
812 922 900 987 Deru,
926 922 1062 977 ustionem
1081 922 1142 993 ipse
1159 923 1300 994 apostolus
1324 922 1436 995 exponit
1452 940 1503 994 per
1522 924 1759 991 incontinentiam,

63 1023 133 1059 nam
151 1006 232 1061 honio
250 1008 341 1073 sidet,
365 1024 438 1077 quae
460 1015 525 1063 curn
541 1024 615 1077 prae
635 1008 736 1074 σοκίίε,
761 1007 901 1061 Dominus
926 1011 978 1062 sed
1004 1008 1205 1064 incontinentia
1230 1027 1287 1064 non
1323 1010 1463 1078 merificat
1486 1010 1676 1073 tentationem,
1710 1011 1762 1062 red

67 1101 163 1148 autem
180 1096 263 1163 uide,
281 1112 355 1165 puae
371 1103 436 1149 sunt
453 1096 484 1150 in
502 1098 588 1150 carde
621 1100 642 1151 1.
662 1094 735 1151 Sam.
757 1099 803 1161 lt,
827 1111 852 1147 v.
877 1100 899 1150 1.
922 1095 1074 1164 flapitium.
1121 1094 1343 1166 Respondemus:
1369 1094 1489 1169 ἀκρασία
1511 1113 1567 1152 nou
1591 1095 1680 1151 solum
1704 1094 1759 1150 illis

60 1181 147 1243 'Quid
162 1183 281 1250 prodest
305 1199 373 1236 caro
392 1182 504 1252 intepra
520 1188 608 1235 mente
633 1182 787 1251 corn-reptat
810 1179 902 1251 inquit
925 1181 1066 1250 competit,
1082 1182 1130 1253 qui
1150 1181 1286 1253 flagitium
1303 1182 1492 1238 fornicationis
1507 1181 1690 1251 committunt,
1709 1181 1758 1235 sed

64 1267 243 1337 Augustinus
270 1267 300 1322 in
332 1266 434 1323 Psalm.
463 1274 504 1326 99.
532 1284 566 1323 ac
591 1266 744 1339 Gregorius
767 1266 899 1323 Naaianz.
926 1266 1010 1321 etiam
1030 1268 1078 1338 qui
1097 1267 1257 1323 interiorum
1281 1268 1432 1323 affectuum
1457 1269 1563 1339 impetu
1585 1267 1622 1323 ad
1640 1266 1758 1323 fornica·

65 1357 159 1420 vetat,
190 1354 326 1422 cirpinem
354 1356 479 1409 castitati
502 1356 630 1409 ἀοοοίοοι
660 1352 900 1424 concupiscentiae
925 1352 1029 1408 tionem
1050 1352 1238 1421 solicitantur,
1262 1353 1327 1411 licet
1345 1354 1374 1409 in
1392 1361 1485 1410 actum
1502 1372 1559 1410 non
1575 1353 1759 1420 consentiant,

65 1438 193 1495 tirason
237 1440 320 1497 ἔνδον
363 1442 444 1512 ἔχειν.
503 1439 630 1497 Clemens
670 1440 750 1496 Alex.
788 1439 835 1494 tib.
875 1446 898 1496 2.
926 1440 975 1511 qni
993 1439 1112 1495 flammis
1139 1444 1168 1494 et
1185 1439 1283 1495 ardore
1310 1438 1434 1496 libidinis
1453 1447 1616 1514 torquentur
1635 1438 1758 1509 interius,

63 1532 202 1583 stromat:
218 1527 607 1596 Veiinnpimatrsmonio,oel
615 1527 779 1581 eetraiilnrl
788 1527 898 1582 omnino
926 1526 991 1581 lioet
1017 1526 1046 1581 in
1070 1532 1214 1583 externum
1236 1526 1425 1582 fornicatiouis
1449 1528 1581 1583 delictum
1604 1542 1660 1581 non
1676 1533 1758 1581 ruant

61 1629 167 1682 puram
185 1621 300 1669 mentem
317 1631 430 1669 semare
441 1620 557 1684 oportet.
587 1611 707 1668 Pulchre
718 1612 898 1668 Prudentius:
924 1613 1105 1683 praecipitem
1122 1614 1194 1669 sicut
1207 1609 1336 1690 ίγκρατής
1353 1620 1402 1682 est,
1419 1614 1467 1687 qui
1478 1631 1534 1669 uun
1545 1613 1633 1668 solum
1642 1629 1757 1685 corpore

99 1714 238 1785 Corpori,
255 1718 356 1771 ,mm
370 1735 428 1772 ,m
444 1732 521 1771 mm
539 1716 646 1770 ,mm
664 1724 784 1786 mm,
927 1705 956 1754 et
974 1698 1106 1754 membris
1123 1699 1250 1763 externis,
1269 1701 1320 1756 sed
1338 1700 1421 1756 etiam
1439 1700 1531 1755 animo
1548 1699 1621 1756 talis.
1637 1698 1702 1768 (rid.
1722 1706 1756 1753 tr.

100 1802 161 1855 Nee
172 1803 283 1871 rapum
296 1804 382 1857 datm
394 1803 458 1858 ulla
465 1803 545 1869 m,
563 1804 663 1873 quipus
676 1804 780 1857 ,mea
790 1820 899 1858 comm
926 1784 961 1840 de
975 1785 1074 1840 minist
1085 1786 1181 1841 eccles.
1196 1781 1223 1859 ξ.
1238 1787 1307 1853 tet.)
1317 1784 1480 1841 Aristoteles
1494 1785 1541 1841 lib.
1560 1792 1582 1841 1.
1601 1785 1670 1840 rhet.
1682 1784 1758 1847 dicit,

105 1888 212 1942 Vulnus
232 1896 258 1942 et
276 1889 398 1943 ωηιξη,
414 1890 540 1958 mirae
556 1889 683 1953 som„
703 1892 811 1944 pagam,
926 1871 1001 1928 ioris
1012 1869 1132 1943 ἀκρασία
1143 1875 1206 1942 περὶ
1218 1860 1367 1935 πιίκ·τα,ὧν
1378 1869 1531 1942 ὀρέγονται.
1551 1870 1637 1942 Apud
1644 1870 1758 1927 saidam

64 1990 141 2046 unde
155 1989 346 2048 Numam!
363 1994 392 2047 in
404 1994 515 2049 emin·
528 1993 612 2048 mis
624 1995 784 2063 mimum
798 1994 899 2048 dubiae
925 1958 995 2012 haec
1012 1957 1124 2029 ponitur
1135 1955 1286 2018 ἀκολασίας
1299 1961 1345 2011 nni
1356 1956 1491 2032 ἀκρασίας
1507 1956 1671 2021 differentia,
1683 1955 1757 2027 quod

62 2076 226 2147 'mmm
241 2078 380 2150 mosem
397 2095 453 2134 non
471 2079 525 2133 fuit
542 2079 659 2136 mitum
924 2043 1047 2098 illaturi
1058 2050 1228 2117 προαίρεσιν,
1238 2042 1309 2100 heco
1318 2045 1394 2119 παρὰ
1406 2051 1569 2120 προαίρεσιν
1579 2042 1663 2099 foeda
1671 2048 1757 2098 seete·

925 2137 978 2196 tur,
998 2129 1028 2184 id
1048 2130 1122 2201 qnod
1142 2130 1214 2186 male
1233 2130 1363 2186 convenit
1381 2148 1444 2185 cum
1458 2130 1640 2202 explicatione
1652 2128 1756 2185 Bellar·

924 2216 999 2282 mini,
1017 2216 1065 2287 qui
1083 2216 1139 2271 illis
1159 2218 1270 2273 demum
1290 2214 1427 2291 ἀκρασίαν
1451 2216 1557 2287 tribuit,
1580 2218 1630 2286 oni
1653 2215 1756 2269 delibe-

923 2311 987 2358 rato
1009 2304 1100 2356 animi
1122 2320 1258 2358 carmensis
1280 2306 1461 2359 demsoernnt
1485 2304 1616 2358 scemari.
1656 2300 1756 2356 Matth.

61 2373 249 2443 Agnorexunt
276 2370 329 2426 hoc
360 2370 414 2442 ipsi
447 2371 551 2427 ethnici
582 2389 615 2427 ex
644 2378 760 2427 naturae
787 2372 898 2427 lumine.
925 2394 966 2457 2³,
986 2407 1013 2446 ρ,
1029 2395 1071 2447 25ο
1088 2388 1226 2459 mm„
1245 2389 1529 2462 conjungptcmm,
1548 2407 1611 2444 cum
1630 2388 1757 2455 amritia,

62 2458 896 2529 seflfflssinqffiti1st⁶⁶⁶²⁶⁶⁸²⁸52⁸⁶⁸²¹⁴ilr⁰id¹⁴⁰⁶⁸milfflm
924 2493 996 2548 quae
1014 2480 1057 2532 est
1074 2476 1191 2532 effectus
1205 2477 1291 2531 animi
1310 2477 1442 2533 internus.
1476 2475 1660 2548 Nequaquam
1670 2475 1758 2547 igitur

63 2545 185 2615 onem·
222 2542 338 2599 Ovidii⁸
357 2543 405 2601 lib.
425 2549 450 2600 ³·
471 2561 554 2601 amor·
572 2544 641 2617 eng,
659 2552 690 2601 t:
909 2530 977 2620 lhos
992 2568 1102 2619 unum
1120 2563 1189 2618 cren
1208 2563 1357 2634 apostolus,
1375 2563 1450 2635 quon
1467 2562 1566 2617 narn
1590 2562 1628 2616 se
1654 2563 1757 2630 nuens

104 2647 139 2703 Ut
151 2649 217 2717 jam
233 2648 358 2701 cernaris
377 2648 443 2703 bene
462 2667 572 2719 σοφία,
591 2650 726 2704 adultera
742 2666 818 2705 mass
835 2657 885 2715 ert,
924 2668 1009 2720 pisam
1029 2651 1160 2719 scortari,
1185 2650 1233 2705 sed
1258 2651 1333 2720 qnod
1357 2650 1454 2705 melius
1484 2651 1521 2705 sit
1542 2649 1648 2705 nubere
1673 2664 1756 2720 quam

134 2736 195 2788 Nec
210 2735 356 2802 csntodiri,
375 2734 407 2787 ni
422 2736 497 2799 velit,
518 2736 581 2789 ntia
597 2744 696 2805 potest.
924 2736 1041 2794 libidine
1064 2742 1191 2793 aestuare
1212 2742 1242 2793 et
1264 2736 1504 2807 concupiscentiae
1523 2736 1658 2791 incendiis
1683 2736 1757 2791 intus

99 2821 159 2874 Nec
176 2828 294 2875 merrtem
308 2836 421 2875 screare
434 2828 525 2890 potes,
541 2822 610 2876 iicet
627 2822 721 2878 omnia
737 2823 866 2891 claudae,
924 2823 1055 2895 torqueri,
1093 2840 1158 2879 cum
1188 2840 1281 2879 coram
1305 2822 1361 2878 Dei
1390 2822 1476 2877 oculis
1501 2822 1674 2877 continentes
1701 2838 1756 2875 non

135 2907 267 2961 Omnibus
285 2908 404 2961 molaris
422 2908 496 2963 intus
513 2909 625 2964 σάκίίαν
644 2910 706 2966 erut.
924 2912 988 2976 sint,
1001 2910 1049 2982 qui
1062 2913 1182 2965 mentem
1199 2908 1414 2965 incontinentem
1427 2908 1538 2976 habent,
1552 2908 1628 2964 sivel
1639 2908 1756 2963 maxime

60 2998 88 3048 t.
107 2995 155 3049 En
174 2994 265 3064 ipsiu
281 2994 408 3064 apostoli
423 2995 614 3067 explicatione.
649 2995 723 3061 Quid
740 3012 791 3067 per
807 2992 898 3068 nipa-
925 2999 961 3055 ab
981 3005 1045 3053 actu
1066 2995 1257 3052 fornicationis
1279 3001 1391 3052 externo
1416 2995 1585 3053 contineant.
1618 3001 1642 3053 2.
1664 2996 1755 3049 Verba

62 3096 111 3135 σιν
124 3079 294 3136 intellectum
305 3079 372 3135 velit
383 3081 536 3151 apostolus,
545 3082 662 3153 ipsemet
673 3083 741 3138 satis
752 3083 899 3154 perspicue
924 3086 1052 3154 αράειίονα
1067 3099 1129 3153 cap.
1148 3089 1171 3153 t,
1187 3101 1213 3138 v.
1233 3087 1258 3138 t.
1271 3088 1393 3157 prepter
1416 3081 1634 3144 fornicationem
1656 3081 1757 3135 babeat

64 3166 207 3238 exposuit,
234 3166 346 3238 qnando
374 3168 540 3238 praemittit:
568 3168 646 3232 Quae
669 3188 725 3224 non
750 3169 898 3236 continent,
923 3170 1112 3241 compotique
1134 3184 1248 3224 usonem
1270 3184 1359 3233 arsam,
1383 3166 1433 3220 nti
1448 3183 1504 3220 non
1522 3166 1593 3220 dicit
1610 3166 1757 3236 apostolus

63 3253 179 3309 nubant.
215 3252 303 3324 Atqui
321 3270 376 3308 non
394 3252 483 3308 solum
500 3252 569 3310 haec
587 3261 631 3311 est
642 3253 769 3330 ἀκρασία,
786 3255 898 3328 quando
920 3266 1042 3327 propter
1065 3255 1245 3311 testationem
1265 3253 1443 3321 sapiendam,
1462 3254 1514 3305 sed
1527 3260 1648 3321 propter
1665 3251 1757 3317 fvttt'·

63 3338 126 3411 quis
143 3339 304 3395 libidinibus
337 3340 465 3412 indulget
489 3340 607 3398 exterius
625 3358 659 3397 ac
675 3359 725 3413 per
740 3341 898 3414 illegitimae
926 3345 1064 3399 cntionem
1081 3343 1249 3413 fispiendam
1269 3340 1384 3410 qor'sqm
1408 3339 1509 3394 tabeat
1533 3355 1646 3393 acorem
1669 3355 1758 3403 mam,

63 3426 272 3481 commixtiones
282 3442 316 3480 aa
326 3426 490 3497 pollutiones
503 3445 603 3500 corpus
621 3446 701 3484 sunm
714 3430 897 3497 contaminat3
925 3433 945 3486 i.
966 3448 989 3485 e.
1006 3431 1034 3485 ei
1050 3430 1246 3493 fornicatum
1260 3443 1297 3491 ee,
1316 3441 1430 3479 onorem
1443 3424 1542 3495 potine
1558 3425 1670 3482 babeas.
1704 3422 1758 3481 Re·

101 2180 188 2237 ὅσσον
207 2187 345 2257 παρθενίη
361 2188 568 2257 προφερεστίρη
587 2182 644 2237 iore
661 2182 771 2254 γάμοιο.

101 2268 202 2323 τόσσον
219 2275 372 2339 παρθενίης
389 2268 474 2340 ἁγνὶς
491 2270 581 2343 γάμος
595 2268 772 2343 ἀμφιβόλου.

16 3600 50 3642 ⁸1²
64 3599 195 3668 interius,
219 3598 344 3671 adeoque
362 3608 393 3655 nt
411 3600 537 3655 Christus
554 3601 689 3673 loquitur,
705 3604 816 3674 quaudo
835 3603 898 3674 quis
924 3611 1038 3676 propter
1048 3602 1265 3669 fornicationem
1272 3599 1454 3669 sapiendam,
1473 3604 1531 3651 tum
1550 3602 1662 3668 propter
1673 3598 1757 3657 ttttt’tt·

65 3684 275 3741 fornicationem
290 3685 335 3740 rel
352 3686 518 3741 adulterium
536 3687 682 3743 committit
697 3690 728 3741 in
745 3692 830 3743 carde
845 3709 897 3746 sno
924 3708 986 3745 nem
1002 3689 1232 3757 ecsnnpnendam
1256 3684 1417 3756 conjugium
1442 3683 1609 3755 quibusdem
1627 3700 1687 3738 esse
1709 3700 1756 3738 ne·

65 3770 166 3826 Matth.
185 3778 214 3835 5,
242 3789 268 3827 r.
290 3777 331 3828 28.
351 3772 463 3843 quando
483 3773 602 3828 enimin
626 3792 652 3829 v.
670 3781 695 3830 5.
714 3776 898 3846 praecedente
924 3777 1081 3845 eemamnm,
1099 3790 1189 3846 neque
1208 3771 1281 3827 euim
1298 3771 1367 3826 haec
1379 3777 1422 3825 est
1432 3769 1574 3841 virginalis
1588 3768 1756 3825 continentia

65 3858 200 3928 conjuges
218 3856 334 3912 invicem
351 3857 496 3913 convenire
515 3859 584 3928 vult,
602 3876 637 3914 ne
650 3858 767 3916 Satanas
784 3868 898 3933 propter
924 3881 1017 3921 coram
1035 3864 1105 3929 Deo,
1123 3860 1225 3932 siquis
1244 3858 1280 3913 ab
1297 3863 1410 3913 externa
1427 3857 1594 3912 scortatione
1614 3861 1643 3910 et
1659 3855 1755 3910 volun·

64 3944 204 4017 ἀκρασίαν
222 3959 269 3999 eos
287 3949 387 4009 tentem
412 3961 588 4017 nequaquem
608 3946 714 4005 tamdiu
733 3964 779 4003 eos
797 3966 815 4004 a
833 3967 897 4005 con·
924 3952 1001 4008 tsriis
1022 3949 1144 4021 corporis
1162 3946 1366 4019 'pollutionibus
1385 3944 1515 4014 abstinet,
1539 3949 1624 4014 atque
1646 3942 1755 3999 interim

60 4029 154 4103 jugali
174 4030 337 4085 commercio
359 4029 500 4086 abstinere
518 4032 669 4103 praecipit,
684 4034 772 4089 donec
789 4035 897 4093 adulte·
908 4044 912 4075 1
924 4044 1045 4094 mentem
1061 4033 1190 4092 sordibus
1207 4032 1353 4089 libidinum
1372 4030 1544 4102 inquinatam
1561 4030 1635 4101 gerit
1660 4044 1695 4085 ac
1713 4029 1754 4082 in·

62 4117 136 4171 rium
170 4114 356 4185 committant,
400 4117 450 4171 sed
486 4116 509 4173 si
551 4124 664 4191 propter
705 4121 826 4177 ustiones
863 4140 896 4177 ac
923 4123 1029 4180 cendiis
1055 4128 1084 4179 et
1111 4120 1228 4177 flammis
1254 4116 1470 4174 incontinentiae
1493 4115 1656 4189 gravissime
1680 4115 1755 4170 intus

60 4203 227 4276 grentatem
262 4202 445 4258 tentationum
490 4204 644 4275 periculum
680 4206 809 4263 adulterii
843 4208 896 4264 sibi
923 4210 1021 4273 uritur,
1039 4208 1089 4264 sed
1112 4205 1283 4263 continentie
1306 4203 1356 4259 illa
1382 4202 1557 4258 sanctitatem
1581 4200 1703 4274 corporis
1721 4216 1754 4254 aa

63 4289 207 4344 imminere
242 4287 417 4360 intelligunt,
459 4294 526 4346 tune
563 4309 610 4347 eos
645 4292 706 4347 vult
740 4294 769 4349 in
806 4301 895 4350 torum
923 4296 1036 4369 spiritus
1048 4294 1249 4366 complectitur.
1288 4290 1415 4360 litionis
1428 4289 1524 4343 uritur
1537 4287 1644 4356 (scribit
1655 4286 1753 4344 Rene.

61 4375 239 4448 conjugalem
256 4375 364 4431 reverti.
394 4380 420 4431 5.
438 4378 484 4431 Ec
502 4378 622 4433 absurdi
637 4381 834 4437 consecutione.
866 4382 895 4438 Si
922 4384 1087 4440 lambertus
1111 4380 1140 4435 iu
1165 4379 1251 4451 praei.
1276 4377 1340 4432 libri
1360 4376 1394 4431 de
1413 4376 1543 4447 conjug),
1564 4393 1622 4446 pro
1640 4374 1755 4428 incuria

59 4462 269 4532 perustionem
294 4460 400 4531 flagitia
424 4467 453 4515 et
477 4463 656 4520 murtationes
677 4471 804 4521 externas
825 4440 1017 4547 dun-icoram
1035 4470 1100 4521 Dec
1118 4472 1303 4537 comparator,
1328 4463 1554 4534 quandoquidem
1578 4462 1614 4515 de
1638 4458 1756 4515 internis

60 4554 139 4602 mat
162 4546 330 4618 intelligeret
352 4546 509 4618 apostolus,
531 4553 592 4602 turn
615 4551 733 4606 externis
760 4552 908 4609 deamat}
922 4556 1040 4610 maxime
1051 4554 1169 4624 jesdicat
1187 4553 1268 4607 Deus
1286 4557 1313 4605 et
1330 4551 1365 4603 nh
1382 4550 1475 4603 animo
1492 4548 1623 4601 uniuersa
1634 4546 1755 4601 metitur.

59 4633 175 4705 flagitiis
193 4633 344 4689 remedium
369 4633 481 4705 aliquod
498 4635 700 4705 proposuisset,
725 4638 773 4692 sed
797 4639 832 4693 de
850 4656 892 4693 sa·
905 4612 908 4727 Ξ
921 4642 1072 4697 Mulierem
1090 4646 1146 4692 tnm
1157 4655 1213 4692 non
1230 4636 1383 4705 tmspebam,
1399 4636 1450 4688 sed
1462 4635 1503 4687 ad
1512 4634 1584 4703 guid
1593 4633 1671 4699 baec,
1688 4632 1755 4684 dam

60 4720 162 4775 nandis
188 4719 329 4775 hominum
356 4720 584 4774 incontinentium
609 4720 755 4777 affectibus
779 4724 949 4791 internis-fin
975 4724 1199 4794 concupiscentia
1221 4721 1368 4777 mulierum
1386 4720 1465 4773 n'nit
1501 4719 1567 4773 Scio
1592 4735 1643 4786 epo
1661 4717 1754 4771 certin-

60 4824 161 4880 parum
179 4806 278 4862 fuisset
294 4805 433 4875 solicitus,
461 4806 535 4878 qnod
552 4805 710 4863 absurdum.
756 4809 789 4862 Ut
815 4812 893 4865 vultu
919 4813 996 4881 sime,
1025 4812 1102 4882 quod
1125 4810 1174 4863 nri
1200 4809 1237 4861 eit
1264 4806 1455 4861 detestabilius
1480 4822 1514 4859 ac
1539 4805 1651 4876 turpius
1668 4819 1753 4872 quam
1767 4815 1821 4859 xvi.
1835 4816 1867 4859 tte.

59 4910 146 4963 saepe
172 4893 300 4948 laeditur
327 4893 434 4963 pietas,
466 4892 505 4946 sic
535 4891 638 4947 affectu
664 4910 748 4964 saepe
775 4894 894 4952 laeditur
920 4897 1022 4965 omnia,
1041 4911 1113 4966 qnae
1130 4893 1304 4963 inconjnpio
1318 4892 1447 4945 accidere
1460 4896 1587 4961 possunt.
1613 4888 1752 4943 Lutberus

59 4979 183 5036 castitas.
212 4978 296 5033 Absit
310 4979 403 5050 igitur,
422 4983 454 5032 ut
465 4978 626 5049 cogitemus,
640 4980 795 5051 apostolum
807 4981 835 5036 in
847 4982 892 5039 de·
904 4972 907 5011 ¹
920 4984 949 5038 in
968 4981 1052 5053 epitb.
1075 4987 1096 5037 l.
1116 4980 1178 5036 Cor.
1198 4985 1221 5036 1.
1240 4977 1260 5033 f.
1279 4983 1337 5033 335.
1367 4978 1401 5033 ὅ.
1415 4976 1498 5043 tituli
1509 4976 1585 5032 illoti
1603 4975 1666 5043 mut
1680 4975 1751 5045 gtilt·

59 5066 186 5121 finitione
212 5064 355 5137 virginalis
379 5064 566 5121 continentiae
591 5070 699 5121 tantum
725 5067 761 5122 ds
786 5068 966 5139 actibnssiidp
985 5069 1039 5124 unb
1068 5068 1132 5133 onie
1148 5069 1211 5136 erre
1235 5063 1385 5133 badenim
1406 5062 1514 5131 maten,
1540 5060 1679 5128 brennica
1703 5061 1753 5125 bct

59 5152 182 5209 externis
200 5157 229 5207 et
256 5169 312 5207 non
336 5151 417 5206 simul
441 5151 475 5207 de
501 5151 648 5207 affectibus
670 5153 786 5209 internis
804 5154 894 5215 eidem
922 5153 1065 5210 tentent
1093 5150 1317 5223 buetrenton,
1347 5150 1391 5205 brt
1418 5156 1472 5203 butt
1490 5150 1586 5217 betttn
1612 5148 1672 5217 131111
1697 5150 1751 5203 uttb

59 5239 282 5312 repugnantibus
306 5239 472 5294 mentionem
497 5238 603 5296 iecisse.
650 5242 676 5295 6.
700 5240 747 5295 En
773 5240 992 5301 nommetur
1009 5239 1095 5310 11111111
1111 5240 1171 5295 trit
1197 5247 1249 5294 bon
1269 5236 1389 5294 {iitlbtrrt
1412 5234 1539 5304 11111111ίά1
1565 5234 1674 5303 tutbilt,
1698 5234 1752 5288 uttb

58 5326 256 5396 explicatione,
275 5325 421 5380 videantur
442 5324 613 5395 Epiphanius
630 5324 705 5382 haer.
724 5332 765 5382 61.
779 5314 909 5407 Ambra-i
922 5326 987 5396 nisbt
1007 5326 1059 5393 ber,
1078 5325 1104 5393 lo
1120 5334 1174 5381 bon
1185 5324 1306 5381 illidbttn
1323 5322 1368 5391 lidi
1386 5320 1514 5390 interlidp
1533 5319 1665 5390 mtbotten
1680 5317 1752 5385 arui,

60 5416 119 5469 sins
137 5413 167 5467 in
184 5428 282 5467 comm.
304 5417 327 5467 1.
340 5410 401 5466 Cor.
416 5417 438 5467 1.
453 5409 638 5482 Hieronymus
653 5429 697 5484 ep.
713 5412 750 5467 ad
762 5411 895 5469 Eustoch.
921 5412 975 5467 unt
994 5411 1052 5481 tud)
1071 5409 1201 5479 irruentia
1219 5409 1257 5465 im
1273 5411 1368 5478 benten
1386 5406 1467 5462 botta
1485 5405 1545 5475 11οῇ
1562 5407 1615 5460 unt
1634 5402 1703 5460 iirbs
1721 5416 1752 5471 pu

60 5500 237 5571 Augustinus
256 5497 292 5554 de
310 5497 408 5569 virgin.
431 5514 454 5553 c.
475 5503 516 5554 11.
533 5497 672 5556 Theodor.
692 5498 782 5558 (ileos.
801 5499 895 5558 ordin.
922 5498 970 5554 ben
993 5497 1114 5555 11111111
1142 5498 1229 5569 ledet,
1256 5498 1324 5551 bron
1339 5498 1390 5551 bot
1408 5494 1439 5563 111
1458 5494 1498 5549 ein
1515 5491 1643 5564 prumtis,
1672 5488 1753 5559 britto

59 5594 91 5645 et
108 5585 198 5642 interl.
216 5584 243 5641 d.
261 5584 280 5643 l,
920 5583 1062 5657 1111111111
1082 5593 1131 5642 tot
1150 5584 1194 5640 bet
1209 5582 1278 5639 1111
1289 5582 1393 5653 imant
1402 5581 1457 5637 uni
1475 5587 1525 5635 eos
1542 5577 1612 5635 ortt
1623 5576 1751 5645 onusta,

1863 5652 1902 5664 ..Δ-ι
