4020 6022
864 286 915 345 DE
935 287 1132 349 CONJUGIO.
1579 362 1584 370 ,
1781 306 1842 367 243

150 448 288 509 secutam,
314 448 445 497 constans
463 450 504 498 est
522 448 643 499 veterum
664 444 815 507 sententia,
839 440 1073 513 Mosaicaeisnnt
1096 464 1152 500 non
1175 449 1345 517 voluptarius
1365 452 1494 519 corpor-ir
1518 454 1648 523 nonina,
1680 457 1732 507 sed
1748 454 1843 507 nolun-

143 526 274 582 historiae
292 528 471 598 descriptioni
489 533 690 597 consentanea,
716 529 789 582 unde
807 522 1091 599 Augustinus'tariie
1122 536 1267 604 affectibus
1297 538 1455 590 animorum
1483 543 1535 592 otc.
1585 540 1705 594 Isidorus
1730 540 1792 595 libr.
1818 548 1843 595 9.

143 613 190 667 lib.
213 619 235 672 l.
257 614 291 668 de
311 614 382 670 Gen.
408 622 494 669 contr.
524 615 644 669 Manich.
671 633 696 669 e.
720 624 758 671 ttr.
784 596 1157 695 corrumpam-{etymolog
1187 637 1212 677 c.
1244 628 1271 676 t:
1310 624 1449 692 Coujrrper
1484 626 1578 679 uerius
1609 626 1792 695 appellantur
1824 645 1843 679 n

143 709 215 753 tates
248 709 273 754 et
305 703 520 754 rurensitndines
555 720 586 755 eu
613 710 729 770 praerato
756 711 781 754 et
806 712 892 755 morte
915 706 1101 791 pro-{prium
1120 709 1346 775 desponsationis:
1363 712 1428 779 fide,
1449 712 1576 779 queraris
1591 712 1684 763 adbuc
1698 713 1844 780 iprroretnr·

138 788 258 853 fluxisse
278 787 382 842 scribit.
416 788 493 841 lntcr
506 788 661 856 Josepluun
679 797 705 841 et
720 789 848 842 illuriani
866 798 980 842 matrem
993 830 995 853 ,
1007 790 1081 842 inter
1099 808 1146 843 eos
1159 795 1317 861 corijnpaiiu
1333 797 1500 859 concubitus,
1519 812 1591 867 quae
1604 796 1738 867 pleraque
1750 797 1841 851 omnia

145 872 256 927 Domini
274 873 329 928 luit
346 891 442 928 verum
464 873 679 943 matrimonium,
697 875 822 945 quamvis
842 874 981 944 dosephus
992 866 996 939 l
1007 875 1163 945 allegantur
1181 896 1198 931 a
1216 878 1350 935 Gratiano
1369 882 1385 937 l.
1406 881 1432 934 d.

143 975 204 1011 eam
232 976 287 1013 non
311 962 473 1031 cognoverit
491 959 591 1015 llattlr.
623 967 651 1029 i,
676 978 701 1014 v.
727 965 768 1018 25.
805 961 995 1031 Augustinus.

144 1044 191 1097 lib.
211 1050 234 1100 2.
256 1045 430 1102 deconsens.
461 1064 560 1117 evang.
579 1064 605 1104 c.
626 1051 652 1101 l:
685 1047 750 1100 Non
775 1055 835 1099 erret
853 1049 918 1114 scis,
950 1030 995 1099 utl

143 1131 178 1181 ob
208 1131 259 1184 iroc
289 1148 351 1185 enar
377 1132 551 1201 (doscplrum)
569 1151 588 1184 a
612 1133 746 1201 conjugio
766 1133 881 1186 Mariae
899 1150 979 1200 sepn-

142 1219 266 1269 randnm
290 1226 405 1286 putaret
442 1220 630 1287 eeonpelista,
658 1222 735 1287 quod
767 1236 822 1271 nou
861 1236 894 1270 er
918 1219 980 1287 ejus
1255 1238 1276 1297 ο
1295 1238 1321 1297 Δ
1340 1239 1364 1298 P
1385 1239 1456 1298 ΠΤ
1492 1240 1595 1301 VH·

142 1304 303 1367 nonnullius,
330 1308 383 1358 sed
409 1306 489 1373 oirpo
517 1305 628 1373 peperit
650 1305 800 1372 Christum,
830 1304 881 1357 lroc
907 1305 979 1355 enirn
1835 1372 1838 1377 Ι

143 1390 269 1455 erernplo
293 1391 441 1457 mopnifice
466 1393 627 1444 irrsiunatur
650 1391 781 1454 fideliinrs
812 1390 978 1457 earrjuputis,
1048 1391 1113 1455 DE
1140 1391 1265 1460 CAUS
1275 1396 1304 1457 Α
1327 1395 1512 1460 FINALI
1536 1396 1794 1463 CONJUGH·

143 1474 227 1526 etiarn
250 1486 363 1530 seruato
385 1477 456 1546 puri
478 1494 614 1531 aorisensn
631 1478 802 1530 continentia
820 1492 899 1543 passe
916 1491 978 1542 per·

144 1578 257 1613 rnarnue
275 1563 426 1629 vocarique
444 1564 606 1631 conjugium
624 1582 680 1615 non
694 1562 833 1631 perrniuto
852 1561 994 1631 carpensi
1039 1565 1099 1615 415.
1137 1560 1264 1615 Diximus
1289 1566 1415 1633 superius
1438 1584 1461 1620 c.
1481 1573 1504 1620 2.
1525 1563 1553 1638 ξ.
1576 1570 1615 1620 tl.
1645 1585 1677 1619 ex
1696 1566 1923 1636 primaevrcsun

142 1663 218 1705 seen,
236 1650 290 1699 sed
308 1649 446 1701 custodito
464 1650 564 1702 ruentia
582 1652 690 1718 riperta.
737 1648 813 1702 ldem
834 1646 881 1701 lib.
902 1653 923 1702 i.
941 1647 976 1700 dc
991 1638 1129 1727 {conjugii
1150 1647 1322 1701 institutione
1336 1658 1391 1701 tres
1404 1667 1503 1704 sarisas
1515 1668 1596 1720 posse
1609 1652 1711 1722 colligi,
1727 1658 1839 1722 propter
1852 1623 1961 1723 iiiiiiru

144 1739 222 1800 nupt.
253 1738 281 1786 et
308 1751 424 1805 concup.
452 1751 476 1793 c.
510 1742 554 1790 ll:
587 1737 673 1788 (inrue
698 1734 860 1803 nuptiarum
881 1730 1078 1801 horrurn¹quas
1118 1733 1273 1803 conjugalis
1312 1735 1429 1789 societas
1463 1738 1594 1791 divinitus
1631 1746 1674 1792 est
1704 1738 1838 1793 instituta.

142 1818 287 1886 impletum
303 1828 343 1873 ur
360 1808 398 1873 iri
406 1821 467 1873 iltis
476 1822 643 1890 parentibus
659 1821 771 1887 errori,
784 1822 863 1885 fictus,
873 1818 979 1887 proles,
1006 1817 1100 1871 Prima
1130 1825 1172 1873 est
1194 1822 1373 1892 ¹ries-eunitae,
1417 1840 1488 1892 quiae.
1519 1826 1660 1878 concernit
1691 1823 1837 1879 liberorum

142 1914 359 1961 undamentum.
379 1907 692 1973 Proierneirpnoucr'nnre
705 1908 797 1975 ipsum
810 1905 980 1968 Dorninum;
1006 1905 1213 1975 generationem
1246 1914 1274 1960 et
1302 1909 1412 1977 generis
1449 1910 1561 1963 hnmani
1601 1913 1837 1981 propagationem.

143 1992 237 2059 tidem,
257 1993 324 2059 qrria
344 1994 451 2045 unlinrn
471 1995 664 2062 ‹ututur-inin,-
683 1999 894 2059 surmruronturn,
912 1991 1135 2059 qniu.b'ecunda
1165 1999 1207 2045 est
1238 1993 1360 2053 utilitas,
1393 2012 1465 2065 quae
1490 1997 1682 2066 complectitur
1712 2006 1837 2052 mutuum

142 2077 253 2127 nrdlrnn
279 2078 438 2130 ‹tinortiurru
491 2079 576 2131 Solus
602 2080 641 2132 iln'
657 2079 795 2147 nuptiatis
819 2078 978 2130 concreditus
1006 2076 1187 2146 adjutorium,
1214 2080 1288 2148 quod
1315 2082 1447 2152 conjuges
1475 2083 1528 2137 sibi
1556 2084 1672 2137 invicem
1697 2091 1838 2154 praestare

141 2179 197 2213 nen
216 2164 284 2225 suit,
314 2165 381 2231 qnia
412 2166 442 2215 in
461 2182 545 2217 corrue
562 2165 677 2232 peccati
700 2164 765 2227 sieri
787 2181 843 2217 uon
862 2172 977 2232 poterat
1005 2162 1109 2217 delient
1139 2181 1194 2217 non
1226 2166 1314 2219 solum
1347 2167 1375 2219 in
1399 2170 1456 2221 nitu
1481 2169 1571 2235 cirili,
1604 2172 1631 2223 in
1663 2188 1691 2223 re
1710 2170 1838 2225 familiari

140 2248 201 2300 sine
223 2250 361 2316 pusterula
384 2250 609 2316 concupiscentia
634 2250 745 2318 carnis,
777 2267 847 2317 pirae
871 2250 975 2303 accidit
1005 2250 1130 2317 paranda
1150 2257 1178 2303 et
1197 2252 1339 2321 augenda,
1369 2254 1397 2305 in
1417 2254 1512 2307 liberis
1530 2256 1698 2323 educandis,
1733 2256 1761 2309 in
1789 2256 1836 2311 ad·

142 2350 176 2386 ea
191 2342 321 2403 przecato,
345 2336 405 2388 sine
430 2352 486 2403 quur
514 2336 744 2406 corripiuntur,
770 2335 895 2403 quisine
914 2352 977 2403 pec·
1005 2337 1091 2389 versis
1117 2335 1281 2401 tolerandis,
1315 2338 1464 2393 sedetiam
1492 2343 1519 2393 in
1537 2326 1596 2395 rritu
1615 2343 1777 2410 spirituali,
1809 2342 1837 2396 in

142 2428 207 2473 ecto
223 2420 341 2485 fatumia
361 2429 431 2475 erat.
474 2423 501 2472 3.
523 2422 569 2473 Eu
583 2423 662 2489 juris
689 2422 780 2474 ciuilis
805 2430 831 2473 et
849 2423 980 2475 canonici
1006 2422 1134 2492 precibus
1160 2423 1267 2476 scilieet
1292 2434 1321 2478 et
1342 2425 1453 2495 pietatis
1481 2427 1625 2481 exercitiis.
1673 2428 1769 2482 'Perua
1794 2437 1838 2483 cst.

142 2507 292 2559 <tennione
344 2504 377 2559 ln
397 2507 462 2575 jure
484 2506 557 2559 civili
580 2507 698 2561 traditur
717 2522 846 2576 expressa
863 2506 977 2577 regula:
1006 2509 1146 2577 ninni'un,
1173 2526 1244 2578 <puae
1266 2510 1376 2579 respicit
1397 2511 1588 2565 suavissimum
1606 2530 1639 2567 ac
1658 2513 1836 2569 familiarissi-

143 2593 269 2660 antias
283 2609 340 2644 non
358 2592 531 2656 eorrcrdn'tue,
559 2594 611 2645 sed
631 2609 780 2645 eorrsensns
799 2594 872 2656 (iacit
897 2593 915 2648 l.
936 2598 977 2647 3⁰.
1006 2611 1080 2647 nrum
1107 2596 1158 2648 viri
1177 2608 1209 2648 ac
1228 2596 1349 2649 mulieris
1373 2599 1540 2652 consortium
1570 2608 1598 2653 et
1617 2599 1763 2655 insolubile
1781 2600 1837 2656 soe-

143 2678 172 2731 ff.
202 2679 236 2733 de
270 2679 304 2733 R.
335 2678 363 2733 d.
402 2679 467 2731 Non
500 2679 598 2741 coitra,
629 2680 680 2730 sed
695 2679 839 2731 maritalis
867 2680 978 2747 effodio
1006 2679 1078 2733 deris
1103 2682 1258 2752 conjugalis
1284 2683 1430 2737 vinculum.
1468 2685 1514 2737 Ad
1540 2703 1609 2754 qnos
1627 2684 1696 2739 fines
1722 2684 1750 2738 in
1770 2686 1838 2757 ipsis

10 2777 57 2816 xv.
74 2775 128 2815 aaa
143 2766 352 2817 niatrnnoniarn
381 2765 456 2827 fucit
489 2763 506 2816 l.
538 2780 600 2817 curn
632 2764 677 2817 hic
708 2773 797 2819 status
828 2770 869 2819 32.
899 2762 925 2838 ξ.
955 2764 977 2817 si
1005 2767 1214 2820 ‹tumultationis
1242 2767 1351 2821 divinae
1370 2769 1461 2822 verbis
1479 2788 1621 2840 expressos
1641 2779 1704 2841 post
1730 2772 1836 2842 lapsum

142 2850 249 2907 mulier.
275 2851 310 2905 de
333 2851 426 2903 donat
446 2850 518 2904 inter
538 2851 588 2903 vir.
609 2857 637 2905 et
657 2868 732 2906 uxor.
765 2852 925 2920 cumprimis
943 2850 978 2903 ad
1005 2853 1122 2905 successit
1138 2858 1266 2922 quartus,
1296 2854 1342 2922 qni
1364 2863 1405 2907 est
1425 2859 1611 2926 ‹ici-rusorum,
1641 2858 1714 2927 quod
1742 2859 1836 2928 conju·

143 2939 215 2993 hanc
229 2956 288 2993 rem
304 2937 434 2992 notabilis
452 2945 494 2992 est
510 2945 602 2991 textus
627 2939 656 2991 in
680 2939 697 2991 l.
717 2938 769 2993 Oui
787 2938 878 2993 luerit.
896 2938 925 2989 ff.
945 2938 979 2993 de
1005 2938 1081 3007 giunr
1107 2942 1149 2991 est
1176 2939 1307 2992 adversus
1334 2939 1462 2994 libidines
1489 2943 1647 2998 remedium.
1691 2950 1709 2997 Ι.
1729 2944 1792 2999 (ior.
1812 2950 1837 3012 Ί,

141 3026 246 3080 condit
266 3032 294 3079 et
311 3025 475 3082 demonstr:
507 3026 560 3079 Oui
570 3018 665 3091 suiru
683 3028 734 3078 snb
749 3027 801 3078 liae
821 3026 978 3078 seruditione
1006 3043 1028 3079 v.
1049 3031 1073 3079 2.
1121 3025 1295 3093 Augustinus
1325 3025 1372 3079 lib.
1404 3034 1427 3080 9.
1462 3029 1497 3080 de
1529 3028 1629 3083 Genes.
1661 3028 1696 3081 ad
1729 3029 1836 3083 literam

141 3113 285 3180 lepaturn,
311 3112 337 3163 n·
359 3113 389 3163 in
401 3111 524 3178 familia
542 3114 694 3181 respuisset,
725 3114 837 3165 uidetur·
865 3112 978 3180 impletu
1004 3127 1030 3165 c.
1054 3117 1077 3163 i.
1098 3110 1159 3163 libr.
1181 3118 1205 3164 2.
1226 3111 1260 3164 de
1279 3119 1384 3180 peceat.
1403 3113 1472 3183 orig.
1489 3130 1512 3168 c.
1531 3120 1572 3168 39.
1585 3114 1647 3167 libr.
1670 3120 1691 3168 i.
1706 3114 1739 3167 de
1758 3124 1836 3187 nupt.

143 3198 271 3251 corrditr'o
288 3198 493 3266 inliniturque
512 3200 596 3251 duaa
614 3207 654 3251 est
675 3217 754 3261 uuor,
775 3199 976 3266 nieoruoisnon-
1003 3204 1031 3248 et
1049 3197 1207 3265 concupisc.
1235 3213 1258 3251 c.
1289 3202 1327 3251 lt.
1355 3205 1383 3251 et
1408 3198 1474 3251 alibi
1504 3199 1605 3268 passim
1633 3201 1687 3253 tria
1713 3200 1837 3271 conjugii

143 3290 211 3337 duur
230 3286 261 3336 in
279 3286 435 3338 cadiarlunr
454 3286 553 3339 rnuriti
570 3288 683 3355 venerit,
697 3287 812 3355 nuptiae
831 3287 903 3337 eninr
921 3304 976 3337 nou
1002 3281 1075 3335 bona
1094 3288 1233 3336 numerat:
1285 3288 1305 3334 l.
1326 3283 1424 3335 dorrruu
1439 3285 1526 3353 Jidei,
1545 3286 1610 3355 quia
1629 3288 1763 3356 conjuges
1785 3288 1833 3340 ob·

142 3371 311 3434 conciditur,
330 3374 383 3424 sed
402 3390 550 3424 eonwnsns
567 3374 649 3436 facit.
688 3368 718 3425 ld
736 3373 826 3441 ipsum
844 3371 977 3441 repetitur
1004 3368 1124 3437 ligantur
1142 3368 1177 3421 ad
1190 3369 1310 3422 debitam
1326 3370 1562 3439 berrcrolentianr,·
1581 3381 1607 3424 2.
1623 3373 1722 3424 burrum
1734 3373 1836 3441 prolis,

143 3458 172 3511 in
194 3459 261 3527 jure
279 3458 412 3512 canonico
430 3475 454 3512 c.
471 3459 673 3521 matrimonium
700 3464 739 3513 27.
767 3475 795 3527 q.
815 3466 842 3511 2:
873 3458 977 3511 tinui-
1003 3454 1069 3525 quia
1098 3454 1133 3507 ad
1162 3454 1283 3507 sobolem
1309 3457 1495 3524 generandam
1523 3466 1551 3511 et
1575 3458 1722 3511 humanum
1748 3475 1836 3528 genus

143 3546 265 3598 manium
283 3544 431 3609 nonfacit
449 3544 773 3609 interannuntiantem.
811 3562 834 3597 c.
852 3543 978 3599 Sufficiat
1003 3540 1215 3610 propagandum
1248 3541 1429 3608 eorrvnnnnr,
1467 3548 1494 3597 u.
1526 3548 1625 3597 tanniu
1657 3547 1835 3613 sirmonrenti,

142 3647 218 3684 caus.
237 3637 265 3683 et
284 3635 390 3700 quaest.
402 3628 478 3683 iisd:
498 3630 634 3697 Sufficiat
650 3631 727 3683 solas
740 3630 976 3696 eccnndnrniepss
1003 3627 1069 3698 quia
1096 3625 1253 3696 conjugalis
1277 3626 1378 3697 copula
1403 3637 1445 3682 est
1462 3630 1668 3686 irulissolubilis.
1716 3632 1835 3699 Bonum,

143 3733 293 3769 corruamus
312 3732 416 3782 eorrrm,
438 3717 473 3767 de
492 3734 609 3785 quartum
627 3734 779 3786 uum-urnae
797 3734 931 3768 eorrsensu
950 3725 974 3768 et
1004 3714 1081 3781 quod
1098 3714 1213 3780 rnrptiae
1232 3712 1347 3779 irrident,
1367 3714 1472 3783 inquit,
1492 3725 1533 3768 ert
1552 3716 1737 3783 tripartitum,
1750 3720 1835 3786 fiilia

143 3802 384 3871 conjunctiorn'bus
402 3802 507 3869 apitnr,
536 3804 711 3870 auricularii
723 3804 858 3869 (insercuit,
884 3809 976 3854 cetero
999 3799 1104 3867 prolis,
1125 3808 1337 3850 sacramentnm.
1372 3800 1406 3850 In.
1421 3803 1655 3869 firleattenditnr,
1676 3818 1709 3852 ne
1718 3811 1835 3870 praeter·

141 3890 228 3944 etiarn
245 3907 307 3942 crem
325 3889 388 3957 r'prso
405 3888 479 3941 coitu
496 3890 636 3943 celebrata
655 3891 840 3952 frustrantur.
888 3893 912 3943 4,
931 3889 976 3940 En
1002 3885 1141 3938 uinculum
1168 3885 1317 3952 corrp'upalo
1340 3903 1400 3937 arun
1418 3888 1509 3937 ‹ulter-o
1532 3888 1574 3939 rei
1594 3888 1687 3939 alteru
1710 3906 1832 3940 currerim·
1849 3898 1894 3938 xv.
1907 3898 1951 3939 rur.

141 3984 265 4031 veremur
280 3982 397 4046 patrum
416 3976 618 4043 testificatione.
655 3974 819 4029 Ambrosius
838 3974 872 4028 de
891 3974 977 4030 instit.
1002 3973 1099 4033 botru,
1129 3972 1159 4023 r'n
1179 3969 1278 4038 prole,
1306 3978 1333 4021 ut
1353 3980 1479 4024 (irruenter
1504 3974 1688 4040 suscipiatur,
1719 3974 1834 4041 benipuc

145 4064 217 4133 virg.
238 4078 262 4115 c.
282 4067 313 4115 o:
325 4063 506 4130 Desponsata
524 4064 584 4114 uiro
603 4063 733 4131 conjugis
752 4078 849 4114 nornen
861 4062 976 4131 aceepit.
1002 4059 1151 4121 nutriatur,
1171 4058 1303 4124 relipioee
1321 4059 1474 4125 intuuntur-,2
1490 4058 1521 4111 iu
1540 4066 1715 4111 srtcrnruenta
1734 4067 1835 4124 aarum,

142 4150 212 4203 Citra
233 4148 307 4200 enim
326 4148 456 4200 initiatur
473 4149 642 4217 conjugium,
660 4157 724 4200 tuuc
740 4148 867 4215 eorrjnpii
880 4164 976 4200 nornen
1001 4154 1032 4197 ut
1051 4144 1213 4212 curalupi-run
1229 4162 1285 4195 non
1303 4153 1449 4212 stiparetur
1468 4152 1493 4196 et
1511 4145 1644 4198 dirrrissus
1672 4153 1696 4196 et
1715 4145 1834 4198 dimissa

141 4234 324 4287 niueisciun.
369 4234 436 4285 Non
454 4233 526 4286 eninr
547 4235 697 4301 defloratio
715 4234 885 4301 uirginitatis
904 4233 977 4296 facit
1002 4250 1051 4284 uec
1071 4248 1158 4282 currina
1172 4230 1265 4298 prolis
1283 4230 1370 4281 alteri
1386 4230 1580 4299 corrjuuyatur.
1617 4232 1697 4283 Haec
1717 4238 1757 4282 eut
1775 4240 1834 4282 tan·

141 4320 318 4389 conjnfflnm,
349 4322 402 4372 aed
428 4320 527 4387 pactio
556 4320 725 4389 eorijupulis.
764 4320 892 4386 Denique
915 4338 974 4372 euni
1003 4335 1086 4386 quirun
1105 4315 1206 4383 rapula
1224 4315 1395 4384 riuptiarurn,
1410 4334 1466 4383 (prou
1484 4317 1528 4369 cel
1545 4325 1663 4369 naturae
1685 4318 1835 4369 ‹lacoratur

135 4407 272 4475 janpitnr
285 4406 394 4474 puella,
413 4405 574 4473 coninpium
594 4414 650 4469 est,
673 4423 728 4458 uon
749 4423 810 4456 earn
827 4406 908 4457 uirili
923 4408 976 4457 rsrl·
1001 4403 1180 4467 foecunditas
1217 4402 1260 4454 rel
1294 4402 1509 4454 incontinentiae
1552 4405 1659 4471 rapitur·
1692 4404 1834 4470 pronitas.

143 4493 276 4546 mistione
297 4493 481 4560 capnoscitur.
535 4491 747 4561 chrysostomus
765 4490 857 4544 homil.
886 4496 921 4546 to.
948 4492 975 4544 in
1003 4490 1080 4543 Haec
1095 4488 1246 4559 Augustini
1265 4488 1401 4541 sententia
1419 4488 1556 4559 allegatur
1576 4490 1603 4543 in
1619 4491 1682 4559 jure
1702 4488 1835 4542 canonico

143 4579 258 4637 Mutia:
276 4580 372 4633 Omnis
389 4596 442 4645 ras,
456 4595 511 4648 per·
528 4594 705 4645 plerarumque
724 4594 824 4629 currens
843 4578 977 4642 innuitur,
1002 4592 1024 4628 c.
1062 4576 1162 4628 Omnes
1190 4580 1232 4629 27.
1260 4591 1287 4644 q.
1313 4583 1337 4630 2.
1364 4582 1392 4627 ct
1420 4575 1590 4644 approbatur
1617 4594 1634 4627 a
1659 4574 1781 4628 liuthero
1807 4574 1835 4628 in

140 4682 194 4734 per
224 4666 338 4719 inuitem
363 4665 535 4717 dissolvitur.
586 4663 801 4716 Munimentum
828 4664 900 4713 enirn
921 4680 975 4713 rron
1003 4679 1026 4714 c.
1048 4668 1086 4714 12.
1106 4660 1207 4714 Genus.
1233 4668 1297 4713 torn.
1325 4668 1348 4714 o.
1379 4660 1583 4731 Witebergcns.
1607 4679 1635 4729 p.
1663 4667 1717 4714 lor.
1749 4678 1832 4730 quarn

141 4752 215 4816 fucit
233 4751 340 4820 coitus,
359 4752 411 4803 scd
426 4750 570 4818 uoluntas,
596 4757 621 4801 et
641 4750 706 4802 idua
725 4768 780 4801 non
800 4749 882 4801 nulrit
902 4748 978 4799 iilud
1006 4747 1165 4800 canonistas·
1179 4746 1261 4798 latius
1274 4746 1416 4800 deducunt
1428 4754 1455 4800 et
1464 4747 1579 4800 cuilibet
1592 4747 1687 4799 horum
1703 4747 1834 4801 bonorum

141 4839 290 4907 separat-io
308 4837 445 4905 camora,
462 4837 514 4888 sed
530 4836 694 4900 voluntatis,
717 4837 780 4889 idco
800 4835 849 4903 qni
861 4833 976 4886 dimittit
1005 4834 1058 4887 tria
1088 4832 1218 4901 specialia
1248 4832 1322 4884 bona
1353 4832 1502 4903 assignant.
1558 4834 1667 4885 lionrun
1687 4834 1781 4901 pirolis
1799 4834 1836 4886 'in

143 4925 292 4993 conjugem
310 4940 390 4975 snam
409 4929 433 4973 et
452 4922 541 4975 aliurn
558 4921 735 4989 rrorruecipr't,
754 4922 845 4973 autin:
860 4922 977 4972 rrrorr'tus
1003 4918 1133 4989 conjugio
1160 4924 1286 4971 statuunt
1310 4938 1369 4971 esse
1393 4918 1507 4986 triplex.
1536 4928 1555 4973 Ι.
1579 4921 1647 4987 ‹pria
1674 4920 1754 4987 parit
1771 4922 1835 4973 Deo

143 5018 198 5074 ent,
227 5028 295 5062 nam
313 5010 365 5061 etsi
380 5026 498 5078 corpore
518 5017 667 5075 separatus
691 5016 746 5077 est,
775 5016 866 5061 tarne-n
885 5008 977 5059 (retium
1003 5004 1700 5075 nenos-sturlunquioumcolnntotrere1·entur;
1721 5008 1747 5061 2.
1767 5008 1834 5075 quia

142 5084 285 5151 voluntate
304 5096 468 5163 conjunctus
488 5104 533 5147 eut.
563 5094 737 5163 Augustinus
751 5094 798 5149 lib.
817 5102 836 5149 1.
852 5102 885 5148 de
900 5101 977 5163 nupt.
1001 5093 1114 5162 potr-iun
1130 5091 1209 5159 parit
1229 5092 1314 5155 etun,
1340 5091 1386 5160 qui
1406 5108 1464 5143 earn
1484 5090 1609 5161 replent;
1640 5094 1667 5147 3.
1691 5093 1759 5160 quio
1782 5092 1836 5143 sibi

142 5190 173 5239 ct
190 5182 348 5252 concupisc.
367 5198 390 5235 c.
413 5187 451 5235 11.
467 5180 504 5234 ab
522 5180 595 5236 init:
616 5182 720 5244 eritrn
734 5182 844 5249 plaerrit
864 5200 897 5234 er·
916 5201 978 5234 cou-
1001 5181 1081 5248 punit
1099 5179 1203 5231 liberos
1224 5186 1249 5229 et
1267 5179 1391 5244 lnuedrr,
1411 5176 1511 5247 quilius
1526 5177 1632 5231 familia
1649 5184 1834 5231 conservatur.

142 5287 226 5324 serum
247 5271 282 5321 ab
299 5286 352 5320 nur
370 5267 496 5320 carnaiis
515 5268 754 5337 conrnrpiseentiue
766 5268 795 5319 in
810 5276 977 5335 perpetu-nur
1005 5269 1112 5319 llonrun
1121 5264 1197 5333 Jidei
1208 5262 1302 5317 itidem
1325 5263 1424 5331 triplex
1443 5271 1576 5325 statuunt,
1597 5264 1717 5323 ‹urinure
1739 5282 1835 5333 eorpo-

143 5357 306 5421 eontiuere,
333 5355 405 5406 abrit
427 5362 458 5406 nt
483 5355 555 5407 inter
584 5355 651 5407 illos
667 5354 808 5408 uinculum
828 5354 977 5421 eonjupale
1003 5355 1044 5405 ris
1064 5360 1089 5403 et
1110 5350 1270 5404 toneneas.
1316 5350 1434 5401 Anirnnr
1457 5349 1492 5403 ob
1511 5350 1699 5404 fornicationis
1721 5350 1834 5421 fugam

141 5451 306 5513 rrrmpotur,
332 5441 387 5495 iure
409 5443 519 5505 firrnirrs
547 5450 624 5505 erat,
648 5460 701 5510 quo
730 5440 821 5509 nrapis
838 5457 873 5491 ea
890 5448 978 5508 poeto
1005 5440 1132 5507 corpmn'n
1160 5436 1195 5489 ob
1219 5444 1315 5489 mutua
1340 5436 1506 5500 ministeria,
1537 5454 1608 5507 quae
1635 5437 1687 5490 sibi
1718 5437 1834 5491 invicem

141 5547 237 5587 secum
255 5528 386 5593 inierint,
410 5545 481 5595 arene
499 5529 594 5581 carius
621 5527 818 5582 concordi-usne
836 5528 975 5578 serr-undu
1006 5532 1147 5598 praestant
1166 5525 1313 5594 conjuges,
1337 5526 1498 5593 praesertim
1525 5524 1552 5577 in
1575 5524 1708 5576 bonorum
1727 5540 1835 5578 conser-

1421 5629 1477 5683 to*
