4020 6022
893 336 946 391 DE
966 334 1165 392 conluuio.
1838 345 1876 402 59
1897 337 1902 343 ’

177 492 301 561 manis,
314 493 360 547 uel
377 496 445 564 quia
465 496 543 549 deest
562 495 678 548 consdii
695 493 858 554 metumtot.
882 491 927 546 uel
945 489 1012 559 quia
1042 505 1178 546 consensu
1196 497 1348 546 munnam.
1390 490 1420 548 si
1442 490 1594 562 posterius,
1620 489 1819 560 respondemus
1840 489 1878 544 sd

179 578 219 630 ita
235 580 423 647 subjiciuntur
438 581 498 649 filii
510 582 685 650 portatilem,
705 587 737 632 ut
749 580 802 646 jus
819 596 876 632 non
892 578 1014 631 labeant
1040 575 1182 632 minorem.
1205 579 1249 631 ·ln
1266 577 1376 648 legibus
1394 576 1525 632 Moesicis
1540 575 1628 630 Exod.
1647 581 1694 644 21,
1716 593 1741 630 v.
1763 580 1788 630 t.
1808 574 1877 633 Ises.

178 663 213 715 ds
231 671 309 717 statu
323 665 399 718 uitas
410 681 479 718 suas
491 665 669 734 disponendi.
701 665 828 718 Primum
840 664 900 717 dici
910 663 1014 731 nequa,
1041 666 1083 725 25,
1102 680 1128 719 v.
1140 668 1181 719 44.
1202 663 1313 719 domiuo
1327 665 1410 719 datur
1423 669 1547 734 potestas
1559 679 1639 719 servo
1657 679 1770 718 uxorem
1783 659 1878 716 dandi.

179 749 247 815 ausa
265 757 330 802 tunc
355 749 440 802 ctiam
463 766 525 802 cum
545 757 697 817 pas-smum
721 766 855 803 commen
881 748 1014 817 conjugio
1043 745 1121 800 idem
1152 748 1281 818 congruit
1306 748 1416 819 legibus
1447 748 1584 805 civilibus.
1637 748 1731 803 Licuit
1759 745 1879 801 dominis

178 850 234 886 non
261 843 366 903 ussum
388 852 438 888 nso
459 836 625 902 secundum,
651 836 720 904 quia
742 837 784 888 aa
806 833 1015 888 matrimonium
1041 848 1093 901 pro
1121 832 1239 888 arbitrio
1268 834 1381 903 nuptias
1409 833 1564 889 distmbare
1591 849 1626 888 ac
1655 832 1787 888 divellere
1814 847 1877 886 cum

179 920 400 974 mntratendum
427 939 483 976 aon
513 921 634 991 anigitur
667 921 826 974 nsomsario
863 919 1015 973 maturitas
1041 917 1127 972 servis
1147 919 1207 973 sine
1223 918 1346 988 ipsorum
1365 918 1603 976 consensuinitas.
1628 918 1804 976 lastinianus
1815 917 1842 972 le

179 1007 300 1076 cossam,
318 1009 371 1060 ssd
387 1008 478 1062 solum
497 1025 563 1061 usus
583 1007 668 1062 liberi
684 1007 813 1070 arsum
830 1005 1014 1072 amicalium,
1040 1002 1096 1057 lata
1113 1005 1217 1073 sanxit,
1247 1005 1383 1074 ustassai,
1411 1006 1459 1076 qui
1486 1021 1519 1059 eo
1535 1013 1675 1075 temporo,
1704 1020 1760 1076 que
1791 1002 1835 1060 aa
1869 1003 1875 1015 ¹

179 1092 246 1159 arsia
269 1093 348 1156 filim
370 1092 436 1146 licat
461 1095 544 1162 patri
569 1093 754 1148 obedientiam
779 1098 805 1145 ut
829 1089 1014 1145 etiamtiam
1040 1089 1203 1144 Romanum
1230 1090 1375 1162 imperium
1400 1092 1578 1159 'invaserant
1611 1108 1710 1147 uxores
1741 1091 1879 1163 ingenuas

180 1177 296 1245 mitat,
319 1185 412 1232 missu
438 1181 553 1247 quando
577 1196 657 1232 mum
681 1179 765 1232 liberi
786 1175 900 1230 arbitrii
923 1175 1014 1236 tata,
1043 1174 1194 1245 dumsnn
1212 1177 1249 1231 ad
1268 1177 1393 1232 dominos
1413 1178 1503 1233 redire
1522 1177 1655 1233 deberent
1670 1176 1804 1233 dissoluta
1821 1192 1879 1233 ιιιι·
1986 1182 1996 1203 “

181 1260 314 1316 liberent
337 1271 363 1316 st
380 1264 518 1332 suijuris
540 1265 571 1318 in
593 1265 652 1332 isia,
669 1280 743 1333 qaas
760 1264 802 1316 aa
819 1268 922 1314 statum
940 1260 1015 1313 odae
1041 1260 1178 1317 trimomo.
1209 1262 1385 1319 bombardae
1401 1270 1427 1321 t.
1447 1269 1516 1319 sent
1535 1263 1598 1318 dist
1619 1268 1662 1319 36.
1680 1263 1721 1318 lit
1741 1264 1770 1319 Β.
1791 1262 1880 1319 uddu-

176 1347 336 1418 psrtinsst‚
363 1366 419 1402 non
445 1350 538 1404 mnus
556 1368 640 1419 quam
664 1358 769 1419 pater,
796 1363 884 1417 auare
909 1345 1016 1414 poterit
1044 1345 1083 1401 cit
1099 1362 1233 1403 canonem
1253 1349 1363 1404 concilii
1383 1347 1587 1405 cabilonensis:
1604 1350 1773 1403 Dictumest
1791 1348 1880 1416 uobs's,

179 1433 428 1503 auidempsaoars,
440 1437 507 1488 dum
519 1454 574 1490 non
587 1436 714 1504 sequuta·
723 1433 821 1504 putris
831 1431 1015 1487 directionem
1042 1433 1119 1499 qaod
1141 1434 1259 1501 auidam
1283 1434 1411 1502 lapitima
1435 1451 1577 1489 seruorum
1607 1435 1787 1488 matrimonia
1802 1441 1879 1503 pots·

179 1519 208 1571 in
220 1526 299 1572 ιιαιιι
315 1521 391 1574 odas
408 1521 546 1588 elipando,
564 1530 656 1575 tamen
676 1519 962 1589 amusaeterum
980 1532 1015 1568 uc
1042 1518 1147 1572 statiua
1169 1521 1293 1587 quadam
1316 1522 1527 1590 praesumtione
1552 1520 1688 1574 ἀίιίιιιαιιι
1712 1538 1769 1574 non
1790 1526 1879 1574 uttan·

179 1605 290 1669 iunsum
306 1606 377 1674 erit,
399 1607 468 1675 quia
488 1609 525 1661 ds
546 1623 579 1661 rs
602 1625 663 1671 sua,
681 1623 738 1658 son
755 1606 851 1658 alisna
868 1602 1016 1670 disposuit.
1042 1605 1139 1656 dentes
1164 1605 1257 1658 illuct.-
1293 1605 1379 1679 Quod,
1408 1608 1489 1660 Deus
1517 1606 1678 1679 conjunait,
1709 1606 1789 1660 lamo
1821 1621 1881 1660 non

180 1688 403 1760 Respondemus:
434 1692 561 1747 Tertium
587 1692 640 1748 boc
671 1689 829 1762 argumenti
863 1687 1016 1744 membrum
1042 1697 1163 1756 separat,
1183 1692 1259 1744 uude
1276 1691 1357 1746 notis
1374 1692 1464 1745 uisum
1477 1700 1525 1755 ast,
1542 1699 1572 1744 ut
1589 1690 1724 1761 eonjupa
1736 1707 1881 1745 seruorum

179 1774 293 1844 probari
308 1776 415 1847 nequit
462 1784 483 1832 l.
502 1776 572 1832 Cum
591 1777 665 1832 enim
684 1791 785 1830 causae
802 1772 1017 1829 matrimoniales
1043 1790 1099 1826 uon
1117 1775 1307 1845 diminuatur,
1331 1777 1443 1831 etiamsi
1461 1777 1587 1830 diversos
1606 1777 1735 1831 dontinus
1751 1776 1880 1840 labeant,

176 1861 259 1929 juxta
291 1861 379 1930 ipsius
403 1861 524 1931 Spiritus
547 1862 636 1917 sancti
657 1859 872 1917 declarationem
896 1859 926 1912 in
944 1856 1017 1913 Seri·
1043 1860 1095 1912 sad
1119 1861 1150 1913 in
1174 1878 1230 1915 uno
1250 1863 1382 1931 coniugio
1400 1871 1600 1932 permanentes
1617 1862 1739 1916 dominis
1756 1863 1881 1915 seruiunt

179 1952 263 2015 ptura
281 1947 415 2001 traditam
438 1948 599 2017 pertineant
620 1948 657 2002 ad
682 1952 811 2019 quartum
829 1949 1017 2016 praeceptum,
1043 1943 1111 1999 suis.
1147 1946 1188 2000 Et
1206 1947 1260 2002 loo
1277 1949 1307 2001 in
1324 1949 1387 2003 illis
1407 1949 1612 2002 obseruandum
1630 1955 1689 2016 sat,
1712 1947 1762 2000 ubi
1778 1946 1881 2016 apale

180 2031 219 2085 ita
238 2036 273 2086 ut
291 2032 327 2085 ob
349 2032 482 2088 bonorem
507 2040 536 2088 et
561 2033 743 2089 reverentiam
767 2031 928 2103 parentibus
942 2029 1017 2106 exhi·
1044 2029 1204 2098 conjunctio
1235 2033 1301 2099 fuit
1337 2040 1364 2087 et
1398 2049 1453 2103 pes·
1488 2033 1659 2087 uoluntatem
1694 2033 1881 2087 dominorum.

179 2117 238 2173 beri
271 2119 433 2174 mandatam
461 2136 625 2175 consensum
658 2137 753 2175 eornm
784 2119 814 2172 in
842 2115 1016 2172 matrimonio
1043 2112 1123 2169 Haec
1149 2116 1247 2172 uitium
1269 2117 1356 2173 verba
1380 2117 1555 2174 isembardus
1581 2121 1677 2173 monet
1704 2117 1792 2188 probe
1821 2131 1882 2173 esse

181 2203 371 2260 mutrabeudo
391 2205 472 2261 liberi
499 2206 641 2276 requirere
662 2211 823 2269 tencantur,
848 2204 945 2275 utique
963 2203 1016 2257 hac
1043 2200 1234 2270 suessanus,
1252 2218 1317 2258 cum
1333 2202 1463 2259 videatur
1480 2201 1535 2258 illis
1552 2202 1639 2267 innui,
1657 2208 1768 2273 praeter
1784 2200 1881 2256 solun·

181 2289 209 2344 in
231 2296 313 2360 parts
336 2307 393 2346 non
414 2297 481 2345 sunt
503 2291 647 2361 suijuris.
687 2291 754 2346 Η)
777 2291 913 2344 diametro
931 2287 1017 2359 igitur
1043 2289 1129 2340 tatem
1147 2285 1322 2343 dominorum
1339 2287 1414 2344 inter
1430 2305 1540 2344 servum
1552 2294 1581 2345 et
1592 2288 1722 2344 ancillam
1732 2303 1882 2358 nonposse

182 2374 293 2431 divinas
307 2376 427 2446 jussioni
447 2382 507 2431 tum
530 2377 662 2446 generali
682 2377 719 2432 de
735 2376 903 2431 honorandis
919 2391 1017 2446 paren-
1043 2371 1172 2427 omnam
1184 2371 1410 2444 conjugium‚vel
1421 2373 1636 2436 sicantrahitur,
1647 2390 1703 2428 non
1714 2379 1881 2430 mactatum

182 2461 266 2530 tibus,
284 2467 345 2516 tum
366 2463 486 2532 speciali
508 2462 545 2517 de
566 2462 741 2518 matrimonio
758 2462 908 2517 liberorum
926 2460 1016 2517 conci·
1078 2461 1120 2511 82.
1166 2460 1193 2510 3.
1227 2460 1274 2512 Ea
1302 2465 1464 2514 nostorum
1498 2459 1699 2528 testificatione.
1740 2459 1880 2514 Lutlemss

182 2546 275 2602 baudo
305 2545 469 2617 parentibus
490 2548 574 2603 datae
597 2548 761 2603 ιιάιιιιειιιιι
786 2547 942 2603 &mutabo
969 2545 1017 2601 illa
1043 2549 1070 2594 st
1097 2543 1303 2599 Melanoltlon
1328 2545 1438 2615 (iuquit)
1462 2547 1642 2612 contendunt,
1668 2545 1912 2600 matsimons'uusa
1926 2553 1959 2593 ux

183 2632 362 2702 bellarmini,
391 2635 469 2702 auoit
498 2633 574 2699 filius
598 2634 629 2687 in
657 2633 720 2702 lis,
747 2649 819 2701 assas
851 2635 892 2687 ad
914 2640 1017 2687 statum
1043 2627 1169 2690 filiorum
1188 2629 1283 2683 inuitis
1297 2630 1465 2700 paranetas
1482 2639 1662 2699 contractum,
1680 2631 1708 2685 si
1721 2648 1776 2700 pes·
1794 2647 1879 2700 copu-
1890 2609 1988 2697 wit

183 2721 257 2773 uitas
272 2719 478 2788 pertinentem
497 2719 569 2772 liber
588 2735 623 2772 ao
640 2719 780 2787 suijuris.
814 2723 837 2773 ³.
850 2717 894 2775 Ne
905 2717 1017 2789 quidem
1043 2713 1103 2767 lum
1122 2715 1267 2769 carnaim
1285 2723 1503 2771 cosuummatum
1520 2717 1565 2786 sit,
1582 2734 1639 2772 nan
1656 2733 1742 2786 possa
1755 2716 1879 2787 unsplius
1890 2706 1975 2799 ἓξὲξ·

183 2804 256 2860 bona
275 2810 424 2874 parentum
440 2811 534 2874 potest
551 2802 624 2858 filius
642 2804 808 2871 abalienare,
827 2804 913 2859 multo
933 2803 1019 2875 igitur
1045 2801 1244 2868 aparentibus
1264 2802 1386 2859 usitari.
1421 2804 1461 2859 At
1480 2803 1583 2872 copula
1608 2802 1663 2859 sila
1679 2803 1807 2858 casualis
1823 2820 1880 2859 aas

184 2891 275 2944 minus
291 2906 322 2945 se
338 2889 439 2960 ipsum.
467 2887 500 2945 Si
516 2889 546 2943 in
561 2890 728 2944 alienatione
738 2895 915 2959 paternorum
932 2889 1017 2945 bono·
1043 2886 1119 2951 satit
1136 2887 1231 2954 filium
1255 2889 1468 2956 prudentiorem
1493 2905 1582 2958 nsque
1612 2889 1708 2944 euimit
1732 2908 1752 2943 a
1778 2889 1880 2958 patria

184 2992 244 3030 rum
263 2974 395 3045 suijuris
413 2991 469 3030 non
486 2981 537 3040 ost,
558 2974 655 3046 utique
673 2992 724 3031 nec
736 2976 765 3029 in
784 2974 962 3046 disponendis
975 2974 1019 3043 iis,
1043 2979 1194 3040 potestate,
1226 2990 1294 3042 erpo
1319 2975 1403 3029 stiam
1426 2984 1491 3028 ants
1516 2976 1648 3046 copulam
1672 2975 1881 3030 matrimonium

185 3077 257 3132 quae
275 3061 313 3116 sd
332 3065 437 3116 statum
459 3062 533 3117 sitae
556 3062 709 3132 pertinent,
734 3061 778 3115 sui
799 3060 873 3131 juris
895 3060 953 3116 erit
988 3060 1018 3116 si
1045 3066 1218 3113 ommatium
1242 3060 1448 3128 aparentibus
1472 3060 1588 3114 irritas-i
1609 3077 1667 3114 non
1684 3067 1814 3128 poterat,
1836 3060 1882 3115 usi

183 3146 213 3200 in
239 3146 345 3217 scripto
369 3146 571 3202 Macedonimo
593 3145 741 3202 salubriter
765 3145 961 3213 constitutum,
987 3152 1019 3200 ut
1045 3145 1071 3197 ιι·
1088 3152 1299 3215 tumultuat,
1325 3146 1408 3199 mam
1426 3154 1493 3215 poet
1513 3146 1642 3214 copulam
1655 3147 1777 3215 poterit,
1805 3147 1883 3215 quod

184 3232 207 3285 si
244 3231 307 3303 quis
347 3231 526 3287 filiofamilias
562 3239 688 3288 mutuam
719 3232 827 3287 dederit
863 3232 1018 3303 pecuniam,
1046 3228 1103 3298 ipsi
1122 3237 1233 3299 nepam.
1277 3231 1313 3285 ss·
1325 3231 1432 3295 <dicam
1461 3233 1577 3301 φιαιιάο
1606 3231 1816 3286 matrimonium
1840 3239 1881 3287 est

183 3317 245 3388 ejus
260 3315 463 3372 resdtntionem
478 3317 508 3370 in
522 3316 630 3387 judicio
646 3322 742 3387 petere
760 3324 894 3388 nequeam
914 3324 1018 3388 quanto
1045 3324 1270 3386 consummatum,
1288 3336 1344 3371 non
1362 3318 1485 3387 sumbus
1503 3318 1554 3387 api
1570 3320 1605 3372 ds
1624 3320 1756 3388 conjugio
1772 3320 1882 3387 futura,

182 3403 275 3456 minus
291 3407 355 3456 rata
370 3401 424 3458 erit
441 3401 493 3456 filii
510 3401 654 3473 promissio
674 3401 709 3457 de
728 3407 804 3457 statu
816 3402 892 3458 vitae
908 3420 941 3458 ac
956 3421 1018 3474 per·
1044 3405 1097 3457 aad
1115 3403 1150 3456 da
1164 3404 1313 3472 praesenti
1336 3410 1363 3457 st
1381 3404 1519 3473 injuriam
1531 3405 1601 3473 fieri
1622 3405 1750 3473 coniugi,
1777 3403 1804 3457 si
1814 3411 1883 3474 post

183 3503 268 3542 sonae
283 3502 352 3542 suse
371 3487 451 3543 alteri
472 3486 567 3542 tacta?
608 3493 634 3544 t.
661 3487 696 3543 In
729 3486 852 3558 parentis
882 3492 1020 3558 potestate
1045 3489 1228 3544 violationem
1245 3491 1440 3553 damasius,
1458 3488 1563 3560 regerit
1581 3488 1780 3557 Bellarminus,
1798 3491 1882 3544 stiass

184 3573 311 3628 rdictum
327 3579 385 3640 est,
408 3579 505 3627 sotum
529 3572 603 3627 tiliae
627 3571 682 3642 ipsi
700 3572 764 3628 Deo
780 3572 885 3628 metum
903 3573 1020 3628 reddere
1045 3574 1255 3628 matrimonium
1284 3581 1458 3629 conbustum
1484 3593 1536 3644 per
1567 3576 1653 3628 uerba
1681 3576 1717 3629 ds
1734 3575 1884 3644 praesenti

185 3657 307 3723 irritum,
336 3657 476 3728 quomodo
493 3673 562 3728 ergo
585 3655 645 3712 filia
667 3657 696 3711 in
720 3656 782 3725 his,
807 3673 879 3729 quse
908 3657 944 3712 ad
963 3663 1019 3712 sta-
1045 3675 1101 3712 non
1125 3675 1183 3712 osse
1204 3661 1348 3724 futurum,
1372 3660 1426 3713 ssd
1446 3675 1581 3727 praesens
1607 3659 1783 3729 conjugium,
1815 3677 1883 3730 suaa

184 3751 242 3799 tum
273 3742 348 3799 vitae
372 3743 525 3813 pertinent,
554 3743 661 3798 caused
689 3749 783 3812 potest
806 3742 896 3800 libera
913 3760 948 3798 ac
975 3743 1019 3798 sui
1045 3762 1101 3799 non
1110 3744 1217 3814 poterit
1238 3744 1361 3812 irritari,
1378 3745 1436 3798 sius
1453 3745 1490 3798 sit
1505 3753 1734 3810 consummatum,
1750 3745 1808 3799 siue
1824 3763 1883 3801 nos

88 3829 273 3996 {ow-luz?
296 3917 324 3968 2.
341 3913 369 3967 A
387 3914 492 3968 minori
508 3916 550 3967 ud
565 3914 660 3983 majus
678 3913 817 3968 illatione.
849 3913 1020 3986 Oonjnas'um
1045 3830 1881 3986 ἴαίᾚᾌᾜυῖανῇῗέἑνοζιῗῖεἴοῖᾘᾶᾚ

89 4006 327 4095 Quiri-ramorum
356 3999 452 4052 inuitis
483 3999 606 4052 dornins's
639 4000 751 4064 firmum
781 4007 822 4053 sat
851 4019 885 4054 aa
916 4009 1019 4065 ratum,
1047 4010 1102 4067 sat,
1127 4001 1170 4057 osi
1189 4018 1253 4057 non.
1293 4000 1329 4054 Si
1341 4001 1411 4070 jure
1430 4008 1662 4071 consummatum,
1686 4018 1752 4072 erqo
1773 4003 1882 4072 sijum

118 4066 155 4100 ’Μ’
186 4087 253 4155 quia
269 4086 318 4154 jus
335 4085 457 4154 gentium
470 4101 526 4139 non
539 4085 635 4154 potuit
653 4084 772 4155 inferre,
790 4088 867 4155 quod
877 4088 929 4155 jus
941 4095 1020 4141 natu·
1047 4094 1219 4142 contradam
1244 4093 1309 4140 ants
1334 4087 1612 4156 consummationem,
1637 4104 1696 4142 uon
1721 4089 1794 4143 mum
1817 4090 1882 4156 iura

185 4170 401 4227 resumsit.
438 4171 519 4238 Erpa
536 4171 622 4224 multo
647 4171 738 4238 mauis
762 4173 924 4241 conjugium
947 4174 1020 4240 pilio·
1047 4173 1237 4228 consummari
1252 4179 1347 4241 potas
1371 4173 1582 4227 matrimonium
1605 4190 1662 4226 non
1685 4173 1750 4241 iure
1771 4182 1882 4230 contra·

184 4275 246 4311 ram
265 4256 362 4312 inuitis
380 4257 547 4325 parentibus
564 4257 617 4309 crit
636 4265 742 4325 ratum,
772 4259 866 4327 muj0r
891 4260 962 4313 anim
981 4267 1021 4313 ast
1047 4268 1128 4317 ctum.
1165 4260 1246 4326 Eupo
1272 4258 1358 4329 stiam
1375 4267 1441 4313 ante
1460 4258 1722 4313 consummationem
1738 4259 1882 4316 matrimo-

185 4342 320 4412 subjectio
341 4358 486 4399 seruorum
510 4343 552 4395 ad
574 4343 718 4396 dominum
734 4359 820 4411 auam
838 4343 962 4406 filiorum
980 4343 1022 4398 aa
1046 4346 1124 4400 nium
1139 4344 1235 4399 inuitis
1253 4345 1422 4415 perentitur
1451 4351 1624 4397 sonnacium
1648 4350 1741 4397 rasim
1766 4353 1829 4397 erat
1846 4363 1882 4400 uc

181 4434 321 4496 parntes.
353 4426 433 4482 Idem
451 4431 647 4498 argumentum
666 4433 749 4498 urget
766 4427 887 4483 Thomas
906 4434 977 4498 part.
996 4434 1022 4484 3.
1040 4433 1165 4499 firmum.
1212 4429 1246 4484 Si
1274 4437 1366 4483 autem
1394 4445 1451 4483 non
1477 4429 1543 4497 iura
1569 4435 1787 4483 consummatum
1812 4430 1881 4500 tntu,

185 4529 210 4582 q.
229 4518 271 4568 ³5.
299 4512 377 4569 artic.
394 4516 419 4567 2.
442 4517 471 4567 et
490 4512 650 4568 menatae
673 4513 701 4566 in
725 4530 786 4583 cap.
809 4519 832 4568 1.
852 4513 887 4569 de
906 4514 1020 4587 conjug.
1045 4518 1110 4586 jura
1131 4522 1199 4586 post
1228 4515 1491 4570 consummationem
1518 4515 1634 4568 irritari
1655 4513 1763 4582 poterit,
1793 4531 1882 4585 usqum

185 4614 253 4653 sav.
298 4597 523 4669 Respondemus:
547 4598 606 4653 Aut
631 4598 754 4669 loquitur
775 4599 961 4655 Bellarminus
984 4602 1021 4655 ds
1046 4602 1109 4656 ulta
1131 4604 1179 4665 fist
1197 4600 1314 4670 conjugi
1331 4601 1455 4668 iniuria,
1479 4600 1546 4670 assia
1571 4616 1627 4654 nos
1643 4598 1718 4662 facit
1736 4599 1823 4654 altem
1839 4601 1882 4655 in·
1955 4639 1957 4643 «

186 4685 272 4739 mis
288 4684 457 4754 simplicitas·
475 4684 517 4737 sio
536 4684 636 4753 ἀίοιίι,
664 4692 715 4740 aut
739 4685 774 4740 de
791 4686 958 4756 mancipiis,
985 4686 1020 4742 de
1045 4687 1159 4755 juriani,
1180 4686 1231 4754 qui
1245 4687 1315 4755 jura
1332 4703 1384 4741 suo
1403 4685 1498 4738 utitur.
1536 4682 1761 4754 Respondemus:
1785 4689 1808 4740 1.
1825 4685 1882 4742 elia

186 4771 271 4827 servis
288 4770 438 4826 Christiani
456 4769 550 4838 moris,
566 4775 616 4826 aut
631 4770 749 4827 Romani
766 4771 846 4842 juris.
884 4771 915 4826 si
933 4772 1019 4843 prius,
1047 4771 1172 4843 quaestio
1190 4777 1243 4840 est,
1262 4788 1299 4826 an
1317 4771 1492 4827 matrimonia
1509 4769 1658 4826 liberorum
1670 4768 1763 4824 invitis
1781 4786 1881 4841 pareo·

186 4856 382 4927 respondemus
408 4855 444 4910 ud
471 4856 613 4925 majorem,
642 4856 770 4912 omissam
799 4857 927 4927 negando
959 4858 1020 4928 ejus
1047 4856 1122 4911 tibus
1142 4861 1287 4911 contracta
1305 4857 1457 4912 accedente
1475 4854 1577 4925 copula
1594 4854 1700 4909 cumali
1718 4853 1788 4909 fiant
1806 4861 1882 4926 rsts3

186 4940 396 5009 connexionem,
413 4940 481 5011 quis
498 4946 678 5011 argumenta,
696 4957 769 5013 quae
786 4958 837 5012 pro
853 4943 1021 4999 necessitate
1046 4943 1102 4997 alia
1122 4942 1249 5014 quaestio
1266 4949 1316 5010 est,
1336 4959 1373 4997 an
1390 4941 1420 4995 in
1436 4939 1604 5011 specialibus
1621 4939 1790 5011 quibusdum
1810 4941 1879 4998 casi-

186 5043 334 5083 eousensus
351 5026 460 5096 paterni
484 5026 514 5080 in
539 5025 643 5096 nuptiis
671 5026 820 5082 liberorum
845 5028 1020 5098 adduximus,
1046 5029 1099 5083 bus
1125 5027 1325 5084 consulendum
1360 5027 1397 5081 sit
1425 5025 1600 5097 pmentibus,
1626 5032 1659 5080 ut
1687 5043 1722 5080 ex
1748 5029 1882 5097 ἐπιεικείᾳ

186 5127 219 5167 ea
236 5127 292 5167 non
316 5117 447 5182 pugnant
462 5128 514 5182 pro
532 5112 697 5167 necessitate
713 5129 864 5168 consensus
878 5112 972 5168 herilis
989 5095 1146 5177 islensem
1171 5120 1235 5168 rata
1261 5112 1429 5169 habeantet
1451 5128 1617 5167 consensum
1639 5111 1695 5166 illis
1719 5112 1881 5182 praebeant

107 5191 288 5267 ”denupsit
306 5196 442 5266 mmmodi
461 5213 609 5264 susorum,
625 5195 698 5252 inter
709 5197 850 5252 dominum
867 5204 896 5253 et
909 5215 1019 5253 servum
1031 5185 1034 5221 ¹
1047 5207 1070 5256 2.
1090 5199 1157 5254 Alia
1181 5199 1308 5270 quaestio
1332 5204 1374 5254 est
1401 5198 1437 5253 de
1451 5199 1516 5267 J'ure
1533 5198 1641 5268 patriae
1659 5199 1820 5268 potestatis,
1845 5215 1882 5254 an

184 5290 225 5338 est
247 5281 385 5354 obligatio
410 5288 521 5362 tantum
541 5283 648 5351 ciuilis,
679 5283 730 5337 sed
757 5283 828 5339 inter
855 5291 963 5354 patrem
991 5236 1114 5367 etitalia
1139 5283 1316 5339 matrimonia
1341 5283 1426 5339 etiam
1454 5300 1505 5353 per
1535 5285 1664 5355 copulam
1691 5291 1883 5342 consummata

184 5367 271 5423 tilium
285 5375 328 5424 est
338 5367 473 5439 obligatio
487 5368 639 5423 naturalis.
668 5366 778 5423 Deinde
789 5384 840 5438 per
857 5370 1020 5441 conjugium
1031 5370 1033 5425 ζ
1046 5370 1160 5426 dissolvi
1178 5370 1297 5440 possint3
1317 5368 1373 5424 alia
1391 5370 1492 5425 iterum
1506 5371 1631 5442 quaestio
1649 5377 1692 5426 est
1709 5371 1744 5426 de
1760 5375 1883 5442 potesta·

184 5470 325 5510 serrorum
342 5454 417 5525 patri
428 5454 472 5510 vel
484 5471 537 5509 aso
556 5454 643 5510 insito
669 5471 724 5508 non
746 5455 907 5525 agnasoitur
931 5455 1081 5598 beraultis
1098 5456 1172 5510 illius
1190 5473 1244 5510 usu
1262 5461 1292 5510 et
1307 5456 1448 5520 exercitio,
1466 5472 1503 5511 au
1521 5457 1592 5512 utile
1611 5463 1639 5512 et
1658 5457 1824 5512 conveniens
1843 5455 1882 5510 sit

183 5540 254 5597 illud
279 5556 346 5597 sero
363 5538 399 5597 fis
415 5538 446 5595 in
465 5540 596 5613 conjugio
620 5540 769 5597 liberorum
791 5539 852 5598 sius
869 5549 1019 5612 parentum
1043 5543 1091 5614 jus
1104 5541 1212 5612 patriae
1236 5541 1382 5612 potestatis
1401 5545 1505 5599 'severe
1532 5546 1564 5596 et
1578 5541 1673 5596 stricte
1695 5541 1724 5595 in
1743 5538 1796 5596 boo
1813 5555 1880 5595 cssu
