4028 6030
249 207 289 266 00
828 197 954 258 nocue
969 194 1177 258 monemus
1193 196 1365 265 uumuus
1407 155 1412 165 ’

248 357 313 412 dam
330 355 372 411 ita
386 362 419 412 ot
435 357 473 412 sit
491 357 592 414 dicimo
607 354 775 427 coniomtio.
814 356 900 411 Tales
917 361 1011 409 omem
1024 367 1083 407 esse
1110 369 1173 408 cum
1196 355 1241 411 lex
1269 354 1304 411 de
1328 352 1388 410 filia
1405 356 1516 410 anum
1540 352 1684 426 loquetur,
1706 367 1741 407 ac
1764 350 1802 407 sit
1817 349 1948 422 specialis

248 442 440 498 ohadestinas
466 443 696 514 despasuationes
718 444 821 499 samm
845 448 871 497 et
895 440 1083 507 defendimus.
1109 441 1247 512 quaedam
1272 440 1343 497 ratio
1361 440 1391 495 iu
1409 438 1525 512 puellis,
1543 439 1619 510 quod
1636 455 1732 494 earum
1750 438 1868 510 nuptiae
1884 437 1946 493 abs·

248 528 288 586 th.
309 533 355 586 13:
386 517 534 583 Hmsestae'
556 529 680 583 citantor
703 529 834 598 repulus,
858 545 931 599 qaae
955 525 1084 583 adhaec
1109 544 1164 600 que
1182 527 1305 599 periculo
1320 527 1427 583 tamdiu
1445 543 1502 582 nou
1520 525 1627 598 possint
1649 524 1774 597 protrahi
1791 529 1821 581 et
1840 523 1947 581 differri

248 617 437 680 fundamenta
463 623 490 669 et
515 617 557 668 ool
576 615 727 686 principia
744 616 825 685 juris
848 624 967 670 amarae
996 611 1084 666 mani·
1109 630 1143 670 sc
1160 614 1359 678 masculorum,
1384 612 1528 684 Cypraeus
1552 613 1588 668 de
1605 629 1697 683 spons.
1723 627 1786 683 cap.
1806 617 1829 666 7.
1857 606 1886 683 5.
1908 617 1948 667 14.

248 703 321 767 feste
340 708 509 771 conpresserit,
527 701 634 756 scilicet
651 704 729 772 quod
744 704 780 757 ab
799 703 882 758 initio
901 703 1012 768 firmum
1028 713 1085 753 non
1111 701 1205 772 Atque
1222 700 1293 755 haec
1310 699 1424 771 quidem
1443 715 1477 754 ex
1495 699 1639 771 principiis
1655 699 1727 769 juris
1747 697 1853 765 civilis,
1873 698 1950 769 quod

248 788 315 855 fuit,
342 794 471 858 sequente
497 788 696 842 ratihabitione
724 789 889 858 confirmari
903 806 960 843 non
985 791 1086 856 passa.
1110 787 1304 842 necessitatem
1329 801 1480 841 cousensus
1506 784 1614 856 paterni
1642 799 1677 839 ex
1700 782 1792 855 patria
1808 787 1951 853 potestate

250 876 398 930 Immotum
427 881 520 929 amen
549 875 767 940 fundamentum
803 883 861 939 est,
894 872 1086 928 clandmtinas
1111 872 1241 943 deducit,
1259 877 1334 927 recte
1353 871 1544 941 disputantur,
1568 869 1617 925 sed
1635 870 1700 941 quia
1717 868 1950 940 praeceptumde

251 960 481 1030 despumationes
504 961 540 1014 ab
565 961 646 1016 initio
671 979 727 1016 non
744 978 804 1023 esse
821 963 919 1027 timaus
937 967 987 1014 out
1003 965 1086 1013 ratas
1111 958 1278 1015 honorandis
1298 957 1468 1030 parentibus,
1488 973 1522 1011 ex
1541 957 1622 1027 cnjus
1640 956 1823 1028 explicatione
1837 955 1867 1010 in
1879 955 1950 1027 ipsis

246 1048 332 1117 jacta
348 1046 458 1100 verbum
475 1047 540 1102 Dei.
576 1048 648 1101 Item
667 1048 870 1117 moirollum
889 1055 938 1111 est,
958 1053 1008 1101 aat
1023 1061 1086 1116 pee-
1113 1045 1263 1118 scripturis
1282 1045 1386 1100 tradita
1409 1042 1534 1115 theologi
1557 1059 1708 1098 cousensus
1727 1043 1837 1115 paterni
1854 1057 1951 1098 ueces-

250 1142 343 1188 catum
371 1139 429 1202 cet,
454 1133 506 1186 hoa
534 1132 699 1187 ratihabitio
719 1136 884 1199 confirmare
904 1150 961 1187 non
985 1139 1085 1203 potest.
1114 1132 1223 1187 sitatem
1240 1134 1355 1203 petunt,
1382 1129 1513 1202 geueffle
1535 1133 1578 1185 est
1599 1146 1693 1185 omues
1718 1129 1829 1185 omuino
1847 1127 1952 1183 liberos

252 1219 452 1274 Ohndoehnas
471 1225 564 1272 mum
581 1220 813 1290 despumationes
829 1238 886 1275 non
903 1227 1009 1273 hiatum
1026 1233 1087 1271 esse
1114 1218 1253 1291 obligans,
1270 1217 1333 1273 ideo
1352 1221 1385 1270 ut
1402 1215 1483 1272 liberi
1500 1215 1529 1269 in
1547 1215 1717 1271 conscientia
1733 1231 1785 1270 sua
1801 1215 1870 1269 certi
1891 1229 1953 1270 esse

250 1305 356 1374 nullam
372 1305 544 1375 sedimpias,
556 1312 716 1375 paonariae
730 1325 791 1360 cum
803 1307 886 1360 serbo
901 1306 967 1373 Dei,
986 1303 1086 1358 Lethe·
1113 1305 1234 1376 possint,
1260 1301 1484 1375 coujuuctionem
1508 1318 1587 1356 suam
1606 1317 1667 1356 esse
1685 1301 1796 1356 divinae
1812 1284 1952 1356 voluntati

251 1409 302 1446 rus
321 1392 524 1446 demonstrauit
541 1396 593 1447 etc.
628 1392 701 1447 Vide
723 1392 762 1448 ibi
785 1393 867 1465 plura
886 1391 915 1447 iu
935 1391 1008 1446 hauc
1026 1407 1087 1445 seu·
1113 1398 1142 1447 et
1159 1391 1216 1463 legi
1243 1389 1425 1458 conformem,
1451 1389 1482 1443 iu
1500 1403 1666 1460 quacunque
1683 1392 1775 1442 aetate
1791 1387 1836 1442 rel
1855 1387 1951 1443 condi·

252 1478 375 1535 tendam.
422 1477 543 1534 Proinde
557 1479 640 1548 juxta
665 1477 780 1553 Lutheri
804 1485 832 1534 et
853 1477 1006 1534 Chemnicii
1025 1492 1086 1531 sen·
1112 1476 1188 1533 tione
1205 1477 1262 1532 siut
1278 1475 1428 1544 constituti,
1445 1478 1592 1546 parentum
1615 1490 1778 1529 consensum
1797 1473 1953 1544 explorent.

252 1565 368 1621 mutiam
386 1563 470 1636 longe
488 1564 667 1633 vedmimam,
685 1565 798 1637 quaudo
816 1570 879 1636 post
900 1563 1086 1620 clandestinas
1113 1564 1229 1620 Constit.
1256 1564 1366 1620 elector.
1402 1562 1502 1618 Saxon.
1529 1562 1627 1617 eccles.
1657 1562 1686 1615 iu
1710 1577 1772 1632 cap.
1801 1570 1856 1617 hoa
1884 1562 1951 1632 ibit·

252 1651 478 1722 despumationes
496 1655 642 1723 parentum
654 1667 803 1707 cousensus
824 1651 939 1716 accedit,
951 1657 1018 1704 tunc
1030 1664 1087 1703 uon
1113 1651 1199 1721 lubet
1216 1649 1264 1706 fol.
1283 1655 1438 1706 ithumae
1456 1647 1555 1704 semis
1574 1648 1723 1703 discrimen
1745 1647 1791 1702 bic
1809 1647 1951 1703 excludit:

251 1735 431 1793 confirmatur
459 1753 510 1808 per
527 1737 666 1808 quandam
688 1736 912 1793 ratihabitionem
934 1742 1008 1791 retro
1027 1751 1087 1791 sese
1115 1737 1154 1794 bt
1179 1737 1259 1806 lohet
1284 1737 1331 1806 fich
1348 1735 1417 1792 lctus
1435 1735 1547 1799 titubet,
1566 1735 1661 1803 &ihus
1680 1735 1740 1790 obst
1757 1735 1876 1804 atqui.
1897 1740 1952 1791 met

253 1824 445 1881 extendentem
463 1822 503 1891 id,
521 1824 596 1896 quod
613 1828 710 1880 contra
727 1823 783 1879 Dei
805 1824 967 1879 mandatum
984 1839 1002 1877 a
1017 1820 1085 1876 libe·
1114 1825 1206 1880 hitttb
1224 1823 1256 1893 iit
1275 1823 1340 1893 ilat,
1358 1822 1425 1892 obus
1440 1821 1586 1892 herminio
1606 1821 1660 1877 aab
1674 1820 1865 1891 biottihlquuq
1881 1822 1954 1888 ibstt

251 1911 290 1965 ris
306 1910 425 1979 factum,
452 1909 501 1964 sed
529 1909 620 1980 patria
647 1915 786 1981 potestate
809 1910 844 1965 de
869 1909 979 1981 integro
999 1925 1086 1963 novus
1112 1911 1205 1968 hiteta
1225 1911 1362 1975 baltheo,
1389 1925 1424 1964 ec
1444 1908 1532 1963 addit.
1555 1907 1830 1977 sponsaliaahsqoe
1854 1923 1953 1960 coram

252 2000 410 2053 conuectos
422 1995 571 2065 inducitur,
588 2000 621 2050 ut
636 1997 718 2068 juxte
733 1995 850 2050 sormam
865 1995 997 2049 divinitus
1008 2010 1086 2065 prae·
1112 2012 1245 2051 commea
1264 1996 1336 2049 inita
1359 1996 1459 2050 debere
1472 1994 1661 2064 pronuntiari
1688 1994 1783 2050 imita.
1822 1993 1855 2047 ld
1875 1994 1952 2064 qnod

253 2083 385 2154 scriptam
415 2082 540 2153 legitime
570 2081 621 2138 liat
648 2082 818 2154 conjunctio·
845 2086 874 2138 et
902 2081 1087 2137 conscientiae
1112 2084 1169 2139 lats
1204 2082 1307 2154 probat
1342 2082 1458 2137 Adrion.
1495 2080 1636 2135 Pulvaeus
1664 2079 1694 2134 in
1726 2079 1774 2136 lib.
1804 2079 1841 2134 de
1871 2087 1951 2151 nupt.

253 2168 477 2226 contrahentium
502 2173 577 2224 certo
601 2175 723 2224 statuere
740 2168 861 2241 possint,
888 2185 918 2223 se
938 2185 998 2224 esse
1018 2167 1086 2222 diri·
1112 2170 1172 2226 sine
1201 2175 1347 2241 pareutum
1364 2184 1501 2224 consensu
1531 2184 1586 2222 nou
1605 2165 1799 2222 contrahendis
1829 2161 1858 2240 ξ.
1881 2173 1906 2220 5.
1923 2174 1952 2220 et

252 2256 328 2312 nitus
346 2257 520 2326 conjunctos.
555 2254 651 2327 Atque
673 2255 741 2309 haec
768 2254 905 2310 sententia
922 2272 978 2309 nou
997 2254 1086 2309 solum
1112 2274 1189 2329 seqq.

250 2342 307 2414 juri
339 2341 434 2397 divino
472 2340 659 2397 clandestinas
698 2341 923 2412 desponsatioues
958 2357 1087 2412 expresse
1147 2349 1188 2399 91,
1225 2342 1372 2407 Quaeritur
1390 2349 1414 2399 9.
1450 2343 1497 2396 An
1516 2341 1778 2396 tatorisconsensas
1793 2339 1825 2393 is
1842 2340 2012 2409 neptibus

254 2428 411 2497 semoti,
433 2427 483 2482 ne
501 2428 585 2482 seam
605 2427 663 2497 juri
688 2426 762 2482 eeu
785 2428 921 2498 congruo.
961 2427 1087 2482 pram·
1108 2431 1286 2500 pnptttornm
1313 2431 1496 2499 rimaranes
1542 2426 1739 2484 uaesanae
1771 2425 1950 2498 asangm
1963 2410 2002 2497 ξι,

254 2532 337 2587 quam
357 2515 429 2569 euim
450 2513 525 2586 quod
545 2513 699 2586 Imperator
717 2513 819 2569 diserte
838 2513 950 2582 asserit,
975 2515 1087 2582 jsassum
1113 2518 1185 2571 iuter
1202 2524 1320 2571 tutorem
1343 2523 1370 2570 et
1392 2524 1557 2570 moratorem.
1595 2512 1713 2570 euram
1738 2515 1847 2567 tantum
1865 2513 1950 2565 rebus
1961 2534 2013 2599 m,

250 2609 400 2672 parentam
419 2601 519 2654 debere
533 2603 721 2670 praecedere,
738 2599 788 2654 ubi
805 2615 822 2654 a
841 2599 1010 2672 proprietate
1029 2617 1087 2655 rer·
1114 2602 1205 2672 datur,
1223 2603 1252 2658 iu
1270 2618 1415 2674 personam
1423 2604 1472 2673 jus
1489 2618 1544 2656 nou
1562 2601 1666 2669 habet;
1684 2599 1734 2656 sed
1750 2603 1826 2654 tutor
1843 2599 1949 2670 praesi-

255 2688 354 2743 bornm
387 2704 442 2741 non
472 2693 515 2742 est
541 2692 644 2742 temere
662 2686 861 2754 recedendum,
884 2686 973 2741 lucc
991 2685 1086 2743 tilium
1113 2690 1162 2744 det
1179 2689 1263 2745 etiem
1275 2705 1416 2759 personae
1436 2694 1464 2744 et
1489 2687 1621 2743 moribus.
1656 2685 1700 2741 De
1721 2690 1848 2740 curatore
1866 2685 1951 2756 pleri·

259 2780 298 2831 tt.
317 2774 348 2831 Ο.
364 2774 401 2829 de
417 2779 495 2845 nupt.
528 2771 720 2828 Diocletianus
737 2779 765 2829 et
784 2773 1090 2829 Maximinusuotauter
1116 2794 1170 2848 que
1189 2770 1284 2833 omues
1304 2780 1444 2838 statuunt.
1472 2774 1548 2846 quod
1576 2775 1637 2844 ejus
1661 2786 1811 2828 consensus
1833 2788 1891 2827 uou
1910 2788 1952 2827 re

252 2859 368 2932 jubent,
398 2864 431 2913 ut
457 2859 657 2914 contrahendis
682 2859 789 2929 nuptiis
816 2863 912 2929 patris
941 2877 1090 2916 consessus
1115 2862 1249 2934 qniratur,
1269 2862 1319 2917 sed
1340 2859 1376 2917 de
1394 2867 1486 2917 tutore
1503 2860 1613 2916 vomant
1632 2859 1794 2916 sententiae.
1831 2857 1953 2925 Quidam

255 2949 385 3012 accedat,
406 2945 560 3001 defuturis
579 2962 646 3016 ergo
667 2944 785 3017 nuptiis,
808 2962 864 3000 nou
883 2945 918 3001 de
937 2947 1086 3002 contractis
1117 2954 1231 3021 negant,
1261 2951 1322 3020 ejus
1345 2965 1508 3004 consensum
1526 2937 1645 3018 requiri,
1665 2953 1687 3002 1.
1712 2946 1779 3018 quie
1797 2945 1820 3000 si
1838 2961 1954 3000 causeu-

256 3039 284 3088 et
317 3033 353 3087 de
383 3047 520 3087 consensu
551 3037 727 3102 antegresso,
757 3048 812 3088 uon
841 3032 879 3087 de
906 3033 1091 3104 subsequente
1117 3053 1164 3090 sus
1183 3041 1308 3090 tutorum
1325 3035 1441 3106 perinde
1459 3035 1647 3106 requireretur
1663 3039 1696 3088 ut
1714 3037 1870 3104 parentum,
1889 3049 1953 3103 pos·

255 3118 454 3174 ratihabitione
470 3117 629 3188 loquuntur.
660 3116 783 3172 Proinde
793 3134 944 3174 consensus
957 3119 1044 3189 patris
1062 3119 1091 3173 iu
1117 3128 1177 3177 sent
1208 3125 1312 3176 tutores
1343 3121 1548 3175 matrimonium
1578 3123 1675 3176 contra
1704 3119 1840 3191 placitum
1870 3135 1952 3173 suum

255 3204 359 3276 nuptiis
376 3219 494 3275 sequens
512 3221 568 3259 uon
585 3212 663 3258 retro
680 3204 820 3274 trahitur,
844 3221 897 3258 uec
913 3204 1004 3259 medio
1023 3211 1090 3260 tem·
1117 3213 1290 3264 conuectum
1323 3207 1495 3276 rescindere,
1531 3212 1563 3261 ut
1597 3211 1726 3277 parentes
1761 3204 1789 3259 id
1826 3210 1954 3276 possunt,

256 3309 324 3362 pore
345 3298 487 3362 susceptos
505 3291 607 3346 liberos
621 3291 712 3361 justos
730 3291 812 3358 facit,
830 3291 879 3346 sed
896 3307 930 3346 ex
949 3291 995 3347 die
1012 3308 1090 3362 prae·
1117 3297 1197 3365 cujus
1226 3294 1392 3349 contrarium
1420 3295 1550 3349 statuitur
1580 3294 1597 3349 l.
1623 3293 1646 3347 si
1676 3298 1763 3363 pater.
1794 3296 1818 3348 4.
1858 3291 1889 3346 (i.
1918 3292 1954 3347 de

256 3378 314 3433 stiti
332 3394 481 3433 consensus
498 3377 613 3447 nuptiae
628 3378 721 3447 justae
740 3376 818 3432 fiunt.
840 3377 857 3434 1.
886 3383 925 3433 13.
944 3383 967 3439 t.
987 3379 1011 3430 si
1029 3376 1091 3448 quis
1117 3397 1209 3453 spons.
1230 3397 1263 3437 ac
1280 3386 1360 3435 notat
1376 3380 1527 3435 Accursius
1544 3380 1573 3434 iu
1591 3379 1610 3436 l.
1629 3379 1744 3434 Puellae
1759 3379 1795 3434 de
1807 3378 1853 3434 rit.
1872 3385 1953 3450 nupt.

257 3471 281 3520 6.
309 3465 346 3519 ad
369 3464 386 3519 l.
410 3462 467 3518 bul.
494 3463 530 3518 de
553 3463 640 3518 adult.
665 3464 682 3517 l.
709 3469 750 3520 68.
779 3464 814 3519 de
832 3464 887 3535 jur.
910 3463 965 3518 dot.
986 3463 1090 3518 Paulus
1117 3486 1173 3523 nors
1190 3484 1249 3522 esse
1267 3476 1374 3521 tantam
1390 3474 1541 3536 parentum
1566 3474 1592 3520 et
1615 3474 1734 3520 tutorum
1757 3466 1955 3521 sonoritatem

256 3550 340 3605 etiam
359 3549 376 3605 l.
398 3549 427 3604 in
452 3548 626 3618 sponsalibus
653 3555 676 3603 l.
696 3550 732 3604 de
755 3548 906 3620 sponsalib.
924 3549 1010 3626 exigit
1029 3566 1092 3604 oon·
1120 3555 1150 3607 in
1184 3555 1290 3623 nuptiis
1326 3553 1540 3621 contrahendis,
1575 3561 1682 3622 quanta
1717 3559 1757 3606 est
1791 3559 1953 3623 parentam

258 3652 368 3692 sensum
385 3653 440 3690 uon
460 3639 524 3705 post
542 3634 670 3706 nuptias,
687 3636 737 3690 sed
756 3636 786 3689 in
804 3635 992 3705 sponsalibus,
1010 3635 1091 3690 adeo·
1119 3646 1141 3696 2,
1161 3640 1261 3694 Posset
1286 3640 1369 3694 etism
1397 3644 1474 3694 tutor
1499 3638 1645 3709 impedire,
1672 3656 1708 3694 ne
1737 3637 1846 3709 pupilla
1868 3639 1954 3694 etiam

258 3740 312 3795 que
344 3729 408 3776 ante
436 3723 568 3792 saptiam·
597 3721 665 3793 quin
690 3728 719 3777 et
745 3723 840 3793 jussus
864 3721 911 3777 ille
936 3728 1091 3793 pareutum,
1118 3725 1258 3797 pubertati
1274 3727 1334 3796 jam
1352 3725 1478 3795 proxima
1495 3724 1625 3793 nuberet,
1643 3725 1718 3796 quod
1738 3730 1830 3780 tamen
1848 3725 1886 3796 gl.
1907 3725 1954 3781 tin

258 3827 339 3881 quem
359 3808 535 3865 Justiniauus
555 3808 680 3880 requirit,
697 3807 886 3864 ratihabitioui
905 3808 1055 3879 opponitur
1073 3808 1090 3863 l.
1118 3814 1146 3868 in
1168 3812 1183 3869 l.
1202 3812 1225 3866 si
1242 3812 1360 3883 puellae.
1378 3811 1409 3867 ff.
1423 3811 1459 3867 de
1478 3811 1629 3882 sponsalib.
1650 3817 1743 3883 negat,
1765 3827 1798 3865 ac
1816 3828 1874 3867 nou
1892 3828 1955 3866 esse

143 3904 186 3950 xv.
200 3904 244 3950 tot.
258 3903 300 3953 65.
325 3913 366 3967 pr.
396 3894 510 3952 scium.
544 3894 665 3950 Trebou.
695 3893 741 3949 lib.
781 3900 821 3949 15.
854 3891 882 3968 ξ.
914 3901 937 3950 t.
975 3895 1010 3949 do
1048 3910 1092 3949 ac·
1120 3898 1237 3955 similem
1263 3898 1400 3953 rationem
1425 3899 1497 3952 inter
1520 3904 1626 3968 patrem
1652 3905 1681 3953 et
1702 3903 1821 3953 tutorem
1845 3898 1955 3966 merit,

258 3983 328 4055 quir.
358 3981 451 4039 harod.
475 4000 538 4037 oum
561 3983 579 4036 l.
605 3988 630 4038 6.
654 3979 682 4053 §-
711 3989 731 4036 l.
757 3980 783 4034 d.
810 3979 853 4036 tit.
875 3980 1007 4050 Cujacius
1028 3981 1047 4036 l·
1067 3987 1092 4036 ³·
1118 3986 1235 4057 proinde
1252 4001 1316 4040 cum
1333 3985 1403 4040 haec
1419 3984 1569 4055 probibitio
1589 3984 1625 4039 sit
1643 3985 1747 4054 odiosa,
1766 3984 1830 4040 ideo
1845 3991 1957 4056 epatre

257 4071 364 4126 observ.
383 4085 407 4123 c.
427 4074 451 4127 5.
472 4068 600 4151 conanus
612 4065 659 4124 lib.
681 4073 705 4123 8.
724 4073 868 4123 comment.
887 4083 911 4123 o.
930 4073 954 4123 1,
972 4065 1093 4122 (inutilis
1120 4073 1156 4127 ad
1186 4077 1304 4127 tutorem
1331 4071 1492 4143 neutiquam
1519 4070 1699 4126 extendenda
1749 4077 1772 4126 3.
1802 4071 1955 4128 Parentum

258 4157 277 4215 l.
297 4162 323 4216 4.
341 4156 378 4211 de
394 4161 473 4225 nupt.
490 4171 513 4209 c.
533 4160 556 4209 3.
1120 4159 1265 4214 consensui
1283 4158 1312 4212 in
1330 4157 1434 4228 nuptiis
1453 4161 1563 4211 tantum
1582 4157 1734 4223 indultum,
1762 4158 1828 4230 quia
1847 4174 1882 4213 ex
1897 4159 1955 4230 pie·

129 4250 198 4295 alu
294 4248 335 4302 93.
371 4241 520 4310 Quaeritur
537 4245 562 4297 8.
594 4242 641 4294 An
659 4239 689 4293 in
707 4240 814 4310 nuptiis
832 4240 984 4294 liberarum
1010 4239 1094 4295 etiam
1120 4251 1178 4300 tate
1206 4250 1336 4315 paterna,
1367 4258 1450 4314 quam
1473 4243 1566 4297 nullus
1597 4243 1713 4298 affectus
1731 4243 1824 4312 vincit,
1849 4245 1957 4315 optima

129 4303 246 4406 {iiiam
262 4331 469 4402 majorenns'etm
495 4328 750 4397 emancipatorum,
787 4327 836 4397 ossi
862 4327 922 4394 jam
948 4328 994 4380 sui
1020 4329 1094 4395 juris
1121 4331 1235 4387 consilia
1255 4347 1306 4401 pro
1334 4329 1428 4384 liberis
1451 4344 1551 4399 cepere
1575 4329 1784 4401 intelliguntur,
1810 4331 1860 4386 sed
1886 4332 1957 4389 haec

133 4407 219 4447 Μ’
263 4425 342 4482 sant,
363 4416 527 4485 requiratur
551 4431 699 4469 consensus
716 4416 890 4485 parentum!
932 4412 1002 4468 Jure
1019 4413 1094 4469 cirili
1121 4418 1191 4473 ratio
1203 4418 1231 4471 iu
1250 4422 1341 4472 tutore
1354 4422 1451 4479 cessat,
1471 4415 1605 4487 quinimo
1618 4416 1796 4487 imperatores
1813 4418 1956 4474 mamimu-

128 4459 248 4551 aqim-
262 4503 337 4559 tilius
362 4502 552 4572 emancipatus
575 4499 682 4572 absque
709 4498 795 4571 patris
821 4516 956 4554 consensu
981 4516 1093 4555 uxorem
1122 4503 1198 4558 nium
1216 4503 1287 4557 inter
1307 4507 1426 4556 tutorem
1443 4509 1472 4557 et
1484 4502 1617 4585 pupillam
1635 4507 1668 4556 ut
1686 4507 1715 4557 et
1731 4503 1804 4558 iuter
1817 4504 1955 4575 pupillam

131 4571 229 4663 {22⁸3}ss
262 4591 363 4647 ducere
393 4595 493 4661 potest.
516 4589 535 4644 1.
564 4586 757 4643 filiusfamilias
782 4592 825 4644 25.
848 4586 884 4641 de
900 4585 956 4641 ritu
973 4587 1092 4661 meptiar.
1120 4606 1153 4645 ac
1183 4590 1282 4645 tutoris
1305 4588 1394 4642 filium
1411 4588 1625 4658 prohibuerunt,
1652 4589 1727 4660 quod
1744 4597 1892 4658 verentur,
1920 4609 1956 4648 ne

131 4667 231 4768 {2222}
260 4678 308 4733 sed
326 4677 384 4732 filia
404 4676 591 4748 emancipata,
607 4673 699 4747 quoad
717 4673 880 4744 vigesimum
901 4673 1027 4745 quintum
1045 4691 1093 4729 an-
1119 4682 1194 4730 tutor
1216 4692 1279 4729 cum
1301 4676 1403 4730 damno
1421 4675 1545 4745 pupillae
1560 4675 1729 4744 ditesceret,
1754 4676 1771 4731 l.
1789 4694 1845 4731 non
1864 4679 1955 4734 solum

130 4767 182 4809 sort
259 4780 325 4817 num
343 4763 480 4836 attigerit,
503 4779 559 4817 uon
587 4760 671 4817 modo
690 4760 808 4830 primas,
835 4759 884 4817 sed
903 4776 939 4816 ne
957 4761 1092 4815 secundas
1120 4768 1160 4818 61.
1179 4761 1208 4816 in
1234 4779 1276 4832 pr.
1294 4762 1329 4815 de
1353 4761 1397 4817 rit.
1423 4767 1502 4832 nupt.
1538 4768 1562 4818 4.
1584 4761 1617 4815 lu
1643 4762 1780 4817 tutoribus
1798 4769 1890 4818 cessat
1907 4765 1957 4820 illa

259 4849 371 4920 quidem
398 4850 511 4921 nuptias
548 4848 607 4904 sine
637 4846 724 4917 patris
762 4864 897 4903 consensu
930 4846 1092 4902 contrahere
1118 4849 1203 4913 ratio,
1239 4847 1312 4920 quod
1351 4848 1436 4902 insito
1473 4864 1528 4902 non
1563 4848 1664 4902 debeat
1700 4851 1822 4902 monaci
1864 4851 1956 4906 heres.

259 4942 358 5006 potest.
376 4936 392 4990 l.
408 4935 516 4992 viduae.
534 4933 566 4992 C.
585 4933 621 4988 de
638 4939 716 5005 nupt.
733 4934 813 5004 cujus
826 4933 992 4989 diversitatis
1009 4933 1092 4988 ratio·
1117 4935 1249 5006 Kliugius
1273 4934 1302 4988 in
1325 4939 1405 4988 tract.
1424 4935 1459 4989 de
1485 4951 1560 4991 caus.
1580 4934 1697 4990 matrim.
1717 4951 1744 5004 p.
1764 4939 1805 4989 et.
1824 4935 1860 4989 ad
1879 4937 1957 4993 idem

259 5038 323 5077 nem
343 5022 457 5077 tradunt
470 5020 589 5087 hancce,
616 5020 691 5092 quod
707 5019 771 5091 plus
793 5019 908 5090 periculi
932 5019 968 5075 sit
986 5019 1015 5073 in
1033 5019 1092 5074 filia
1117 5020 1292 5092 probandum
1318 5020 1433 5075 adducit
1450 5023 1467 5077 l.
1487 5021 1515 5075 in
1536 5005 1706 5091 copulandis.
1727 5020 1757 5076 O.
1779 5021 1813 5075 de
1836 5024 1955 5094 nuptiis.

260 5126 343 5181 quam
375 5107 432 5164 filio
462 5115 576 5180 propter
606 5124 686 5163 sexus
716 5106 895 5178 fragilitatem
927 5113 955 5161 et
985 5107 1092 5162 consilii
1118 5107 1237 5176 Quidam
1257 5108 1423 5162 contrarium
1441 5114 1575 5176 statuunt,
1596 5108 1697 5179 requiri
1710 5107 1817 5162 scilieet
1829 5114 1953 5166 tutorum
1967 5128 2009 5170 xv.

258 5195 453 5254 infirmitatem.
490 5195 520 5251 Si
537 5195 648 5268 puellae
666 5195 783 5265 meJ'orcs
803 5198 867 5247 sunt
884 5198 916 5249 25
935 5194 1025 5263 aunis,
1041 5212 1091 5250 suo
1118 5209 1293 5263 eonsensum,
1321 5200 1343 5250 1.
1368 5195 1434 5266 qnia
1457 5199 1561 5248 tutores
1578 5194 1730 5249 succedunt
1746 5193 1776 5248 in
1794 5194 1886 5250 locum
1905 5214 1956 5270 pa-

257 5283 371 5340 arbitrio
405 5282 568 5338 inconsultis
594 5280 755 5353 parentibus
779 5279 892 5351 impune
924 5279 1093 5337 contrahunt
1116 5288 1225 5336 rentum
1255 5287 1283 5334 st
1312 5280 1487 5336 continentur
1521 5280 1574 5335 sub
1603 5280 1712 5336 nomine
1744 5287 1892 5351 pareutum
1924 5285 1955 5340 in

256 5369 405 5443 sponsalia.
442 5368 549 5426 Norell.
577 5373 610 5422 ut
633 5384 696 5422 oum
715 5366 750 5423 de
767 5366 898 5437 appellat.
918 5384 1043 5438 cognosc.
1061 5365 1090 5442 ξ.
1117 5371 1216 5441 quarto
1234 5367 1360 5441 decalogi
1387 5370 1551 5438 praecepto,
1579 5364 1643 5418 inde
1665 5365 1804 5420 Luthsrus
1830 5365 1858 5420 iu
1879 5367 1898 5424 l.
1919 5367 1957 5424 de

257 5475 363 5527 causas,
382 5457 456 5512 idem
473 5470 537 5509 vero
554 5453 611 5509 filio
634 5460 665 5509 25
679 5455 757 5510 aunis
771 5453 869 5524 maJori
882 5452 1089 5524 licerencgunt,
1117 5468 1193 5511 oaus.
1212 5453 1327 5509 matrim.
1354 5451 1449 5509 addit:
1472 5453 1539 5510 utet
1564 5466 1600 5508 au
1625 5452 1780 5523 attentati
1803 5452 1857 5521 itia
1882 5468 1959 5527 teau,
