<?xml version="1.0" encoding="UTF-8"?>
<!DOCTYPE html PUBLIC "-//W3C//DTD XHTML 1.0 Transitional//EN"
    "http://www.w3.org/TR/xhtml1/DTD/xhtml1-transitional.dtd">
<html xmlns="http://www.w3.org/1999/xhtml" xml:lang="en" lang="en">
 <head>
  <title>
</title>
<meta http-equiv="Content-Type" content="text/html;charset=utf-8" />
  <meta name='ocr-system' content='tesseract 3.04.00' />
  <meta name='ocr-capabilities' content='ocr_page ocr_carea ocr_par ocr_line ocrx_word'/>
</head>
<body>
  <div class='ocr_page' id='page_1' title='image "./locitheologicit01gerhgoog/locitheologicit01gerhgoog_0352.png"; bbox 0 0 4020 6022; ppageno 0'>
   <div class='ocr_carea' id='block_1_1' title="bbox 188 334 1295 405">
    <p class='ocr_par' dir='ltr' id='par_1_1' title="bbox 188 334 1295 405">
     <span class='ocr_line' id='line_1_1' title="bbox 188 334 1295 405; baseline -0.008 -1"><span class='ocrx_word' id='word_1_1' title='bbox 188 348 247 405; x_wconf 78' lang='lat'><strong>342</strong></span> <span class='ocrx_word' id='word_1_2' title='bbox 760 334 883 394; x_wconf 79' lang='lat' dir='ltr'>LOCUS</span> <span class='ocrx_word' id='word_1_3' title='bbox 899 334 1103 393; x_wconf 69' lang='lat' dir='ltr'><strong>uouemus</strong></span> <span class='ocrx_word' id='word_1_4' title='bbox 1125 336 1295 403; x_wconf 75' lang='lat' dir='ltr'><strong>uolutus</strong></span> 
     </span>
    </p>
   </div>
   <div class='ocr_carea' id='block_1_2' title="bbox 186 482 1886 2463">
    <p class='ocr_par' dir='ltr' id='par_1_2' title="bbox 186 482 1886 2463">
     <span class='ocr_line' id='line_1_2' title="bbox 193 482 1883 563; baseline -0.002 -15"><span class='ocrx_word' id='word_1_5' title='bbox 193 500 221 549; x_wconf 90' lang='lat' dir='ltr'><strong>et</strong></span> <span class='ocrx_word' id='word_1_6' title='bbox 238 492 329 563; x_wconf 82' lang='lat' dir='ltr'><strong>magis</strong></span> <span class='ocrx_word' id='word_1_7' title='bbox 347 490 382 546; x_wconf 91' lang='lat' dir='ltr'><strong>ad</strong></span> <span class='ocrx_word' id='word_1_8' title='bbox 402 488 620 546; x_wconf 87' lang='lat' dir='ltr'><strong>aedificationem</strong></span> <span class='ocrx_word' id='word_1_9' title='bbox 638 490 832 547; x_wconf 84' lang='lat' dir='ltr'><strong>conducebant</strong></span> <span class='ocrx_word' id='word_1_10' title='bbox 855 507 940 562; x_wconf 89' lang='lat' dir='ltr'><strong>quam</strong></span> <span class='ocrx_word' id='word_1_11' title='bbox 958 482 1209 559; x_wconf 76' lang='lat' dir='ltr'><strong>con-lpnsnont</strong></span> <span class='ocrx_word' id='word_1_12' title='bbox 1232 510 1297 546; x_wconf 84' lang='lat' dir='ltr'><strong>nam</strong></span> <span class='ocrx_word' id='word_1_13' title='bbox 1311 492 1375 562; x_wconf 60' lang='lat' dir='ltr'><strong>qast</strong></span> <span class='ocrx_word' id='word_1_14' title='bbox 1400 508 1524 561; x_wconf 78' lang='lat' dir='ltr'><strong>anquam</strong></span> <span class='ocrx_word' id='word_1_15' title='bbox 1542 490 1672 546; x_wconf 79' lang='lat' dir='ltr'><strong>hortatus</strong></span> <span class='ocrx_word' id='word_1_16' title='bbox 1688 497 1731 546; x_wconf 81' lang='lat' dir='ltr'><strong>eat</strong></span> <span class='ocrx_word' id='word_1_17' title='bbox 1749 491 1883 557; x_wconf 70' lang='lat' dir='ltr'><strong>ioannes,</strong></span> 
     </span>
     <span class='ocr_line' id='line_1_3' title="bbox 187 575 1881 673; baseline -0.002 -38"><span class='ocrx_word' id='word_1_18' title='bbox 187 580 314 647; x_wconf 80' lang='lat' dir='ltr'>tinentia,</span> <span class='ocrx_word' id='word_1_19' title='bbox 333 597 388 634; x_wconf 91' lang='lat' dir='ltr'><strong>uon</strong></span> <span class='ocrx_word' id='word_1_20' title='bbox 406 584 497 633; x_wconf 87' lang='lat' dir='ltr'><strong>tamen</strong></span> <span class='ocrx_word' id='word_1_21' title='bbox 515 577 582 632; x_wconf 86' lang='lat' dir='ltr'><strong>data</strong></span> <span class='ocrx_word' id='word_1_22' title='bbox 600 576 713 633; x_wconf 72' lang='lat' dir='ltr'><strong>luerim</strong></span> <span class='ocrx_word' id='word_1_23' title='bbox 730 577 866 646; x_wconf 85' lang='lat' dir='ltr'><strong>omnibus,</strong></span> <span class='ocrx_word' id='word_1_24' title='bbox 881 575 1019 650; x_wconf 91' lang='lat' dir='ltr'><strong>quomodo</strong></span> <span class='ocrx_word' id='word_1_25' title='bbox 1031 586 1033 673; x_wconf 55' lang='lat' dir='ltr'><strong>q</strong></span> <span class='ocrx_word' id='word_1_26' title='bbox 1046 585 1076 631; x_wconf 85' lang='lat' dir='ltr'><strong>nt</strong></span> <span class='ocrx_word' id='word_1_27' title='bbox 1093 578 1163 642; x_wconf 73' lang='lat' dir='ltr'><strong>fiant</strong></span> <span class='ocrx_word' id='word_1_28' title='bbox 1176 578 1355 648; x_wconf 73' lang='lat' dir='ltr'><strong>prophetae!</strong></span> <span class='ocrx_word' id='word_1_29' title='bbox 1382 576 1609 649; x_wconf 73' lang='lat' dir='ltr'>Respondemus:</span> <span class='ocrx_word' id='word_1_30' title='bbox 1623 576 1703 633; x_wconf 80' lang='lat' dir='ltr'><strong>Haec</strong></span> <span class='ocrx_word' id='word_1_31' title='bbox 1727 576 1881 633; x_wconf 80' lang='lat' dir='ltr'><strong>cohortatio</strong></span> 
     </span>
     <span class='ocr_line' id='line_1_4' title="bbox 188 661 1881 735; baseline -0.001 -15"><span class='ocrx_word' id='word_1_32' title='bbox 188 667 292 722; x_wconf 92' lang='lat' dir='ltr'><strong>donum</strong></span> <span class='ocrx_word' id='word_1_33' title='bbox 309 665 493 720; x_wconf 80' lang='lat' dir='ltr'><strong>continentiae</strong></span> <span class='ocrx_word' id='word_1_34' title='bbox 509 663 636 719; x_wconf 87' lang='lat' dir='ltr'><strong>omnibus</strong></span> <span class='ocrx_word' id='word_1_35' title='bbox 653 665 683 719; x_wconf 90' lang='lat' dir='ltr'><strong>iu</strong></span> <span class='ocrx_word' id='word_1_36' title='bbox 699 664 866 734; x_wconf 84' lang='lat' dir='ltr'><strong>universum,</strong></span> <span class='ocrx_word' id='word_1_37' title='bbox 883 663 931 735; x_wconf 91' lang='lat' dir='ltr'><strong>qui</strong></span> <span class='ocrx_word' id='word_1_38' title='bbox 949 661 1018 717; x_wconf 93' lang='lat' dir='ltr'><strong>illud</strong></span> <span class='ocrx_word' id='word_1_39' title='bbox 1031 680 1033 691; x_wconf 91' lang='lat'>·</span> <span class='ocrx_word' id='word_1_40' title='bbox 1045 664 1088 720; x_wconf 87' lang='lat' dir='ltr'><strong>vel</strong></span> <span class='ocrx_word' id='word_1_41' title='bbox 1099 664 1240 721; x_wconf 78' lang='grc' dir='ltr'>οοιιοοοοίο</span> <span class='ocrx_word' id='word_1_42' title='bbox 1249 664 1416 720; x_wconf 79' lang='lat' dir='ltr'><strong>christinae</strong></span> <span class='ocrx_word' id='word_1_43' title='bbox 1426 662 1548 735; x_wconf 83' lang='lat' dir='ltr'><strong>pertinet</strong></span> <span class='ocrx_word' id='word_1_44' title='bbox 1559 662 1718 719; x_wconf 85' lang='lat' dir='ltr'><strong>indistincte</strong></span> <span class='ocrx_word' id='word_1_45' title='bbox 1730 662 1881 732; x_wconf 73' lang='lat' dir='ltr'><strong>admon,</strong></span> 
     </span>
     <span class='ocr_line' id='line_1_5' title="bbox 187 702 1882 825; baseline -0.003 -15"><span class='ocrx_word' id='word_1_46' title='bbox 187 758 328 825; x_wconf 87' lang='lat' dir='ltr'><strong>expetunt,</strong></span> <span class='ocrx_word' id='word_1_47' title='bbox 347 769 506 808; x_wconf 84' lang='lat' dir='ltr'><strong>concessum</strong></span> <span class='ocrx_word' id='word_1_48' title='bbox 521 768 590 816; x_wconf 87' lang='lat' dir='ltr'><strong>esse,</strong></span> <span class='ocrx_word' id='word_1_49' title='bbox 609 750 740 805; x_wconf 79' lang='lat' dir='ltr'><strong>affirmari</strong></span> <span class='ocrx_word' id='word_1_50' title='bbox 755 750 865 822; x_wconf 84' lang='lat' dir='ltr'><strong>poterit</strong></span> <span class='ocrx_word' id='word_1_51' title='bbox 897 749 1019 804; x_wconf 85' lang='lat' dir='ltr'><strong>Pessime</strong></span> <span class='ocrx_word' id='word_1_52' title='bbox 1030 702 1033 795; x_wconf 69' lang='lat' dir='ltr'><strong>i</strong></span> <span class='ocrx_word' id='word_1_53' title='bbox 1044 749 1094 805; x_wconf 91' lang='lat' dir='ltr'><strong>sed</strong></span> <span class='ocrx_word' id='word_1_54' title='bbox 1105 751 1142 804; x_wconf 87' lang='lat' dir='ltr'><strong>ad</strong></span> <span class='ocrx_word' id='word_1_55' title='bbox 1155 749 1217 806; x_wconf 88' lang='lat' dir='ltr'><strong>illos</strong></span> <span class='ocrx_word' id='word_1_56' title='bbox 1228 756 1340 805; x_wconf 88' lang='lat' dir='ltr'><strong>tantum</strong></span> <span class='ocrx_word' id='word_1_57' title='bbox 1352 750 1454 821; x_wconf 83' lang='lat' dir='ltr'><strong>quibus</strong></span> <span class='ocrx_word' id='word_1_58' title='bbox 1466 750 1563 804; x_wconf 88' lang='lat' dir='ltr'><strong>datum</strong></span> <span class='ocrx_word' id='word_1_59' title='bbox 1575 753 1619 805; x_wconf 87' lang='lat' dir='ltr'><strong>eat</strong></span> <span class='ocrx_word' id='word_1_60' title='bbox 1630 749 1821 805; x_wconf 84' lang='lat' dir='ltr'><strong>continentiae</strong></span> <span class='ocrx_word' id='word_1_61' title='bbox 1833 749 1882 805; x_wconf 90' lang='lat' dir='ltr'><strong>do·</strong></span> 
     </span>
     <span class='ocr_line' id='line_1_6' title="bbox 187 834 1882 913; baseline -0.002 -19"><span class='ocrx_word' id='word_1_62' title='bbox 187 841 272 913; x_wconf 81' lang='lat' dir='ltr'><strong>igitur</strong></span> <span class='ocrx_word' id='word_1_63' title='bbox 291 840 360 895; x_wconf 84' lang='lat' dir='ltr'><strong>hacc</strong></span> <span class='ocrx_word' id='word_1_64' title='bbox 380 839 436 893; x_wconf 89' lang='lat' dir='ltr'><strong>duo</strong></span> <span class='ocrx_word' id='word_1_65' title='bbox 459 838 591 893; x_wconf 85' lang='lat' dir='ltr'><strong>distincta</strong></span> <span class='ocrx_word' id='word_1_66' title='bbox 615 837 748 893; x_wconf 89' lang='lat' dir='ltr'><strong>donorum</strong></span> <span class='ocrx_word' id='word_1_67' title='bbox 774 852 878 909; x_wconf 84' lang='lat' dir='ltr'><strong>genera</strong></span> <span class='ocrx_word' id='word_1_68' title='bbox 903 834 1019 891; x_wconf 71' lang='lat' dir='ltr'><strong>conium·</strong></span> <span class='ocrx_word' id='word_1_69' title='bbox 1044 842 1200 901; x_wconf 88' lang='lat' dir='ltr'><strong>num,utex</strong></span> <span class='ocrx_word' id='word_1_70' title='bbox 1218 854 1373 907; x_wconf 76' lang='lat' dir='ltr'><strong>verspror.</strong></span> <span class='ocrx_word' id='word_1_71' title='bbox 1390 836 1576 904; x_wconf 83' lang='lat' dir='ltr'><strong>manifestum,</strong></span> <span class='ocrx_word' id='word_1_72' title='bbox 1594 835 1709 908; x_wconf 86' lang='lat' dir='ltr'><strong>reliquis</strong></span> <span class='ocrx_word' id='word_1_73' title='bbox 1729 836 1815 905; x_wconf 67' lang='lat' dir='ltr'><strong>cuiun</strong></span> <span class='ocrx_word' id='word_1_74' title='bbox 1833 834 1882 908; x_wconf 87' lang='lat' dir='ltr'><strong>qul</strong></span> 
     </span>
     <span class='ocr_line' id='line_1_7' title="bbox 186 921 1879 993; baseline -0.002 -14"><span class='ocrx_word' id='word_1_75' title='bbox 186 927 228 981; x_wconf 91' lang='lat' dir='ltr'><strong>dit</strong></span> <span class='ocrx_word' id='word_1_76' title='bbox 255 925 454 993; x_wconf 87' lang='lat' dir='ltr'><strong>Bellarminus,</strong></span> <span class='ocrx_word' id='word_1_77' title='bbox 484 941 540 978; x_wconf 89' lang='lat' dir='ltr'><strong>non</strong></span> <span class='ocrx_word' id='word_1_78' title='bbox 567 923 640 979; x_wconf 88' lang='lat' dir='ltr'><strong>cuim</strong></span> <span class='ocrx_word' id='word_1_79' title='bbox 666 940 760 978; x_wconf 89' lang='lat' dir='ltr'><strong>omnes</strong></span> <span class='ocrx_word' id='word_1_80' title='bbox 787 922 884 979; x_wconf 87' lang='lat' dir='ltr'><strong>eodem</strong></span> <span class='ocrx_word' id='word_1_81' title='bbox 912 922 1118 993; x_wconf 72' lang='lat' dir='ltr'><strong>gredaedono</strong></span> <span class='ocrx_word' id='word_1_82' title='bbox 1134 921 1186 977; x_wconf 92' lang='lat' dir='ltr'><strong>hoc</strong></span> <span class='ocrx_word' id='word_1_83' title='bbox 1205 923 1329 979; x_wconf 86' lang='lat' dir='ltr'><strong>destituti</strong></span> <span class='ocrx_word' id='word_1_84' title='bbox 1351 929 1416 978; x_wconf 90' lang='lat' dir='ltr'><strong>sunt</strong></span> <span class='ocrx_word' id='word_1_85' title='bbox 1439 928 1468 977; x_wconf 89' lang='lat' dir='ltr'><strong>et</strong></span> <span class='ocrx_word' id='word_1_86' title='bbox 1491 927 1622 992; x_wconf 86' lang='lat' dir='ltr'><strong>uruntur,</strong></span> <span class='ocrx_word' id='word_1_87' title='bbox 1650 922 1736 977; x_wconf 84' lang='lat' dir='ltr'><strong>aliam</strong></span> <span class='ocrx_word' id='word_1_88' title='bbox 1752 922 1879 993; x_wconf 74' lang='lat' dir='ltr'><strong>regulam</strong></span> 
     </span>
     <span class='ocr_line' id='line_1_8' title="bbox 187 1008 1880 1083; baseline -0.004 -15"><span class='ocrx_word' id='word_1_89' title='bbox 187 1013 290 1068; x_wconf 87' lang='lat' dir='ltr'><strong>auxilio</strong></span> <span class='ocrx_word' id='word_1_90' title='bbox 306 1017 423 1083; x_wconf 86' lang='lat' dir='ltr'><strong>possunt</strong></span> <span class='ocrx_word' id='word_1_91' title='bbox 441 1010 582 1067; x_wconf 87' lang='lat' dir='ltr'><strong>continere</strong></span> <span class='ocrx_word' id='word_1_92' title='bbox 608 1015 636 1065; x_wconf 89' lang='lat' dir='ltr'><strong>et</strong></span> <span class='ocrx_word' id='word_1_93' title='bbox 657 1009 780 1066; x_wconf 86' lang='lat' dir='ltr'><strong>credere.</strong></span> <span class='ocrx_word' id='word_1_94' title='bbox 818 1008 937 1065; x_wconf 83' lang='lat' dir='ltr'><strong>Credere</strong></span> <span class='ocrx_word' id='word_1_95' title='bbox 955 1026 1017 1080; x_wconf 90' lang='lat' dir='ltr'><strong>pos·</strong></span> <span class='ocrx_word' id='word_1_96' title='bbox 1030 1009 1207 1081; x_wconf 67' lang='lat' dir='ltr'><strong>praeambit</strong></span> <span class='ocrx_word' id='word_1_97' title='bbox 1225 1009 1382 1080; x_wconf 82' lang='lat' dir='ltr'><strong>apostolus:</strong></span> <span class='ocrx_word' id='word_1_98' title='bbox 1403 1009 1458 1071; x_wconf 74' lang='lat' dir='ltr'><strong>Qui</strong></span> <span class='ocrx_word' id='word_1_99' title='bbox 1475 1024 1505 1063; x_wconf 82' lang='lat' dir='ltr'><strong>se</strong></span> <span class='ocrx_word' id='word_1_100' title='bbox 1524 1027 1581 1064; x_wconf 90' lang='lat' dir='ltr'><strong>non</strong></span> <span class='ocrx_word' id='word_1_101' title='bbox 1598 1008 1748 1078; x_wconf 84' lang='lat' dir='ltr'><strong>continent,</strong></span> <span class='ocrx_word' id='word_1_102' title='bbox 1767 1008 1880 1063; x_wconf 77' lang='lat' dir='ltr'><strong>notant</strong></span> 
     </span>
     <span class='ocr_line' id='line_1_9' title="bbox 186 1088 1878 1170; baseline -0.004 -15"><span class='ocrx_word' id='word_1_103' title='bbox 186 1107 252 1155; x_wconf 87' lang='lat' dir='ltr'><strong>sunt</strong></span> <span class='ocrx_word' id='word_1_104' title='bbox 270 1116 320 1170; x_wconf 89' lang='lat' dir='ltr'><strong>per</strong></span> <span class='ocrx_word' id='word_1_105' title='bbox 336 1098 391 1152; x_wconf 90' lang='lat' dir='ltr'><strong>Dei</strong></span> <span class='ocrx_word' id='word_1_106' title='bbox 408 1097 542 1169; x_wconf 77' lang='lat' dir='ltr'><strong>gratiam,</strong></span> <span class='ocrx_word' id='word_1_107' title='bbox 565 1096 613 1168; x_wconf 90' lang='lat' dir='ltr'><strong>qui</strong></span> <span class='ocrx_word' id='word_1_108' title='bbox 636 1102 752 1151; x_wconf 91' lang='lat' dir='ltr'><strong>utuntur</strong></span> <span class='ocrx_word' id='word_1_109' title='bbox 778 1096 870 1151; x_wconf 89' lang='lat' dir='ltr'><strong>medio</strong></span> <span class='ocrx_word' id='word_1_110' title='bbox 886 1095 1019 1151; x_wconf 84' lang='lat' dir='ltr'><strong>divinitus</strong></span> <span class='ocrx_word' id='word_1_111' title='bbox 1030 1088 1033 1145; x_wconf 73' lang='lat' dir='ltr'>j</span> <span class='ocrx_word' id='word_1_112' title='bbox 1044 1097 1104 1155; x_wconf 84' lang='lat' dir='ltr'><strong>Nec</strong></span> <span class='ocrx_word' id='word_1_113' title='bbox 1123 1096 1153 1151; x_wconf 92' lang='lat' dir='ltr'><strong>in</strong></span> <span class='ocrx_word' id='word_1_114' title='bbox 1170 1112 1271 1169; x_wconf 74' lang='lat' dir='ltr'><strong>genere</strong></span> <span class='ocrx_word' id='word_1_115' title='bbox 1290 1095 1452 1167; x_wconf 84' lang='lat' dir='ltr'><strong>pronuntiat</strong></span> <span class='ocrx_word' id='word_1_116' title='bbox 1470 1094 1605 1163; x_wconf 74' lang='lat' dir='ltr'><strong>chrisma,</strong></span> <span class='ocrx_word' id='word_1_117' title='bbox 1619 1096 1673 1164; x_wconf 79' lang='lat' dir='ltr'><strong>qni</strong></span> <span class='ocrx_word' id='word_1_118' title='bbox 1687 1094 1749 1149; x_wconf 79' lang='lat' dir='ltr'><strong>anit</strong></span> <span class='ocrx_word' id='word_1_119' title='bbox 1768 1110 1878 1163; x_wconf 79' lang='lat' dir='ltr'><strong>capere,</strong></span> 
     </span>
     <span class='ocr_line' id='line_1_10' title="bbox 186 1160 1880 1255; baseline -0.002 -14"><span class='ocrx_word' id='word_1_120' title='bbox 186 1187 327 1248; x_wconf 84' lang='lat' dir='ltr'><strong>instituto,</strong></span> <span class='ocrx_word' id='word_1_121' title='bbox 348 1184 396 1255; x_wconf 94' lang='lat' dir='ltr'><strong>qui</strong></span> <span class='ocrx_word' id='word_1_122' title='bbox 419 1183 534 1239; x_wconf 86' lang='lat' dir='ltr'><strong>verbum</strong></span> <span class='ocrx_word' id='word_1_123' title='bbox 563 1182 681 1237; x_wconf 90' lang='lat' dir='ltr'><strong>audiunt</strong></span> <span class='ocrx_word' id='word_1_124' title='bbox 704 1199 738 1237; x_wconf 89' lang='lat' dir='ltr'><strong>ac</strong></span> <span class='ocrx_word' id='word_1_125' title='bbox 762 1183 945 1251; x_wconf 70' lang='lat' dir='ltr'><strong>meditantur,</strong></span> <span class='ocrx_word' id='word_1_126' title='bbox 969 1160 1154 1253; x_wconf 70' lang='lat' dir='ltr'><strong>aedioapiat,</strong></span> <span class='ocrx_word' id='word_1_127' title='bbox 1187 1184 1235 1239; x_wconf 84' lang='lat' dir='ltr'><strong>sed</strong></span> <span class='ocrx_word' id='word_1_128' title='bbox 1261 1185 1312 1253; x_wconf 80' lang='lat' dir='ltr'><strong>qai</strong></span> <span class='ocrx_word' id='word_1_129' title='bbox 1334 1190 1429 1251; x_wconf 82' lang='lat' dir='ltr'><strong>potest</strong></span> <span class='ocrx_word' id='word_1_130' title='bbox 1451 1199 1566 1251; x_wconf 85' lang='lat' dir='ltr'><strong>capere,</strong></span> <span class='ocrx_word' id='word_1_131' title='bbox 1597 1182 1709 1251; x_wconf 86' lang='lat' dir='ltr'><strong>capiat,</strong></span> <span class='ocrx_word' id='word_1_132' title='bbox 1733 1196 1792 1236; x_wconf 90' lang='lat' dir='ltr'><strong>nou</strong></span> <span class='ocrx_word' id='word_1_133' title='bbox 1812 1197 1880 1252; x_wconf 75' lang='lat' dir='ltr'><strong>ergo</strong></span> 
     </span>
     <span class='ocr_line' id='line_1_11' title="bbox 187 1267 1879 1340; baseline -0.003 -12"><span class='ocrx_word' id='word_1_134' title='bbox 187 1273 328 1328; x_wconf 87' lang='lat' dir='ltr'><strong>continere</strong></span> <span class='ocrx_word' id='word_1_135' title='bbox 345 1288 401 1325; x_wconf 91' lang='lat' dir='ltr'><strong>non</strong></span> <span class='ocrx_word' id='word_1_136' title='bbox 424 1273 552 1340; x_wconf 83' lang='lat' dir='ltr'><strong>possunt,</strong></span> <span class='ocrx_word' id='word_1_137' title='bbox 578 1268 632 1323; x_wconf 90' lang='lat' dir='ltr'><strong>nisi</strong></span> <span class='ocrx_word' id='word_1_138' title='bbox 649 1268 750 1339; x_wconf 89' lang='lat' dir='ltr'><strong>quibus</strong></span> <span class='ocrx_word' id='word_1_139' title='bbox 768 1268 948 1340; x_wconf 73' lang='lat' dir='ltr'><strong>peculiariter</strong></span> <span class='ocrx_word' id='word_1_140' title='bbox 966 1268 1018 1322; x_wconf 93' lang='lat' dir='ltr'><strong>hoc</strong></span> <span class='ocrx_word' id='word_1_141' title='bbox 1030 1292 1033 1317; x_wconf 87' lang='grc' dir='ltr'>ι</span> <span class='ocrx_word' id='word_1_142' title='bbox 1045 1269 1167 1340; x_wconf 80' lang='lat' dir='ltr'><strong>cujusvis</strong></span> <span class='ocrx_word' id='word_1_143' title='bbox 1178 1269 1294 1323; x_wconf 89' lang='lat' dir='ltr'><strong>arbitrio</strong></span> <span class='ocrx_word' id='word_1_144' title='bbox 1307 1269 1376 1324; x_wconf 91' lang='lat' dir='ltr'><strong>illud</strong></span> <span class='ocrx_word' id='word_1_145' title='bbox 1389 1267 1529 1338; x_wconf 84' lang='lat' dir='ltr'><strong>relinquit,</strong></span> <span class='ocrx_word' id='word_1_146' title='bbox 1546 1273 1578 1322; x_wconf 91' lang='lat' dir='ltr'><strong>ut</strong></span> <span class='ocrx_word' id='word_1_147' title='bbox 1589 1284 1619 1323; x_wconf 87' lang='lat' dir='ltr'><strong>se</strong></span> <span class='ocrx_word' id='word_1_148' title='bbox 1631 1272 1755 1323; x_wconf 69' lang='lat' dir='ltr'><strong>canent</strong></span> <span class='ocrx_word' id='word_1_149' title='bbox 1766 1274 1879 1339; x_wconf 83' lang='lat' dir='ltr'><strong>propter</strong></span> 
     </span>
     <span class='ocr_line' id='line_1_12' title="bbox 187 1346 1880 1427; baseline -0.002 -14"><span class='ocrx_word' id='word_1_150' title='bbox 187 1360 282 1413; x_wconf 88' lang='lat' dir='ltr'><strong>datum</strong></span> <span class='ocrx_word' id='word_1_151' title='bbox 298 1362 349 1425; x_wconf 88' lang='lat' dir='ltr'><strong>cst,</strong></span> <span class='ocrx_word' id='word_1_152' title='bbox 366 1363 398 1411; x_wconf 94' lang='lat' dir='ltr'><strong>ut</strong></span> <span class='ocrx_word' id='word_1_153' title='bbox 411 1356 538 1412; x_wconf 86' lang='lat' dir='ltr'><strong>Christus</strong></span> <span class='ocrx_word' id='word_1_154' title='bbox 554 1359 679 1411; x_wconf 88' lang='lat' dir='ltr'><strong>testatur.</strong></span> <span class='ocrx_word' id='word_1_155' title='bbox 717 1354 894 1411; x_wconf 59' lang='lat' dir='ltr'><strong>&amp;numantia</strong></span> <span class='ocrx_word' id='word_1_156' title='bbox 906 1354 1018 1427; x_wconf 88' lang='lat' dir='ltr'><strong>quidem</strong></span> <span class='ocrx_word' id='word_1_157' title='bbox 1030 1346 1033 1409; x_wconf 75' lang='grc' dir='ltr'>ἰ</span> <span class='ocrx_word' id='word_1_158' title='bbox 1045 1371 1160 1427; x_wconf 78' lang='lat' dir='ltr'><strong>regnum</strong></span> <span class='ocrx_word' id='word_1_159' title='bbox 1179 1356 1328 1422; x_wconf 89' lang='lat' dir='ltr'><strong>coelorum,</strong></span> <span class='ocrx_word' id='word_1_160' title='bbox 1346 1355 1396 1411; x_wconf 86' lang='lat' dir='ltr'><strong>sed</strong></span> <span class='ocrx_word' id='word_1_161' title='bbox 1414 1355 1492 1418; x_wconf 87' lang='lat' dir='ltr'><strong>illos,</strong></span> <span class='ocrx_word' id='word_1_162' title='bbox 1509 1352 1611 1425; x_wconf 88' lang='lat' dir='ltr'><strong>quibus</strong></span> <span class='ocrx_word' id='word_1_163' title='bbox 1632 1353 1730 1409; x_wconf 80' lang='lat' dir='ltr'><strong>datmn</strong></span> <span class='ocrx_word' id='word_1_164' title='bbox 1748 1358 1805 1423; x_wconf 84' lang='lat' dir='ltr'><strong>est,</strong></span> <span class='ocrx_word' id='word_1_165' title='bbox 1823 1370 1880 1409; x_wconf 85' lang='grc' dir='ltr'>ιιιο-</span> 
     </span>
     <span class='ocr_line' id='line_1_13' title="bbox 187 1416 1880 1513; baseline -0.003 -13"><span class='ocrx_word' id='word_1_166' title='bbox 187 1446 243 1501; x_wconf 84' lang='lat' dir='ltr'><strong>sive</strong></span> <span class='ocrx_word' id='word_1_167' title='bbox 263 1444 376 1500; x_wconf 83' lang='lat' dir='ltr'><strong>castitas</strong></span> <span class='ocrx_word' id='word_1_168' title='bbox 401 1445 431 1497; x_wconf 85' lang='lat' dir='ltr'><strong>in</strong></span> <span class='ocrx_word' id='word_1_169' title='bbox 448 1460 547 1512; x_wconf 67' lang='lat' dir='ltr'><strong>aenae</strong></span> <span class='ocrx_word' id='word_1_170' title='bbox 572 1443 699 1499; x_wconf 87' lang='lat' dir='ltr'><strong>omnibus</strong></span> <span class='ocrx_word' id='word_1_171' title='bbox 722 1442 776 1513; x_wconf 88' lang='lat' dir='ltr'><strong>piis</strong></span> <span class='ocrx_word' id='word_1_172' title='bbox 795 1447 837 1497; x_wconf 89' lang='lat' dir='ltr'><strong>eat</strong></span> <span class='ocrx_word' id='word_1_173' title='bbox 854 1440 1019 1509; x_wconf 85' lang='lat' dir='ltr'><strong>necessaria,</strong></span> <span class='ocrx_word' id='word_1_174' title='bbox 1030 1416 1033 1491; x_wconf 72' lang='lat' dir='ltr'><strong>i</strong></span> <span class='ocrx_word' id='word_1_175' title='bbox 1045 1448 1109 1510; x_wconf 90' lang='lat' dir='ltr'><strong>net,</strong></span> <span class='ocrx_word' id='word_1_176' title='bbox 1128 1449 1160 1496; x_wconf 95' lang='lat' dir='ltr'><strong>ut</strong></span> <span class='ocrx_word' id='word_1_177' title='bbox 1178 1442 1230 1497; x_wconf 93' lang='lat' dir='ltr'><strong>hoc</strong></span> <span class='ocrx_word' id='word_1_178' title='bbox 1247 1442 1320 1497; x_wconf 91' lang='lat' dir='ltr'><strong>dono</strong></span> <span class='ocrx_word' id='word_1_179' title='bbox 1340 1442 1376 1497; x_wconf 88' lang='lat' dir='ltr'><strong>ad</strong></span> <span class='ocrx_word' id='word_1_180' title='bbox 1394 1441 1450 1497; x_wconf 92' lang='lat' dir='ltr'><strong>Dei</strong></span> <span class='ocrx_word' id='word_1_181' title='bbox 1467 1440 1582 1512; x_wconf 81' lang='lat' dir='ltr'><strong>gloriam</strong></span> <span class='ocrx_word' id='word_1_182' title='bbox 1601 1447 1630 1496; x_wconf 89' lang='lat' dir='ltr'><strong>et</strong></span> <span class='ocrx_word' id='word_1_183' title='bbox 1647 1440 1782 1497; x_wconf 88' lang='lat' dir='ltr'><strong>ecclesiae</strong></span> <span class='ocrx_word' id='word_1_184' title='bbox 1801 1439 1880 1495; x_wconf 85' lang='lat' dir='ltr'><strong>mini-</strong></span> 
     </span>
     <span class='ocr_line' id='line_1_14' title="bbox 187 1526 1880 1603; baseline -0.004 -15"><span class='ocrx_word' id='word_1_185' title='bbox 187 1550 220 1588; x_wconf 88' lang='lat' dir='ltr'><strong>ac</strong></span> <span class='ocrx_word' id='word_1_186' title='bbox 240 1532 356 1603; x_wconf 88' lang='lat' dir='ltr'><strong>proinde</strong></span> <span class='ocrx_word' id='word_1_187' title='bbox 373 1531 456 1585; x_wconf 89' lang='lat' dir='ltr'><strong>etiam</strong></span> <span class='ocrx_word' id='word_1_188' title='bbox 472 1547 566 1586; x_wconf 88' lang='lat' dir='ltr'><strong>omnes</strong></span> <span class='ocrx_word' id='word_1_189' title='bbox 580 1529 633 1585; x_wconf 94' lang='lat' dir='ltr'><strong>hoc</strong></span> <span class='ocrx_word' id='word_1_190' title='bbox 646 1546 728 1585; x_wconf 87' lang='lat' dir='ltr'><strong>sensu</strong></span> <span class='ocrx_word' id='word_1_191' title='bbox 743 1529 884 1585; x_wconf 89' lang='lat' dir='ltr'><strong>continere</strong></span> <span class='ocrx_word' id='word_1_192' title='bbox 894 1534 1018 1600; x_wconf 86' lang='lat' dir='ltr'><strong>possunt,</strong></span> <span class='ocrx_word' id='word_1_193' title='bbox 1046 1529 1159 1584; x_wconf 66' lang='lat' dir='ltr'><strong>surium</strong></span> <span class='ocrx_word' id='word_1_194' title='bbox 1177 1534 1299 1584; x_wconf 88' lang='lat' dir='ltr'><strong>utantur.</strong></span> <span class='ocrx_word' id='word_1_195' title='bbox 1338 1527 1420 1593; x_wconf 85' lang='lat' dir='ltr'><strong>Quod</strong></span> <span class='ocrx_word' id='word_1_196' title='bbox 1439 1526 1624 1583; x_wconf 86' lang='lat' dir='ltr'><strong>Bellarmiuus</strong></span> <span class='ocrx_word' id='word_1_197' title='bbox 1642 1526 1731 1592; x_wconf 88' lang='lat' dir='ltr'><strong>addit,</strong></span> <span class='ocrx_word' id='word_1_198' title='bbox 1749 1528 1815 1597; x_wconf 65' lang='lat' dir='ltr'><strong>qun</strong></span> <span class='ocrx_word' id='word_1_199' title='bbox 1828 1544 1880 1582; x_wconf 76' lang='lat' dir='ltr'><strong>aa·</strong></span> 
     </span>
     <span class='ocr_line' id='line_1_15' title="bbox 188 1613 1881 1689; baseline -0.003 -15"><span class='ocrx_word' id='word_1_200' title='bbox 188 1620 236 1689; x_wconf 93' lang='lat' dir='ltr'><strong>qui</strong></span> <span class='ocrx_word' id='word_1_201' title='bbox 252 1622 374 1689; x_wconf 89' lang='lat' dir='ltr'><strong>petunt,</strong></span> <span class='ocrx_word' id='word_1_202' title='bbox 398 1622 534 1671; x_wconf 85' lang='lat' dir='ltr'><strong>conentur</strong></span> <span class='ocrx_word' id='word_1_203' title='bbox 560 1623 588 1672; x_wconf 94' lang='lat' dir='ltr'><strong>et</strong></span> <span class='ocrx_word' id='word_1_204' title='bbox 611 1616 842 1687; x_wconf 87' lang='lat' dir='ltr'><strong>concupiscentiis</strong></span> <span class='ocrx_word' id='word_1_205' title='bbox 867 1633 917 1688; x_wconf 87' lang='lat' dir='ltr'><strong>per</strong></span> <span class='ocrx_word' id='word_1_206' title='bbox 935 1614 1018 1684; x_wconf 84' lang='lat' dir='ltr'><strong>Spiri-</strong></span> <span class='ocrx_word' id='word_1_207' title='bbox 1046 1632 1129 1685; x_wconf 63' lang='lat' dir='ltr'><strong>msam</strong></span> <span class='ocrx_word' id='word_1_208' title='bbox 1149 1615 1275 1671; x_wconf 72' lang='lat' dir='ltr'><strong>nonnus</strong></span> <span class='ocrx_word' id='word_1_209' title='bbox 1296 1622 1337 1669; x_wconf 80' lang='lat' dir='ltr'><strong>eat</strong></span> <span class='ocrx_word' id='word_1_210' title='bbox 1352 1615 1490 1680; x_wconf 77' lang='lat' dir='ltr'><strong>nomines,</strong></span> <span class='ocrx_word' id='word_1_211' title='bbox 1508 1622 1539 1668; x_wconf 87' lang='lat' dir='ltr'><strong>at</strong></span> <span class='ocrx_word' id='word_1_212' title='bbox 1549 1616 1627 1682; x_wconf 80' lang='lat' dir='ltr'><strong>flant</strong></span> <span class='ocrx_word' id='word_1_213' title='bbox 1639 1614 1822 1686; x_wconf 71' lang='lat' dir='ltr'><strong>prophetae!</strong></span> <span class='ocrx_word' id='word_1_214' title='bbox 1840 1613 1881 1668; x_wconf 91' lang='lat' dir='ltr'><strong>illi</strong></span> 
     </span>
     <span class='ocr_line' id='line_1_16' title="bbox 187 1700 1881 1776; baseline -0.004 -16"><span class='ocrx_word' id='word_1_215' title='bbox 187 1714 246 1761; x_wconf 92' lang='lat' dir='ltr'><strong>tum</strong></span> <span class='ocrx_word' id='word_1_216' title='bbox 264 1710 436 1776; x_wconf 87' lang='lat' dir='ltr'><strong>repugnant,</strong></span> <span class='ocrx_word' id='word_1_217' title='bbox 464 1704 514 1758; x_wconf 90' lang='lat' dir='ltr'><strong>sed</strong></span> <span class='ocrx_word' id='word_1_218' title='bbox 532 1703 675 1773; x_wconf 75' lang='lat' dir='ltr'><strong>virginalia</strong></span> <span class='ocrx_word' id='word_1_219' title='bbox 693 1701 864 1757; x_wconf 90' lang='lat' dir='ltr'><strong>continentia</strong></span> <span class='ocrx_word' id='word_1_220' title='bbox 880 1701 912 1754; x_wconf 84' lang='lat' dir='ltr'><strong>in</strong></span> <span class='ocrx_word' id='word_1_221' title='bbox 928 1701 1019 1773; x_wconf 77' lang='lat' dir='ltr'><strong>specie</strong></span> <span class='ocrx_word' id='word_1_222' title='bbox 1046 1702 1210 1772; x_wconf 88' lang='lat' dir='ltr'><strong>opponimus</strong></span> <span class='ocrx_word' id='word_1_223' title='bbox 1228 1701 1334 1756; x_wconf 90' lang='lat' dir='ltr'><strong>dictum</strong></span> <span class='ocrx_word' id='word_1_224' title='bbox 1361 1700 1544 1773; x_wconf 87' lang='lat' dir='ltr'><strong>apostolicum</strong></span> <span class='ocrx_word' id='word_1_225' title='bbox 1573 1707 1596 1758; x_wconf 91' lang='lat' dir='ltr'><strong>l.</strong></span> <span class='ocrx_word' id='word_1_226' title='bbox 1615 1700 1676 1758; x_wconf 84' lang='lat' dir='ltr'><strong>Cor.</strong></span> <span class='ocrx_word' id='word_1_227' title='bbox 1698 1706 1746 1768; x_wconf 86' lang='lat'><strong>12,</strong></span> <span class='ocrx_word' id='word_1_228' title='bbox 1779 1719 1806 1756; x_wconf 84' lang='lat' dir='ltr'><strong>r.</strong></span> <span class='ocrx_word' id='word_1_229' title='bbox 1831 1705 1881 1757; x_wconf 79' lang='lat' dir='ltr'><strong>tt:</strong></span> 
     </span>
     <span class='ocr_line' id='line_1_17' title="bbox 187 1786 1881 1867; baseline -0.004 -20"><span class='ocrx_word' id='word_1_230' title='bbox 187 1810 243 1847; x_wconf 89' lang='lat' dir='ltr'><strong>non</strong></span> <span class='ocrx_word' id='word_1_231' title='bbox 262 1797 305 1847; x_wconf 85' lang='lat' dir='ltr'><strong>est</strong></span> <span class='ocrx_word' id='word_1_232' title='bbox 321 1790 448 1848; x_wconf 89' lang='lat' dir='ltr'><strong>omnibus</strong></span> <span class='ocrx_word' id='word_1_233' title='bbox 476 1790 650 1855; x_wconf 82' lang='lat' dir='ltr'><strong>necessaria,</strong></span> <span class='ocrx_word' id='word_1_234' title='bbox 683 1806 717 1844; x_wconf 89' lang='lat' dir='ltr'><strong>ac</strong></span> <span class='ocrx_word' id='word_1_235' title='bbox 744 1789 860 1859; x_wconf 90' lang='lat' dir='ltr'><strong>proinde</strong></span> <span class='ocrx_word' id='word_1_236' title='bbox 885 1787 968 1843; x_wconf 88' lang='lat' dir='ltr'><strong>etiam</strong></span> <span class='ocrx_word' id='word_1_237' title='bbox 987 1786 1235 1867; x_wconf 66' lang='lat' dir='ltr'><strong>eoiAemalcmini</strong></span> <span class='ocrx_word' id='word_1_238' title='bbox 1265 1788 1438 1843; x_wconf 69' lang='lat' dir='ltr'><strong>charumata</strong></span> <span class='ocrx_word' id='word_1_239' title='bbox 1465 1788 1593 1843; x_wconf 70' lang='lat' dir='ltr'><strong>mdiora.</strong></span> <span class='ocrx_word' id='word_1_240' title='bbox 1627 1804 1689 1859; x_wconf 84' lang='lat' dir='ltr'><strong>cap.</strong></span> <span class='ocrx_word' id='word_1_241' title='bbox 1721 1792 1768 1852; x_wconf 85' lang='lat' dir='ltr'><strong>tt,</strong></span> <span class='ocrx_word' id='word_1_242' title='bbox 1796 1803 1824 1844; x_wconf 80' lang='lat' dir='ltr'><strong>v.</strong></span> <span class='ocrx_word' id='word_1_243' title='bbox 1852 1793 1881 1844; x_wconf 88' lang='lat' dir='ltr'><strong>l:</strong></span> 
     </span>
     <span class='ocr_line' id='line_1_18' title="bbox 188 1873 1882 1947; baseline -0.002 -15"><span class='ocrx_word' id='word_1_244' title='bbox 188 1896 271 1935; x_wconf 74' lang='lat' dir='ltr'><strong>sensu</strong></span> <span class='ocrx_word' id='word_1_245' title='bbox 290 1895 347 1932; x_wconf 94' lang='lat' dir='ltr'><strong>non</strong></span> <span class='ocrx_word' id='word_1_246' title='bbox 369 1894 464 1933; x_wconf 88' lang='lat' dir='ltr'><strong>omnes</strong></span> <span class='ocrx_word' id='word_1_247' title='bbox 485 1877 626 1932; x_wconf 89' lang='lat' dir='ltr'><strong>continere</strong></span> <span class='ocrx_word' id='word_1_248' title='bbox 645 1882 774 1947; x_wconf 87' lang='lat' dir='ltr'><strong>possunt,</strong></span> <span class='ocrx_word' id='word_1_249' title='bbox 801 1873 849 1929; x_wconf 85' lang='lat' dir='ltr'><strong>sed</strong></span> <span class='ocrx_word' id='word_1_250' title='bbox 869 1874 918 1945; x_wconf 94' lang='lat' dir='ltr'><strong>qui</strong></span> <span class='ocrx_word' id='word_1_251' title='bbox 937 1890 1020 1928; x_wconf 88' lang='lat' dir='ltr'><strong>urun-</strong></span> <span class='ocrx_word' id='word_1_252' title='bbox 1033 1876 1035 1901; x_wconf 87' lang='lat'><strong>¹</strong></span> <span class='ocrx_word' id='word_1_253' title='bbox 1049 1876 1235 1929; x_wconf 75' lang='lat' dir='ltr'><strong>Aemsdcnn&#39;ni</strong></span> <span class='ocrx_word' id='word_1_254' title='bbox 1250 1874 1424 1944; x_wconf 79' lang='lat' dir='ltr'><strong>spiritualia,</strong></span> <span class='ocrx_word' id='word_1_255' title='bbox 1442 1875 1533 1943; x_wconf 61' lang='lat' dir='ltr'><strong>newis</strong></span> <span class='ocrx_word' id='word_1_256' title='bbox 1548 1880 1684 1928; x_wconf 66' lang='lat' dir='ltr'><strong>autenm</strong></span> <span class='ocrx_word' id='word_1_257' title='bbox 1697 1875 1882 1947; x_wconf 65' lang='lat' dir='ltr'><strong>prophaetia</strong></span> 
     </span>
     <span class='ocr_line' id='line_1_19' title="bbox 188 1946 1883 2049; baseline -0.002 -30"><span class='ocrx_word' id='word_1_258' title='bbox 188 1970 243 2033; x_wconf 90' lang='lat' dir='ltr'><strong>tur,</strong></span> <span class='ocrx_word' id='word_1_259' title='bbox 264 1970 379 2019; x_wconf 86' lang='lat' dir='ltr'><strong>utantur</strong></span> <span class='ocrx_word' id='word_1_260' title='bbox 402 1962 522 2019; x_wconf 86' lang='lat' dir='ltr'><strong>remedio</strong></span> <span class='ocrx_word' id='word_1_261' title='bbox 548 1961 673 2033; x_wconf 81' lang='lat' dir='ltr'><strong>conjugii</strong></span> <span class='ocrx_word' id='word_1_262' title='bbox 699 1959 831 2015; x_wconf 80' lang='lat' dir='ltr'><strong>divinitus</strong></span> <span class='ocrx_word' id='word_1_263' title='bbox 850 1960 1020 2031; x_wconf 86' lang='lat' dir='ltr'><strong>praescripto</strong></span> <span class='ocrx_word' id='word_1_264' title='bbox 1032 1946 1035 2049; x_wconf 62' lang='lat' dir='ltr'><strong>i</strong></span> <span class='ocrx_word' id='word_1_265' title='bbox 1048 1961 1286 2027; x_wconf 75' lang='lat' dir='ltr'><strong>Quemadmodum</strong></span> <span class='ocrx_word' id='word_1_266' title='bbox 1304 1960 1390 2032; x_wconf 81' lang='lat' dir='ltr'><strong>igitur</strong></span> <span class='ocrx_word' id='word_1_267' title='bbox 1408 1960 1459 2015; x_wconf 91' lang='lat' dir='ltr'><strong>illa</strong></span> <span class='ocrx_word' id='word_1_268' title='bbox 1478 1959 1632 2017; x_wconf 80' lang='lat' dir='ltr'><strong>cohortatio</strong></span> <span class='ocrx_word' id='word_1_269' title='bbox 1654 1960 1810 2031; x_wconf 85' lang='lat' dir='ltr'><strong>apostolica</strong></span> <span class='ocrx_word' id='word_1_270' title='bbox 1827 1976 1883 2016; x_wconf 88' lang='lat' dir='ltr'><strong>non</strong></span> 
     </span>
     <span class='ocr_line' id='line_1_20' title="bbox 191 2045 1884 2120; baseline -0.004 -13"><span class='ocrx_word' id='word_1_271' title='bbox 191 2058 214 2109; x_wconf 90' lang='lat' dir='ltr'><strong>l.</strong></span> <span class='ocrx_word' id='word_1_272' title='bbox 233 2051 353 2106; x_wconf 80' lang='lat' dir='ltr'><strong>Corinth.</strong></span> <span class='ocrx_word' id='word_1_273' title='bbox 374 2057 404 2117; x_wconf 83' lang='lat' dir='ltr'><strong>t,</strong></span> <span class='ocrx_word' id='word_1_274' title='bbox 421 2069 446 2105; x_wconf 87' lang='lat' dir='ltr'><strong>v.</strong></span> <span class='ocrx_word' id='word_1_275' title='bbox 466 2056 491 2106; x_wconf 83' lang='grc'><strong>9.</strong></span> <span class='ocrx_word' id='word_1_276' title='bbox 511 2052 648 2120; x_wconf 89' lang='lat' dir='ltr'><strong>quotquot</strong></span> <span class='ocrx_word' id='word_1_277' title='bbox 664 2046 734 2101; x_wconf 90' lang='lat' dir='ltr'><strong>illud</strong></span> <span class='ocrx_word' id='word_1_278' title='bbox 753 2053 856 2102; x_wconf 89' lang='lat' dir='ltr'><strong>temere</strong></span> <span class='ocrx_word' id='word_1_279' title='bbox 874 2045 1101 2116; x_wconf 81' lang='lat' dir='ltr'><strong>repudianttnisi</strong></span> <span class='ocrx_word' id='word_1_280' title='bbox 1126 2048 1160 2102; x_wconf 91' lang='lat' dir='ltr'><strong>de</strong></span> <span class='ocrx_word' id='word_1_281' title='bbox 1184 2046 1239 2102; x_wconf 88' lang='lat' dir='ltr'><strong>illis</strong></span> <span class='ocrx_word' id='word_1_282' title='bbox 1264 2047 1440 2118; x_wconf 87' lang='lat' dir='ltr'><strong>accipienda,</strong></span> <span class='ocrx_word' id='word_1_283' title='bbox 1468 2048 1514 2119; x_wconf 91' lang='lat' dir='ltr'><strong>qui</strong></span> <span class='ocrx_word' id='word_1_284' title='bbox 1543 2048 1617 2102; x_wconf 92' lang='lat' dir='ltr'><strong>dono</strong></span> <span class='ocrx_word' id='word_1_285' title='bbox 1637 2046 1824 2118; x_wconf 85' lang='lat' dir='ltr'><strong>prophetandi</strong></span> <span class='ocrx_word' id='word_1_286' title='bbox 1843 2047 1884 2101; x_wconf 91' lang='lat' dir='ltr'><strong>iu·</strong></span> 
     </span>
     <span class='ocr_line' id='line_1_21' title="bbox 189 2133 1882 2210; baseline -0.003 -17"><span class='ocrx_word' id='word_1_287' title='bbox 189 2144 274 2210; x_wconf 86' lang='lat' dir='ltr'><strong>atque</strong></span> <span class='ocrx_word' id='word_1_288' title='bbox 299 2137 408 2192; x_wconf 90' lang='lat' dir='ltr'><strong>interim</strong></span> <span class='ocrx_word' id='word_1_289' title='bbox 433 2137 537 2192; x_wconf 89' lang='lat' dir='ltr'><strong>donum</strong></span> <span class='ocrx_word' id='word_1_290' title='bbox 558 2134 744 2191; x_wconf 88' lang='lat' dir='ltr'><strong>continentiae</strong></span> <span class='ocrx_word' id='word_1_291' title='bbox 770 2138 880 2205; x_wconf 88' lang='lat' dir='ltr'><strong>praeter</strong></span> <span class='ocrx_word' id='word_1_292' title='bbox 899 2141 927 2189; x_wconf 91' lang='lat' dir='ltr'><strong>ct</strong></span> <span class='ocrx_word' id='word_1_293' title='bbox 945 2137 1022 2187; x_wconf 87' lang='lat' dir='ltr'><strong>extra</strong></span> <span class='ocrx_word' id='word_1_294' title='bbox 1049 2134 1161 2204; x_wconf 83' lang='lat' dir='ltr'><strong>structi,</strong></span> <span class='ocrx_word' id='word_1_295' title='bbox 1184 2133 1224 2188; x_wconf 88' lang='lat' dir='ltr'><strong>ita</strong></span> <span class='ocrx_word' id='word_1_296' title='bbox 1251 2150 1361 2206; x_wconf 91' lang='lat' dir='ltr'><strong>quoque</strong></span> <span class='ocrx_word' id='word_1_297' title='bbox 1385 2133 1538 2190; x_wconf 84' lang='lat' dir='ltr'><strong>cohortatio</strong></span> <span class='ocrx_word' id='word_1_298' title='bbox 1558 2133 1662 2189; x_wconf 83' lang='lat' dir='ltr'><strong>Christi</strong></span> <span class='ocrx_word' id='word_1_299' title='bbox 1687 2134 1725 2187; x_wconf 88' lang='lat' dir='ltr'><strong>ad</strong></span> <span class='ocrx_word' id='word_1_300' title='bbox 1746 2151 1796 2191; x_wconf 86' lang='lat' dir='ltr'><strong>eos</strong></span> <span class='ocrx_word' id='word_1_301' title='bbox 1812 2134 1882 2189; x_wconf 89' lang='lat' dir='ltr'><strong>dun·</strong></span> 
     </span>
     <span class='ocr_line' id='line_1_22' title="bbox 189 2219 1883 2294; baseline -0.003 -14"><span class='ocrx_word' id='word_1_302' title='bbox 189 2225 304 2280; x_wconf 85' lang='lat' dir='ltr'><strong>verbum</strong></span> <span class='ocrx_word' id='word_1_303' title='bbox 328 2223 382 2279; x_wconf 91' lang='lat' dir='ltr'><strong>sibi</strong></span> <span class='ocrx_word' id='word_1_304' title='bbox 407 2223 586 2294; x_wconf 81' lang='lat' dir='ltr'><strong>pollicentur,</strong></span> <span class='ocrx_word' id='word_1_305' title='bbox 611 2223 702 2276; x_wconf 87' lang='lat' dir='ltr'><strong>Deum</strong></span> <span class='ocrx_word' id='word_1_306' title='bbox 728 2226 844 2276; x_wconf 87' lang='lat' dir='ltr'><strong>tentant</strong></span> <span class='ocrx_word' id='word_1_307' title='bbox 885 2220 919 2275; x_wconf 90' lang='lat' dir='ltr'><strong>lu</strong></span> <span class='ocrx_word' id='word_1_308' title='bbox 942 2219 1021 2274; x_wconf 91' lang='lat' dir='ltr'><strong>donis</strong></span> <span class='ocrx_word' id='word_1_309' title='bbox 1048 2225 1126 2275; x_wconf 87' lang='lat' dir='ltr'><strong>taxat</strong></span> <span class='ocrx_word' id='word_1_310' title='bbox 1154 2221 1287 2291; x_wconf 87' lang='lat' dir='ltr'><strong>pertinet,</strong></span> <span class='ocrx_word' id='word_1_311' title='bbox 1320 2220 1368 2293; x_wconf 91' lang='lat' dir='ltr'><strong>qui</strong></span> <span class='ocrx_word' id='word_1_312' title='bbox 1399 2220 1503 2275; x_wconf 89' lang='lat' dir='ltr'><strong>donum</strong></span> <span class='ocrx_word' id='word_1_313' title='bbox 1536 2219 1724 2277; x_wconf 85' lang='lat' dir='ltr'><strong>continentiae</strong></span> <span class='ocrx_word' id='word_1_314' title='bbox 1745 2220 1883 2275; x_wconf 81' lang='lat' dir='ltr'><strong>divinitus</strong></span> 
     </span>
     <span class='ocr_line' id='line_1_23' title="bbox 192 2284 1885 2419; baseline -0.002 -54"><span class='ocrx_word' id='word_1_315' title='bbox 192 2311 244 2367; x_wconf 91' lang='lat' dir='ltr'><strong>Dei</strong></span> <span class='ocrx_word' id='word_1_316' title='bbox 265 2310 457 2365; x_wconf 90' lang='lat' dir='ltr'><strong>communibus</strong></span> <span class='ocrx_word' id='word_1_317' title='bbox 475 2326 508 2364; x_wconf 93' lang='lat' dir='ltr'><strong>ac</strong></span> <span class='ocrx_word' id='word_1_318' title='bbox 524 2306 829 2380; x_wconf 83' lang='lat' dir='ltr'><strong>generalibusitalicet</strong></span> <span class='ocrx_word' id='word_1_319' title='bbox 847 2305 956 2374; x_wconf 84' lang='lat' dir='ltr'><strong>inferre,</strong></span> <span class='ocrx_word' id='word_1_320' title='bbox 974 2284 1223 2419; x_wconf 54' lang='lat' dir='ltr'><strong>quiiacceperunt</strong></span> <span class='ocrx_word' id='word_1_321' title='bbox 1264 2312 1292 2364; x_wconf 79' lang='lat'><strong>3.</strong></span> <span class='ocrx_word' id='word_1_322' title='bbox 1309 2306 1371 2362; x_wconf 84' lang='lat' dir='ltr'><strong>Illa</strong></span> <span class='ocrx_word' id='word_1_323' title='bbox 1392 2309 1478 2361; x_wconf 83' lang='lat' dir='ltr'><strong>verba</strong></span> <span class='ocrx_word' id='word_1_324' title='bbox 1507 2313 1529 2363; x_wconf 90' lang='lat' dir='ltr'><strong>l.</strong></span> <span class='ocrx_word' id='word_1_325' title='bbox 1548 2305 1609 2363; x_wconf 83' lang='lat' dir='ltr'><strong>Cor.</strong></span> <span class='ocrx_word' id='word_1_326' title='bbox 1630 2313 1660 2373; x_wconf 85' lang='lat' dir='ltr'><strong>t,</strong></span> <span class='ocrx_word' id='word_1_327' title='bbox 1689 2323 1716 2361; x_wconf 82' lang='lat' dir='ltr'><strong>r.</strong></span> <span class='ocrx_word' id='word_1_328' title='bbox 1736 2310 1779 2363; x_wconf 83' lang='grc'><strong>36.</strong></span> <span class='ocrx_word' id='word_1_329' title='bbox 1806 2308 1885 2377; x_wconf 77' lang='lat' dir='ltr'><strong>quod</strong></span> 
     </span>
     <span class='ocr_line' id='line_1_24' title="bbox 190 2391 1886 2463; baseline -0.002 -12"><span class='ocrx_word' id='word_1_330' title='bbox 190 2398 288 2451; x_wconf 80' lang='lat' dir='ltr'><strong>volunt</strong></span> <span class='ocrx_word' id='word_1_331' title='bbox 317 2413 351 2451; x_wconf 91' lang='lat' dir='ltr'><strong>ac</strong></span> <span class='ocrx_word' id='word_1_332' title='bbox 375 2394 546 2463; x_wconf 84' lang='lat' dir='ltr'><strong>desiderant,</strong></span> <span class='ocrx_word' id='word_1_333' title='bbox 576 2411 594 2448; x_wconf 92' lang='lat' dir='ltr'><strong>a</strong></span> <span class='ocrx_word' id='word_1_334' title='bbox 618 2393 679 2449; x_wconf 90' lang='lat' dir='ltr'><strong>Deo</strong></span> <span class='ocrx_word' id='word_1_335' title='bbox 703 2399 800 2463; x_wconf 88' lang='lat' dir='ltr'><strong>petant</strong></span> <span class='ocrx_word' id='word_1_336' title='bbox 824 2400 852 2448; x_wconf 88' lang='lat' dir='ltr'><strong>et</strong></span> <span class='ocrx_word' id='word_1_337' title='bbox 875 2391 1022 2451; x_wconf 80' lang='lat' dir='ltr'><strong>confidant</strong></span> <span class='ocrx_word' id='word_1_338' title='bbox 1048 2394 1107 2447; x_wconf 81' lang='lat' dir='ltr'><strong>salt</strong></span> <span class='ocrx_word' id='word_1_339' title='bbox 1123 2394 1229 2458; x_wconf 82' lang='lat' dir='ltr'><strong>faeiat,</strong></span> <span class='ocrx_word' id='word_1_340' title='bbox 1256 2411 1312 2447; x_wconf 87' lang='lat' dir='ltr'><strong>non</strong></span> <span class='ocrx_word' id='word_1_341' title='bbox 1326 2400 1442 2463; x_wconf 86' lang='lat' dir='ltr'><strong>peccat,</strong></span> <span class='ocrx_word' id='word_1_342' title='bbox 1468 2393 1496 2447; x_wconf 84' lang='lat' dir='ltr'><strong>si</strong></span> <span class='ocrx_word' id='word_1_343' title='bbox 1509 2393 1609 2463; x_wconf 69' lang='grc' dir='ltr'>οιιόοο,</span> <span class='ocrx_word' id='word_1_344' title='bbox 1635 2392 1757 2447; x_wconf 62' lang='lat' dir='ltr'><strong>lionam</strong></span> <span class='ocrx_word' id='word_1_345' title='bbox 1776 2393 1886 2447; x_wconf 71' lang='lat' dir='ltr'><strong>nomini</strong></span> 
     </span>
    </p>
   </div>
   <div class='ocr_carea' id='block_1_3' title="bbox 191 2446 1883 2552">
    <p class='ocr_par' dir='ltr' id='par_1_3' title="bbox 191 2446 1883 2552">
     <span class='ocr_line' id='line_1_25' title="bbox 191 2446 1883 2552; baseline -0.003 -12"><span class='ocrx_word' id='word_1_346' title='bbox 191 2502 252 2541; x_wconf 89' lang='lat' dir='ltr'><strong>sese</strong></span> <span class='ocrx_word' id='word_1_347' title='bbox 270 2488 441 2552; x_wconf 86' lang='lat' dir='ltr'><strong>accepturos,</strong></span> <span class='ocrx_word' id='word_1_348' title='bbox 459 2480 525 2552; x_wconf 91' lang='lat' dir='ltr'><strong>quia</strong></span> <span class='ocrx_word' id='word_1_349' title='bbox 544 2479 685 2535; x_wconf 87' lang='lat' dir='ltr'><strong>sufficiens</strong></span> <span class='ocrx_word' id='word_1_350' title='bbox 703 2479 836 2534; x_wconf 84' lang='lat' dir='ltr'><strong>auxilium</strong></span> <span class='ocrx_word' id='word_1_351' title='bbox 854 2477 956 2533; x_wconf 88' lang='lat' dir='ltr'><strong>nemini</strong></span> <span class='ocrx_word' id='word_1_352' title='bbox 975 2477 1021 2531; x_wconf 90' lang='lat' dir='ltr'><strong>dc·</strong></span> <span class='ocrx_word' id='word_1_353' title='bbox 1033 2446 1037 2503; x_wconf 73' lang='grc' dir='ltr'>Ι</span> <span class='ocrx_word' id='word_1_354' title='bbox 1049 2481 1189 2550; x_wconf 79' lang='lat' dir='ltr'><strong>optionem</strong></span> <span class='ocrx_word' id='word_1_355' title='bbox 1211 2482 1282 2535; x_wconf 86' lang='lat' dir='ltr'><strong>dant</strong></span> <span class='ocrx_word' id='word_1_356' title='bbox 1312 2480 1437 2549; x_wconf 71' lang='lat' dir='ltr'><strong>elipenai</strong></span> <span class='ocrx_word' id='word_1_357' title='bbox 1455 2481 1620 2550; x_wconf 61' lang='lat' dir='ltr'><strong>conjuginm</strong></span> <span class='ocrx_word' id='word_1_358' title='bbox 1637 2487 1687 2533; x_wconf 86' lang='lat' dir='ltr'><strong>ant</strong></span> <span class='ocrx_word' id='word_1_359' title='bbox 1705 2479 1883 2547; x_wconf 70' lang='lat' dir='ltr'><strong>castitatum,</strong></span> 
     </span>
    </p>
   </div>
   <div class='ocr_carea' id='block_1_4' title="bbox 191 2563 1886 3023">
    <p class='ocr_par' dir='ltr' id='par_1_4' title="bbox 191 2563 1886 3023">
     <span class='ocr_line' id='line_1_26' title="bbox 191 2563 1882 2640; baseline -0.002 -15"><span class='ocrx_word' id='word_1_360' title='bbox 191 2574 323 2640; x_wconf 71' lang='lat' dir='ltr'><strong>negetur,</strong></span> <span class='ocrx_word' id='word_1_361' title='bbox 344 2567 393 2621; x_wconf 88' lang='lat' dir='ltr'><strong>sed</strong></span> <span class='ocrx_word' id='word_1_362' title='bbox 411 2567 441 2622; x_wconf 92' lang='lat' dir='ltr'><strong>in</strong></span> <span class='ocrx_word' id='word_1_363' title='bbox 459 2566 539 2621; x_wconf 90' lang='lat' dir='ltr'><strong>donis</strong></span> <span class='ocrx_word' id='word_1_364' title='bbox 551 2564 605 2621; x_wconf 88' lang='lat' dir='ltr'><strong>Dei</strong></span> <span class='ocrx_word' id='word_1_365' title='bbox 623 2564 810 2635; x_wconf 90' lang='lat' dir='ltr'><strong>peculiaribus</strong></span> <span class='ocrx_word' id='word_1_366' title='bbox 829 2565 939 2619; x_wconf 90' lang='lat' dir='ltr'><strong>nonita</strong></span> <span class='ocrx_word' id='word_1_367' title='bbox 957 2563 1023 2618; x_wconf 90' lang='lat' dir='ltr'><strong>licet</strong></span> <span class='ocrx_word' id='word_1_368' title='bbox 1049 2568 1186 2635; x_wconf 82' lang='lat' dir='ltr'><strong>quomodo</strong></span> <span class='ocrx_word' id='word_1_369' title='bbox 1206 2583 1272 2637; x_wconf 71' lang='lat' dir='ltr'><strong>erno</strong></span> <span class='ocrx_word' id='word_1_370' title='bbox 1292 2585 1348 2621; x_wconf 89' lang='lat' dir='ltr'><strong>non</strong></span> <span class='ocrx_word' id='word_1_371' title='bbox 1366 2574 1406 2621; x_wconf 80' lang='lat' dir='ltr'><strong>est</strong></span> <span class='ocrx_word' id='word_1_372' title='bbox 1423 2568 1453 2621; x_wconf 86' lang='lat' dir='ltr'><strong>s&#39;n</strong></span> <span class='ocrx_word' id='word_1_373' title='bbox 1471 2567 1590 2621; x_wconf 79' lang='lat' dir='ltr'><strong>arbitrio</strong></span> <span class='ocrx_word' id='word_1_374' title='bbox 1614 2567 1735 2622; x_wconf 59' lang='lat' dir='ltr'><strong>tamin&amp;</strong></span> <span class='ocrx_word' id='word_1_375' title='bbox 1747 2568 1882 2637; x_wconf 66' lang='lat' dir='ltr'><strong>positam,</strong></span> 
     </span>
     <span class='ocr_line' id='line_1_27' title="bbox 191 2650 1883 2724; baseline 0 -13"><span class='ocrx_word' id='word_1_376' title='bbox 191 2654 371 2719; x_wconf 88' lang='lat' dir='ltr'><strong>concludere,</strong></span> <span class='ocrx_word' id='word_1_377' title='bbox 389 2652 437 2723; x_wconf 91' lang='lat' dir='ltr'><strong>qui</strong></span> <span class='ocrx_word' id='word_1_378' title='bbox 454 2652 552 2705; x_wconf 85' lang='lat' dir='ltr'><strong>volunt</strong></span> <span class='ocrx_word' id='word_1_379' title='bbox 569 2667 602 2705; x_wconf 88' lang='lat' dir='ltr'><strong>ac</strong></span> <span class='ocrx_word' id='word_1_380' title='bbox 622 2650 794 2719; x_wconf 88' lang='lat' dir='ltr'><strong>desiderant,</strong></span> <span class='ocrx_word' id='word_1_381' title='bbox 811 2665 830 2705; x_wconf 83' lang='lat' dir='ltr'><strong>a</strong></span> <span class='ocrx_word' id='word_1_382' title='bbox 846 2650 908 2704; x_wconf 87' lang='lat' dir='ltr'><strong>Deo</strong></span> <span class='ocrx_word' id='word_1_383' title='bbox 926 2654 1024 2720; x_wconf 87' lang='lat' dir='ltr'><strong>petant</strong></span> <span class='ocrx_word' id='word_1_384' title='bbox 1049 2662 1080 2707; x_wconf 83' lang='lat' dir='ltr'><strong>nt</strong></span> <span class='ocrx_word' id='word_1_385' title='bbox 1093 2654 1241 2721; x_wconf 81' lang='lat' dir='ltr'><strong>contineat,</strong></span> <span class='ocrx_word' id='word_1_386' title='bbox 1253 2654 1280 2707; x_wconf 86' lang='lat' dir='ltr'><strong>si</strong></span> <span class='ocrx_word' id='word_1_387' title='bbox 1290 2654 1378 2708; x_wconf 72' lang='lat' dir='ltr'><strong>vetit!</strong></span> <span class='ocrx_word' id='word_1_388' title='bbox 1404 2652 1628 2724; x_wconf 83' lang='lat' dir='ltr'><strong>Respondemus:</strong></span> <span class='ocrx_word' id='word_1_389' title='bbox 1646 2652 1801 2724; x_wconf 81' lang='lat' dir='ltr'><strong>Apostolus</strong></span> <span class='ocrx_word' id='word_1_390' title='bbox 1810 2670 1883 2711; x_wconf 79' lang='lat' dir='ltr'><strong>vars.</strong></span> 
     </span>
     <span class='ocr_line' id='line_1_28' title="bbox 191 2736 1883 2813; baseline -0.001 -16"><span class='ocrx_word' id='word_1_391' title='bbox 191 2751 221 2799; x_wconf 84' lang='lat' dir='ltr'><strong>et</strong></span> <span class='ocrx_word' id='word_1_392' title='bbox 247 2741 394 2809; x_wconf 83' lang='lat' dir='ltr'><strong>confidant</strong></span> <span class='ocrx_word' id='word_1_393' title='bbox 431 2756 491 2794; x_wconf 81' lang='lat' dir='ltr'><strong>sese</strong></span> <span class='ocrx_word' id='word_1_394' title='bbox 519 2742 694 2809; x_wconf 83' lang='lat' dir='ltr'><strong>accepturos,</strong></span> <span class='ocrx_word' id='word_1_395' title='bbox 723 2737 773 2792; x_wconf 85' lang='lat' dir='ltr'><strong>sed</strong></span> <span class='ocrx_word' id='word_1_396' title='bbox 803 2737 837 2792; x_wconf 83' lang='lat' dir='ltr'><strong>de</strong></span> <span class='ocrx_word' id='word_1_397' title='bbox 860 2736 914 2791; x_wconf 81' lang='lat' dir='ltr'><strong>iliis</strong></span> <span class='ocrx_word' id='word_1_398' title='bbox 932 2737 1024 2791; x_wconf 88' lang='lat' dir='ltr'><strong>locum</strong></span> <span class='ocrx_word' id='word_1_399' title='bbox 1049 2758 1107 2813; x_wconf 81' lang='lat' dir='ltr'><strong>seq.</strong></span> <span class='ocrx_word' id='word_1_400' title='bbox 1123 2740 1270 2812; x_wconf 73' lang='lat' dir='ltr'><strong>distinguit</strong></span> <span class='ocrx_word' id='word_1_401' title='bbox 1284 2740 1356 2795; x_wconf 82' lang='lat' dir='ltr'><strong>inter</strong></span> <span class='ocrx_word' id='word_1_402' title='bbox 1370 2741 1402 2794; x_wconf 74' lang='grc' dir='ltr'><strong>τὸ</strong></span> <span class='ocrx_word' id='word_1_403' title='bbox 1423 2739 1552 2802; x_wconf 70' lang='grc' dir='ltr'><strong>ἐξουσίαν</strong></span> <span class='ocrx_word' id='word_1_404' title='bbox 1569 2739 1642 2811; x_wconf 76' lang='grc' dir='ltr'>ἔχειν</span> <span class='ocrx_word' id='word_1_405' title='bbox 1659 2744 1726 2813; x_wconf 72' lang='grc' dir='ltr'><strong>περὶ</strong></span> <span class='ocrx_word' id='word_1_406' title='bbox 1740 2745 1793 2796; x_wconf 73' lang='grc' dir='ltr'><strong>τοῦ</strong></span> <span class='ocrx_word' id='word_1_407' title='bbox 1807 2742 1883 2796; x_wconf 81' lang='lat' dir='ltr'><strong>tttoo</strong></span> 
     </span>
     <span class='ocr_line' id='line_1_29' title="bbox 192 2824 1884 2903; baseline -0.002 -15"><span class='ocrx_word' id='word_1_408' title='bbox 192 2830 277 2885; x_wconf 67' lang='lat' dir='ltr'><strong>habet</strong></span> <span class='ocrx_word' id='word_1_409' title='bbox 295 2827 503 2900; x_wconf 68' lang='lat' dir='ltr'><strong>pmnussfisttllm</strong></span> <span class='ocrx_word' id='word_1_410' title='bbox 529 2825 710 2897; x_wconf 64' lang='lat' dir='ltr'><strong>flposswllssum</strong></span> <span class='ocrx_word' id='word_1_411' title='bbox 738 2830 759 2880; x_wconf 81' lang='lat'><strong>¹·</strong></span> <span class='ocrx_word' id='word_1_412' title='bbox 778 2824 838 2881; x_wconf 71' lang='lat'><strong>00¹¹·</strong></span> <span class='ocrx_word' id='word_1_413' title='bbox 862 2829 907 2887; x_wconf 71' lang='lat'><strong>¹22</strong></span> <span class='ocrx_word' id='word_1_414' title='bbox 937 2842 963 2877; x_wconf 80' lang='lat' dir='ltr'><strong>V·</strong></span> <span class='ocrx_word' id='word_1_415' title='bbox 984 2826 1204 2903; x_wconf 66' lang='grc' dir='ltr'><strong>ῙῙιιθελήματος</strong></span> <span class='ocrx_word' id='word_1_416' title='bbox 1216 2833 1244 2883; x_wconf 86' lang='lat' dir='ltr'><strong>et</strong></span> <span class='ocrx_word' id='word_1_417' title='bbox 1257 2825 1484 2899; x_wconf 61' lang='lat' dir='ltr'><strong>interro-duellet</strong></span> <span class='ocrx_word' id='word_1_418' title='bbox 1495 2826 1582 2888; x_wconf 68' lang='lat' dir='ltr'><strong>cismo</strong></span> <span class='ocrx_word' id='word_1_419' title='bbox 1598 2832 1734 2898; x_wconf 70' lang='grc' dir='ltr'><strong>γίνεσθαι.</strong></span> <span class='ocrx_word' id='word_1_420' title='bbox 1764 2826 1884 2893; x_wconf 77' lang='lat' dir='ltr'><strong>Quando</strong></span> 
     </span>
     <span class='ocr_line' id='line_1_30' title="bbox 192 2902 1886 3023; baseline -0.005 -52"><span class='ocrx_word' id='word_1_421' title='bbox 192 2917 337 2971; x_wconf 75' lang='lat' dir='ltr'><strong>distribuit</strong></span> <span class='ocrx_word' id='word_1_422' title='bbox 359 2914 490 2983; x_wconf 77' lang='lat' dir='ltr'><strong>ainpult&#39;t,</strong></span> <span class='ocrx_word' id='word_1_423' title='bbox 514 2920 600 2983; x_wconf 77' lang='lat' dir='ltr'><strong>prout</strong></span> <span class='ocrx_word' id='word_1_424' title='bbox 625 2914 686 2984; x_wconf 72' lang='lat' dir='ltr'><strong>s&#39;ptw</strong></span> <span class='ocrx_word' id='word_1_425' title='bbox 706 2912 777 2977; x_wconf 82' lang='lat' dir='ltr'><strong>vult,</strong></span> <span class='ocrx_word' id='word_1_426' title='bbox 800 2927 855 2964; x_wconf 89' lang='lat' dir='ltr'><strong>non</strong></span> <span class='ocrx_word' id='word_1_427' title='bbox 873 2913 956 2979; x_wconf 77' lang='lat' dir='ltr'><strong>prout</strong></span> <span class='ocrx_word' id='word_1_428' title='bbox 974 2902 1113 3023; x_wconf 43' lang='lat' dir='ltr'><strong>notiquie</strong></span> <span class='ocrx_word' id='word_1_429' title='bbox 1132 2914 1318 2970; x_wconf 71' lang='lat' dir='ltr'><strong>continentiae</strong></span> <span class='ocrx_word' id='word_1_430' title='bbox 1334 2914 1407 2969; x_wconf 87' lang='lat' dir='ltr'><strong>dono</strong></span> <span class='ocrx_word' id='word_1_431' title='bbox 1425 2930 1455 2969; x_wconf 77' lang='lat' dir='ltr'><strong>ee</strong></span> <span class='ocrx_word' id='word_1_432' title='bbox 1470 2914 1636 2969; x_wconf 68' lang='lat' dir='ltr'><strong>instructum</strong></span> <span class='ocrx_word' id='word_1_433' title='bbox 1649 2915 1743 2984; x_wconf 72' lang='lat' dir='ltr'><strong>sentit,</strong></span> <span class='ocrx_word' id='word_1_434' title='bbox 1763 2914 1886 2971; x_wconf 74' lang='lat' dir='ltr'><strong>inhnbnt</strong></span> 
     </span>
    </p>
   </div>
   <div class='ocr_carea' id='block_1_5' title="bbox 84 2996 1885 5584">
    <p class='ocr_par' dir='ltr' id='par_1_5' title="bbox 84 2996 1885 5584">
     <span class='ocr_line' id='line_1_31' title="bbox 194 2996 1885 3072; baseline -0.008 -15"><span class='ocrx_word' id='word_1_435' title='bbox 194 3002 330 3058; x_wconf 85' lang='lat' dir='ltr'><strong>volumus.</strong></span> <span class='ocrx_word' id='word_1_436' title='bbox 370 3002 404 3056; x_wconf 94' lang='lat' dir='ltr'><strong>In</strong></span> <span class='ocrx_word' id='word_1_437' title='bbox 421 3001 477 3055; x_wconf 86' lang='lat' dir='ltr'><strong>illia</strong></span> <span class='ocrx_word' id='word_1_438' title='bbox 495 2998 623 3053; x_wconf 82' lang='lat' dir='ltr'><strong>voluntas</strong></span> <span class='ocrx_word' id='word_1_439' title='bbox 642 2996 760 3052; x_wconf 88' lang='lat' dir='ltr'><strong>hominis</strong></span> <span class='ocrx_word' id='word_1_440' title='bbox 777 3012 797 3051; x_wconf 90' lang='lat' dir='ltr'><strong>a</strong></span> <span class='ocrx_word' id='word_1_441' title='bbox 813 2996 954 3052; x_wconf 84' lang='lat' dir='ltr'><strong>voluntate</strong></span> <span class='ocrx_word' id='word_1_442' title='bbox 971 2996 1023 3049; x_wconf 86' lang='lat' dir='ltr'><strong>Der</strong></span> <span class='ocrx_word' id='word_1_443' title='bbox 1051 3006 1216 3072; x_wconf 68' lang='lat' dir='ltr'><strong>potestatem</strong></span> <span class='ocrx_word' id='word_1_444' title='bbox 1235 3018 1303 3057; x_wconf 82' lang='lat' dir='ltr'><strong>suae</strong></span> <span class='ocrx_word' id='word_1_445' title='bbox 1321 3001 1479 3065; x_wconf 83' lang='lat' dir='ltr'><strong>voluntatis,</strong></span> <span class='ocrx_word' id='word_1_446' title='bbox 1498 3006 1590 3071; x_wconf 85' lang='lat' dir='ltr'><strong>potest</strong></span> <span class='ocrx_word' id='word_1_447' title='bbox 1606 3017 1673 3072; x_wconf 81' lang='lat' dir='ltr'><strong>ergo</strong></span> <span class='ocrx_word' id='word_1_448' title='bbox 1694 2999 1801 3072; x_wconf 73' lang='lat' dir='ltr'><strong>eligere</strong></span> <span class='ocrx_word' id='word_1_449' title='bbox 1819 3018 1885 3057; x_wconf 76' lang='lat' dir='ltr'><strong>nnn.</strong></span> 
     </span>
     <span class='ocr_line' id='line_1_32' title="bbox 193 3080 1885 3161; baseline -0.003 -15"><span class='ocrx_word' id='word_1_450' title='bbox 193 3108 277 3161; x_wconf 88' lang='lat' dir='ltr'><strong>saepe</strong></span> <span class='ocrx_word' id='word_1_451' title='bbox 305 3089 445 3158; x_wconf 85' lang='lat' dir='ltr'><strong>discrepat</strong></span> <span class='ocrx_word' id='word_1_452' title='bbox 473 3103 505 3141; x_wconf 89' lang='lat' dir='ltr'><strong>ac</strong></span> <span class='ocrx_word' id='word_1_453' title='bbox 522 3085 638 3157; x_wconf 88' lang='lat' dir='ltr'><strong>proinde</strong></span> <span class='ocrx_word' id='word_1_454' title='bbox 657 3101 709 3140; x_wconf 92' lang='lat' dir='ltr'><strong>nec</strong></span> <span class='ocrx_word' id='word_1_455' title='bbox 727 3102 760 3140; x_wconf 88' lang='lat' dir='ltr'><strong>ex</strong></span> <span class='ocrx_word' id='word_1_456' title='bbox 781 3100 825 3147; x_wconf 86' lang='lat' dir='ltr'><strong>se,</strong></span> <span class='ocrx_word' id='word_1_457' title='bbox 847 3099 899 3138; x_wconf 92' lang='lat' dir='ltr'><strong>nec</strong></span> <span class='ocrx_word' id='word_1_458' title='bbox 919 3099 952 3137; x_wconf 85' lang='lat' dir='ltr'><strong>er</strong></span> <span class='ocrx_word' id='word_1_459' title='bbox 970 3080 1024 3135; x_wconf 92' lang='lat' dir='ltr'><strong>Dei</strong></span> <span class='ocrx_word' id='word_1_460' title='bbox 1047 3087 1158 3161; x_wconf 74' lang='lat' dir='ltr'><strong>juginm</strong></span> <span class='ocrx_word' id='word_1_461' title='bbox 1177 3088 1221 3143; x_wconf 84' lang='lat' dir='ltr'><strong>vel</strong></span> <span class='ocrx_word' id='word_1_462' title='bbox 1239 3087 1421 3156; x_wconf 70' lang='lat' dir='ltr'><strong>coelibatum</strong></span> <span class='ocrx_word' id='word_1_463' title='bbox 1439 3087 1489 3141; x_wconf 87' lang='lat' dir='ltr'><strong>sed</strong></span> <span class='ocrx_word' id='word_1_464' title='bbox 1509 3087 1557 3158; x_wconf 92' lang='lat' dir='ltr'><strong>qui</strong></span> <span class='ocrx_word' id='word_1_465' title='bbox 1576 3087 1647 3143; x_wconf 92' lang='lat' dir='ltr'><strong>dono</strong></span> <span class='ocrx_word' id='word_1_466' title='bbox 1664 3086 1712 3142; x_wconf 90' lang='lat' dir='ltr'><strong>illo</strong></span> <span class='ocrx_word' id='word_1_467' title='bbox 1732 3086 1885 3143; x_wconf 67' lang='lat' dir='ltr'><strong>destituto·</strong></span> 
     </span>
     <span class='ocr_line' id='line_1_33' title="bbox 194 3168 1884 3246; baseline -0.002 -15"><span class='ocrx_word' id='word_1_468' title='bbox 194 3178 266 3233; x_wconf 94' lang='lat' dir='ltr'><strong>dono</strong></span> <span class='ocrx_word' id='word_1_469' title='bbox 305 3175 373 3230; x_wconf 89' lang='lat' dir='ltr'><strong>illud</strong></span> <span class='ocrx_word' id='word_1_470' title='bbox 408 3178 515 3246; x_wconf 87' lang='lat' dir='ltr'><strong>potest,</strong></span> <span class='ocrx_word' id='word_1_471' title='bbox 556 3173 591 3227; x_wconf 89' lang='lat' dir='ltr'><strong>de</strong></span> <span class='ocrx_word' id='word_1_472' title='bbox 631 3188 686 3242; x_wconf 92' lang='lat' dir='ltr'><strong>quo</strong></span> <span class='ocrx_word' id='word_1_473' title='bbox 730 3168 935 3241; x_wconf 84' lang='lat' dir='ltr'><strong>promissionem</strong></span> <span class='ocrx_word' id='word_1_474' title='bbox 969 3185 1025 3223; x_wconf 93' lang='lat' dir='ltr'><strong>non</strong></span> <span class='ocrx_word' id='word_1_475' title='bbox 1051 3184 1105 3244; x_wconf 71' lang='lat' dir='ltr'><strong>nst,</strong></span> <span class='ocrx_word' id='word_1_476' title='bbox 1133 3174 1180 3246; x_wconf 87' lang='lat' dir='ltr'><strong>qui</strong></span> <span class='ocrx_word' id='word_1_477' title='bbox 1199 3174 1302 3243; x_wconf 86' lang='lat' dir='ltr'><strong>uritur,</strong></span> <span class='ocrx_word' id='word_1_478' title='bbox 1333 3174 1356 3227; x_wconf 88' lang='lat' dir='ltr'><strong>is</strong></span> <span class='ocrx_word' id='word_1_479' title='bbox 1373 3173 1458 3237; x_wconf 86' lang='lat' dir='ltr'><strong>sciat,</strong></span> <span class='ocrx_word' id='word_1_480' title='bbox 1487 3190 1517 3230; x_wconf 87' lang='lat' dir='ltr'><strong>se</strong></span> <span class='ocrx_word' id='word_1_481' title='bbox 1546 3173 1640 3229; x_wconf 81' lang='lat' dir='ltr'><strong>soceri</strong></span> <span class='ocrx_word' id='word_1_482' title='bbox 1657 3173 1695 3229; x_wconf 84' lang='lat' dir='ltr'><strong>ad</strong></span> <span class='ocrx_word' id='word_1_483' title='bbox 1712 3174 1884 3246; x_wconf 67' lang='lat' dir='ltr'><strong>conjugium,</strong></span> 
     </span>
     <span class='ocr_line' id='line_1_34' title="bbox 193 3261 1884 3331; baseline -0.002 -13"><span class='ocrx_word' id='word_1_484' title='bbox 193 3264 285 3319; x_wconf 88' lang='lat' dir='ltr'><strong>habet.</strong></span> <span class='ocrx_word' id='word_1_485' title='bbox 1051 3280 1077 3319; x_wconf 85' lang='lat' dir='ltr'><strong>v.</strong></span> <span class='ocrx_word' id='word_1_486' title='bbox 1093 3268 1125 3317; x_wconf 82' lang='lat'><strong>9:</strong></span> <span class='ocrx_word' id='word_1_487' title='bbox 1163 3262 1219 3325; x_wconf 76' lang='lat' dir='ltr'><strong>ont</strong></span> <span class='ocrx_word' id='word_1_488' title='bbox 1234 3278 1264 3315; x_wconf 83' lang='lat' dir='ltr'><strong>se</strong></span> <span class='ocrx_word' id='word_1_489' title='bbox 1289 3261 1740 3329; x_wconf 61' lang='lat' dir='ltr'><strong>manutenementum</strong></span> <span class='ocrx_word' id='word_1_490' title='bbox 1760 3262 1884 3331; x_wconf 75' lang='lat' dir='ltr'><strong>Propter</strong></span> 
     </span>
     <span class='ocr_line' id='line_1_35' title="bbox 228 3326 1884 3417; baseline -0.007 -13"><span class='ocrx_word' id='word_1_491' title='bbox 228 3355 285 3406; x_wconf 72' lang='lat'><strong>521.</strong></span> <span class='ocrx_word' id='word_1_492' title='bbox 320 3345 464 3411; x_wconf 85' lang='lat' dir='ltr'><strong>Quomodo</strong></span> <span class='ocrx_word' id='word_1_493' title='bbox 488 3360 553 3399; x_wconf 82' lang='lat' dir='ltr'><strong>vero</strong></span> <span class='ocrx_word' id='word_1_494' title='bbox 579 3342 681 3414; x_wconf 88' lang='lat' dir='ltr'><strong>probat</strong></span> <span class='ocrx_word' id='word_1_495' title='bbox 698 3341 896 3410; x_wconf 88' lang='lat' dir='ltr'><strong>Bellarminua,</strong></span> <span class='ocrx_word' id='word_1_496' title='bbox 921 3326 1024 3395; x_wconf 76' lang='lat' dir='ltr'><strong>ciceion</strong></span> <span class='ocrx_word' id='word_1_497' title='bbox 1050 3349 1268 3414; x_wconf 61' lang='lat' dir='ltr'><strong>fornnnttonnm</strong></span> <span class='ocrx_word' id='word_1_498' title='bbox 1299 3348 1401 3401; x_wconf 62' lang='lat' dir='ltr'><strong>tutent</strong></span> <span class='ocrx_word' id='word_1_499' title='bbox 1430 3349 1619 3417; x_wconf 57' lang='lat' dir='ltr'><strong>unumquenque</strong></span> <span class='ocrx_word' id='word_1_500' title='bbox 1650 3364 1768 3403; x_wconf 58' lang='lat' dir='ltr'><strong>unwan</strong></span> <span class='ocrx_word' id='word_1_501' title='bbox 1797 3364 1884 3404; x_wconf 67' lang='lat' dir='ltr'><strong>m,</strong></span> 
     </span>
     <span class='ocr_line' id='line_1_36' title="bbox 193 3429 1883 3506; baseline -0.009 -15"><span class='ocrx_word' id='word_1_502' title='bbox 193 3435 378 3491; x_wconf 78' lang='lat' dir='ltr'><strong>continentiae</strong></span> <span class='ocrx_word' id='word_1_503' title='bbox 404 3449 463 3487; x_wconf 82' lang='lat' dir='ltr'><strong>caeo</strong></span> <span class='ocrx_word' id='word_1_504' title='bbox 488 3431 518 3484; x_wconf 86' lang='lat' dir='ltr'><strong>in</strong></span> <span class='ocrx_word' id='word_1_505' title='bbox 542 3431 660 3485; x_wconf 71' lang='lat' dir='ltr'><strong>arbitrio</strong></span> <span class='ocrx_word' id='word_1_506' title='bbox 684 3446 719 3482; x_wconf 89' lang='lat' dir='ltr'><strong>ac</strong></span> <span class='ocrx_word' id='word_1_507' title='bbox 746 3436 882 3500; x_wconf 72' lang='lat' dir='ltr'><strong>potestate</strong></span> <span class='ocrx_word' id='word_1_508' title='bbox 904 3429 1025 3481; x_wconf 76' lang='lat' dir='ltr'><strong>nostrai</strong></span> <span class='ocrx_word' id='word_1_509' title='bbox 1051 3437 1147 3491; x_wconf 67' lang='lat' dir='ltr'><strong>potent</strong></span> <span class='ocrx_word' id='word_1_510' title='bbox 1165 3436 1276 3506; x_wconf 69' lang='lat' dir='ltr'><strong>quidem</strong></span> <span class='ocrx_word' id='word_1_511' title='bbox 1301 3435 1385 3490; x_wconf 65' lang='lat' dir='ltr'><strong>etiam</strong></span> <span class='ocrx_word' id='word_1_512' title='bbox 1402 3435 1439 3502; x_wconf 68' lang='lat' dir='ltr'><strong>in,</strong></span> <span class='ocrx_word' id='word_1_513' title='bbox 1471 3434 1520 3506; x_wconf 82' lang='lat' dir='ltr'><strong>qni</strong></span> <span class='ocrx_word' id='word_1_514' title='bbox 1544 3434 1618 3489; x_wconf 72' lang='lat' dir='ltr'><strong>donn</strong></span> <span class='ocrx_word' id='word_1_515' title='bbox 1638 3434 1829 3490; x_wconf 62' lang='lat' dir='ltr'><strong>nonfinnnfinn</strong></span> <span class='ocrx_word' id='word_1_516' title='bbox 1843 3435 1883 3491; x_wconf 66' lang='lat' dir='ltr'><strong>in.</strong></span> 
     </span>
     <span class='ocr_line' id='line_1_37' title="bbox 197 3456 1884 3613; baseline -0.011 -34"><span class='ocrx_word' id='word_1_517' title='bbox 197 3531 218 3579; x_wconf 89' lang='lat' dir='ltr'><strong>l.</strong></span> <span class='ocrx_word' id='word_1_518' title='bbox 236 3522 325 3592; x_wconf 85' lang='lat' dir='ltr'><strong>Urget</strong></span> <span class='ocrx_word' id='word_1_519' title='bbox 342 3519 429 3574; x_wconf 87' lang='lat' dir='ltr'><strong>verba</strong></span> <span class='ocrx_word' id='word_1_520' title='bbox 442 3516 559 3573; x_wconf 84' lang='lat' dir='ltr'><strong>Christi:</strong></span> <span class='ocrx_word' id='word_1_521' title='bbox 581 3516 653 3569; x_wconf 78' lang='lat' dir='ltr'><strong>Sunt</strong></span> <span class='ocrx_word' id='word_1_522' title='bbox 666 3514 791 3584; x_wconf 77' lang='lat' dir='ltr'><strong>cunuchi,</strong></span> <span class='ocrx_word' id='word_1_523' title='bbox 809 3514 860 3584; x_wconf 77' lang='lat' dir='ltr'><strong>qui</strong></span> <span class='ocrx_word' id='word_1_524' title='bbox 870 3531 900 3568; x_wconf 84' lang='lat' dir='ltr'><strong>se</strong></span> <span class='ocrx_word' id='word_1_525' title='bbox 917 3521 1023 3569; x_wconf 81' lang='lat' dir='ltr'><strong>caetra·</strong></span> <span class='ocrx_word' id='word_1_526' title='bbox 1035 3456 1039 3613; x_wconf 55' lang='grc' dir='ltr'>ε</span> <span class='ocrx_word' id='word_1_527' title='bbox 1051 3528 1170 3577; x_wconf 59' lang='lat' dir='ltr'><strong>structu,</strong></span> <span class='ocrx_word' id='word_1_528' title='bbox 1188 3538 1242 3577; x_wconf 75' lang='lat' dir='ltr'><strong>non</strong></span> <span class='ocrx_word' id='word_1_529' title='bbox 1262 3528 1312 3591; x_wconf 57' lang='lat' dir='ltr'><strong>ent,</strong></span> <span class='ocrx_word' id='word_1_530' title='bbox 1330 3521 1497 3576; x_wconf 69' lang='lat' dir='ltr'><strong>nonlibntnm</strong></span> <span class='ocrx_word' id='word_1_531' title='bbox 1514 3520 1625 3593; x_wconf 54' lang='lat' dir='ltr'><strong>eliget-0,</strong></span> <span class='ocrx_word' id='word_1_532' title='bbox 1644 3521 1694 3577; x_wconf 68' lang='lat' dir='ltr'><strong>ned</strong></span> <span class='ocrx_word' id='word_1_533' title='bbox 1705 3520 1783 3576; x_wconf 66' lang='lat' dir='ltr'><strong>inin,</strong></span> <span class='ocrx_word' id='word_1_534' title='bbox 1801 3520 1884 3577; x_wconf 59' lang='lat'><strong>0041.</strong></span> 
     </span>
     <span class='ocr_line' id='line_1_38' title="bbox 192 3601 1883 3679; baseline -0.008 -16"><span class='ocrx_word' id='word_1_535' title='bbox 192 3616 290 3663; x_wconf 82' lang='lat' dir='ltr'><strong>ocrnnt</strong></span> <span class='ocrx_word' id='word_1_536' title='bbox 316 3614 435 3679; x_wconf 80' lang='lat' dir='ltr'><strong>propter</strong></span> <span class='ocrx_word' id='word_1_537' title='bbox 458 3620 574 3671; x_wconf 74' lang='lat' dir='ltr'><strong>requam</strong></span> <span class='ocrx_word' id='word_1_538' title='bbox 599 3601 746 3659; x_wconf 84' lang='lat' dir='ltr'><strong>coelorum.</strong></span> <span class='ocrx_word' id='word_1_539' title='bbox 796 3601 832 3656; x_wconf 81' lang='lat' dir='ltr'><strong>Si</strong></span> <span class='ocrx_word' id='word_1_540' title='bbox 854 3602 1024 3655; x_wconf 83' lang='lat' dir='ltr'><strong>continentia</strong></span> <span class='ocrx_word' id='word_1_541' title='bbox 1051 3610 1133 3664; x_wconf 65' lang='lat' dir='ltr'><strong>butun</strong></span> <span class='ocrx_word' id='word_1_542' title='bbox 1152 3625 1208 3664; x_wconf 77' lang='lat' dir='ltr'><strong>nnn</strong></span> <span class='ocrx_word' id='word_1_543' title='bbox 1230 3607 1283 3663; x_wconf 70' lang='lat' dir='ltr'><strong>urit</strong></span> <span class='ocrx_word' id='word_1_544' title='bbox 1302 3607 1363 3663; x_wconf 69' lang='lat' dir='ltr'><strong>1)oe</strong></span> <span class='ocrx_word' id='word_1_545' title='bbox 1387 3613 1498 3679; x_wconf 63' lang='lat' dir='ltr'><strong>gratus,</strong></span> <span class='ocrx_word' id='word_1_546' title='bbox 1523 3623 1587 3661; x_wconf 79' lang='lat' dir='ltr'><strong>num</strong></span> <span class='ocrx_word' id='word_1_547' title='bbox 1610 3623 1665 3662; x_wconf 76' lang='lat' dir='ltr'><strong>non</strong></span> <span class='ocrx_word' id='word_1_548' title='bbox 1691 3604 1799 3663; x_wconf 57' lang='lat' dir='ltr'><strong>nubent</strong></span> <span class='ocrx_word' id='word_1_549' title='bbox 1819 3624 1883 3664; x_wconf 59' lang='lat'><strong>002.</strong></span> 
     </span>
     <span class='ocr_line' id='line_1_39' title="bbox 192 3687 1882 3768; baseline -0.005 -18"><span class='ocrx_word' id='word_1_550' title='bbox 192 3698 235 3749; x_wconf 86' lang='lat' dir='ltr'><strong>ita</strong></span> <span class='ocrx_word' id='word_1_551' title='bbox 253 3703 323 3749; x_wconf 84' lang='lat' dir='ltr'><strong>essct</strong></span> <span class='ocrx_word' id='word_1_552' title='bbox 349 3696 451 3748; x_wconf 85' lang='lat' dir='ltr'><strong>donam</strong></span> <span class='ocrx_word' id='word_1_553' title='bbox 471 3691 543 3754; x_wconf 84' lang='lat' dir='ltr'><strong>Dei,</strong></span> <span class='ocrx_word' id='word_1_554' title='bbox 568 3696 599 3743; x_wconf 82' lang='lat' dir='ltr'><strong>at</strong></span> <span class='ocrx_word' id='word_1_555' title='bbox 623 3689 659 3741; x_wconf 81' lang='lat' dir='ltr'><strong>ab</strong></span> <span class='ocrx_word' id='word_1_556' title='bbox 681 3687 801 3743; x_wconf 76' lang='lat' dir='ltr'><strong>leminis</strong></span> <span class='ocrx_word' id='word_1_557' title='bbox 820 3688 953 3744; x_wconf 77' lang='lat' dir='ltr'><strong>electione</strong></span> <span class='ocrx_word' id='word_1_558' title='bbox 969 3705 1024 3742; x_wconf 90' lang='lat' dir='ltr'><strong>non</strong></span> <span class='ocrx_word' id='word_1_559' title='bbox 1048 3698 1174 3768; x_wconf 79' lang='lat' dir='ltr'><strong>jnnntnm</strong></span> <span class='ocrx_word' id='word_1_560' title='bbox 1189 3693 1312 3765; x_wconf 68' lang='lat' dir='ltr'><strong>eorporis</strong></span> <span class='ocrx_word' id='word_1_561' title='bbox 1332 3699 1360 3749; x_wconf 80' lang='lat' dir='ltr'><strong>et</strong></span> <span class='ocrx_word' id='word_1_562' title='bbox 1379 3693 1464 3749; x_wconf 82' lang='lat' dir='ltr'><strong>nnimi</strong></span> <span class='ocrx_word' id='word_1_563' title='bbox 1485 3693 1652 3755; x_wconf 68' lang='lat' dir='ltr'><strong>entitatem,</strong></span> <span class='ocrx_word' id='word_1_564' title='bbox 1672 3692 1722 3748; x_wconf 74' lang='lat' dir='ltr'><strong>ned</strong></span> <span class='ocrx_word' id='word_1_565' title='bbox 1739 3693 1882 3750; x_wconf 66' lang='lat' dir='ltr'><strong>tntu-inm</strong></span> 
     </span>
     <span class='ocr_line' id='line_1_40' title="bbox 190 3774 1025 3855; baseline -0.011 -18"><span class='ocrx_word' id='word_1_566' title='bbox 190 3784 339 3855; x_wconf 66' lang='lat' dir='ltr'><strong>pandect,</strong></span> <span class='ocrx_word' id='word_1_567' title='bbox 366 3779 516 3833; x_wconf 80' lang='lat' dir='ltr'><strong>dicendam</strong></span> <span class='ocrx_word' id='word_1_568' title='bbox 532 3776 651 3839; x_wconf 80' lang='lat' dir='ltr'><strong>fnisset,</strong></span> <span class='ocrx_word' id='word_1_569' title='bbox 667 3783 730 3829; x_wconf 72' lang='lat' dir='ltr'><strong>sarit</strong></span> <span class='ocrx_word' id='word_1_570' title='bbox 748 3774 875 3844; x_wconf 76' lang='lat' dir='ltr'><strong>eunuchi,</strong></span> <span class='ocrx_word' id='word_1_571' title='bbox 894 3775 944 3844; x_wconf 83' lang='lat' dir='ltr'><strong>qni</strong></span> <span class='ocrx_word' id='word_1_572' title='bbox 961 3783 1025 3829; x_wconf 82' lang='lat' dir='ltr'><strong>aunt</strong></span> 
     </span>
     <span class='ocr_line' id='line_1_41' title="bbox 191 3824 1882 3939; baseline -0.004 -17"><span class='ocrx_word' id='word_1_573' title='bbox 191 3869 267 3934; x_wconf 84' lang='lat' dir='ltr'><strong>faeti</strong></span> <span class='ocrx_word' id='word_1_574' title='bbox 283 3886 302 3920; x_wconf 93' lang='lat' dir='ltr'><strong>a</strong></span> <span class='ocrx_word' id='word_1_575' title='bbox 318 3867 397 3935; x_wconf 87' lang='lat' dir='ltr'><strong>Deo,</strong></span> <span class='ocrx_word' id='word_1_576' title='bbox 425 3882 482 3919; x_wconf 87' lang='lat' dir='ltr'><strong>non</strong></span> <span class='ocrx_word' id='word_1_577' title='bbox 500 3871 593 3917; x_wconf 82' lang='lat' dir='ltr'><strong>autem</strong></span> <span class='ocrx_word' id='word_1_578' title='bbox 616 3863 666 3932; x_wconf 84' lang='lat' dir='ltr'><strong>qni</strong></span> <span class='ocrx_word' id='word_1_579' title='bbox 683 3879 713 3916; x_wconf 83' lang='lat' dir='ltr'><strong>sc</strong></span> <span class='ocrx_word' id='word_1_580' title='bbox 735 3868 935 3916; x_wconf 81' lang='lat' dir='ltr'><strong>castraverunt.</strong></span> <span class='ocrx_word' id='word_1_581' title='bbox 971 3824 1039 3917; x_wconf 71' lang='lat' dir='ltr'><strong>Rsi</strong></span> <span class='ocrx_word' id='word_1_582' title='bbox 1053 3871 1129 3925; x_wconf 71' lang='lat' dir='ltr'><strong>Deua</strong></span> <span class='ocrx_word' id='word_1_583' title='bbox 1145 3869 1205 3939; x_wconf 74' lang='lat' dir='ltr'><strong>ipen</strong></span> <span class='ocrx_word' id='word_1_584' title='bbox 1217 3885 1266 3938; x_wconf 74' lang='lat' dir='ltr'><strong>per</strong></span> <span class='ocrx_word' id='word_1_585' title='bbox 1278 3865 1433 3938; x_wconf 69' lang='lat' dir='ltr'><strong>apostolum</strong></span> <span class='ocrx_word' id='word_1_586' title='bbox 1446 3863 1608 3936; x_wconf 72' lang='lat' dir='ltr'><strong>praeseribit</strong></span> <span class='ocrx_word' id='word_1_587' title='bbox 1620 3864 1793 3937; x_wconf 75' lang='lat' dir='ltr'><strong>conjugium,</strong></span> <span class='ocrx_word' id='word_1_588' title='bbox 1809 3864 1882 3938; x_wconf 79' lang='lat' dir='ltr'><strong>quod</strong></span> 
     </span>
     <span class='ocr_line' id='line_1_42' title="bbox 194 3906 1882 4027; baseline -0.001 -17"><span class='ocrx_word' id='word_1_589' title='bbox 194 3955 377 4025; x_wconf 84' lang='lat' dir='ltr'><strong>spondemus:</strong></span> <span class='ocrx_word' id='word_1_590' title='bbox 398 3968 478 4006; x_wconf 90' lang='lat' dir='ltr'><strong>nemo</strong></span> <span class='ocrx_word' id='word_1_591' title='bbox 499 3958 623 4006; x_wconf 91' lang='lat' dir='ltr'><strong>nostrum</strong></span> <span class='ocrx_word' id='word_1_592' title='bbox 640 3955 735 4021; x_wconf 80' lang='lat' dir='ltr'><strong>negat,</strong></span> <span class='ocrx_word' id='word_1_593' title='bbox 751 3950 780 4004; x_wconf 93' lang='lat' dir='ltr'><strong>in</strong></span> <span class='ocrx_word' id='word_1_594' title='bbox 797 3948 867 4017; x_wconf 89' lang='lat' dir='ltr'><strong>iliis,</strong></span> <span class='ocrx_word' id='word_1_595' title='bbox 885 3948 933 4019; x_wconf 90' lang='lat' dir='ltr'><strong>qui</strong></span> <span class='ocrx_word' id='word_1_596' title='bbox 952 3950 1024 4005; x_wconf 93' lang='lat' dir='ltr'><strong>dono</strong></span> <span class='ocrx_word' id='word_1_597' title='bbox 1036 3906 1039 3987; x_wconf 74' lang='grc' dir='ltr'>Ι</span> <span class='ocrx_word' id='word_1_598' title='bbox 1052 3956 1099 4027; x_wconf 89' lang='lat' dir='ltr'><strong>qui</strong></span> <span class='ocrx_word' id='word_1_599' title='bbox 1118 3959 1311 4027; x_wconf 84' lang='lat' dir='ltr'><strong>aspernantur,</strong></span> <span class='ocrx_word' id='word_1_600' title='bbox 1328 3953 1420 4009; x_wconf 85' lang='lat' dir='ltr'><strong>Deum</strong></span> <span class='ocrx_word' id='word_1_601' title='bbox 1440 3956 1549 4008; x_wconf 80' lang='lat' dir='ltr'><strong>nnurt</strong></span> <span class='ocrx_word' id='word_1_602' title='bbox 1565 3968 1600 4006; x_wconf 82' lang='lat' dir='ltr'><strong>ac</strong></span> <span class='ocrx_word' id='word_1_603' title='bbox 1617 3950 1740 4007; x_wconf 69' lang='lat' dir='ltr'><strong>Sauone</strong></span> <span class='ocrx_word' id='word_1_604' title='bbox 1754 3954 1882 4009; x_wconf 88' lang='lat' dir='ltr'><strong>tentatio-</strong></span> 
     </span>
     <span class='ocr_line' id='line_1_43' title="bbox 195 4035 1882 4113; baseline -0.004 -16"><span class='ocrx_word' id='word_1_605' title='bbox 195 4041 381 4097; x_wconf 89' lang='lat' dir='ltr'><strong>continentiac</strong></span> <span class='ocrx_word' id='word_1_606' title='bbox 400 4037 527 4091; x_wconf 76' lang='lat' dir='ltr'><strong>instructi</strong></span> <span class='ocrx_word' id='word_1_607' title='bbox 544 4041 618 4105; x_wconf 87' lang='lat' dir='ltr'><strong>sunt,</strong></span> <span class='ocrx_word' id='word_1_608' title='bbox 637 4035 673 4091; x_wconf 92' lang='lat' dir='ltr'><strong>ab</strong></span> <span class='ocrx_word' id='word_1_609' title='bbox 691 4035 826 4091; x_wconf 87' lang='lat' dir='ltr'><strong>electione</strong></span> <span class='ocrx_word' id='word_1_610' title='bbox 839 4040 868 4090; x_wconf 90' lang='lat' dir='ltr'><strong>et</strong></span> <span class='ocrx_word' id='word_1_611' title='bbox 883 4035 1025 4091; x_wconf 77' lang='lat' dir='ltr'><strong>voluntate</strong></span> <span class='ocrx_word' id='word_1_612' title='bbox 1052 4043 1135 4097; x_wconf 69' lang='lat' dir='ltr'><strong>nibus</strong></span> <span class='ocrx_word' id='word_1_613' title='bbox 1166 4049 1278 4113; x_wconf 81' lang='lat' dir='ltr'><strong>propter</strong></span> <span class='ocrx_word' id='word_1_614' title='bbox 1307 4038 1534 4095; x_wconf 87' lang='lat' dir='ltr'><strong>incontinentiam</strong></span> <span class='ocrx_word' id='word_1_615' title='bbox 1567 4054 1598 4094; x_wconf 87' lang='lat' dir='ltr'><strong>se</strong></span> <span class='ocrx_word' id='word_1_616' title='bbox 1627 4045 1772 4108; x_wconf 84' lang='lat' dir='ltr'><strong>exponunt</strong></span> <span class='ocrx_word' id='word_1_617' title='bbox 1800 4057 1827 4097; x_wconf 81' lang='lat' dir='ltr'><strong>r.</strong></span> <span class='ocrx_word' id='word_1_618' title='bbox 1857 4046 1882 4096; x_wconf 78' lang='lat' dir='ltr'><strong>t.</strong></span> 
     </span>
     <span class='ocr_line' id='line_1_44' title="bbox 196 4120 1882 4199; baseline -0.004 -18"><span class='ocrx_word' id='word_1_619' title='bbox 196 4129 316 4199; x_wconf 87' lang='lat' dir='ltr'><strong>ipsorum</strong></span> <span class='ocrx_word' id='word_1_620' title='bbox 337 4125 492 4195; x_wconf 89' lang='lat' dir='ltr'><strong>dependere</strong></span> <span class='ocrx_word' id='word_1_621' title='bbox 504 4121 700 4177; x_wconf 87' lang='lat' dir='ltr'><strong>abstinentiam</strong></span> <span class='ocrx_word' id='word_1_622' title='bbox 718 4138 736 4175; x_wconf 92' lang='lat' dir='ltr'><strong>a</strong></span> <span class='ocrx_word' id='word_1_623' title='bbox 753 4120 935 4188; x_wconf 87' lang='lat' dir='ltr'><strong>matrimonio,</strong></span> <span class='ocrx_word' id='word_1_624' title='bbox 953 4134 1075 4199; x_wconf 26' lang='lat' dir='ltr'><strong>quaele,</strong></span> <span class='ocrx_word' id='word_1_625' title='bbox 1097 4129 1273 4184; x_wconf 71' lang='lat' dir='ltr'><strong>concinnum</strong></span> <span class='ocrx_word' id='word_1_626' title='bbox 1291 4145 1326 4181; x_wconf 75' lang='lat' dir='ltr'><strong>ac</strong></span> <span class='ocrx_word' id='word_1_627' title='bbox 1351 4126 1471 4181; x_wconf 73' lang='lat' dir='ltr'><strong>coelibes</strong></span> <span class='ocrx_word' id='word_1_628' title='bbox 1493 4125 1523 4179; x_wconf 78' lang='lat' dir='ltr'><strong>in</strong></span> <span class='ocrx_word' id='word_1_629' title='bbox 1548 4124 1699 4193; x_wconf 68' lang='lat' dir='ltr'><strong>&amp;raptura</strong></span> <span class='ocrx_word' id='word_1_630' title='bbox 1725 4126 1882 4181; x_wconf 67' lang='grc' dir='ltr'><strong>ιαυιιαηιιι·</strong></span> 
     </span>
     <span class='ocr_line' id='line_1_45' title="bbox 194 4206 1882 4286; baseline -0.002 -18"><span class='ocrx_word' id='word_1_631' title='bbox 194 4231 244 4286; x_wconf 86' lang='lat' dir='ltr'><strong>per</strong></span> <span class='ocrx_word' id='word_1_632' title='bbox 262 4212 460 4267; x_wconf 74' lang='lat' dir='ltr'><strong>castrationem</strong></span> <span class='ocrx_word' id='word_1_633' title='bbox 479 4208 609 4264; x_wconf 91' lang='lat' dir='ltr'><strong>hocloco</strong></span> <span class='ocrx_word' id='word_1_634' title='bbox 633 4206 809 4277; x_wconf 80' lang='lat' dir='ltr'><strong>intelligitur,</strong></span> <span class='ocrx_word' id='word_1_635' title='bbox 831 4206 881 4261; x_wconf 90' lang='lat' dir='ltr'><strong>sed</strong></span> <span class='ocrx_word' id='word_1_636' title='bbox 901 4207 1025 4277; x_wconf 74' lang='lat' dir='ltr'><strong>quaestio</strong></span> <span class='ocrx_word' id='word_1_637' title='bbox 1052 4225 1077 4269; x_wconf 59' lang='grc' dir='ltr'><strong>ιι</strong></span> <span class='ocrx_word' id='word_1_638' title='bbox 1100 4214 1238 4285; x_wconf 63' lang='lat' dir='ltr'><strong>fnaemtis</strong></span> <span class='ocrx_word' id='word_1_639' title='bbox 1255 4212 1422 4281; x_wconf 74' lang='lat' dir='ltr'><strong>afficiuntur</strong></span> <span class='ocrx_word' id='word_1_640' title='bbox 1449 4210 1523 4265; x_wconf 83' lang='lat' dir='ltr'><strong>Esai.</strong></span> <span class='ocrx_word' id='word_1_641' title='bbox 1548 4226 1612 4282; x_wconf 87' lang='lat' dir='ltr'><strong>cap.</strong></span> <span class='ocrx_word' id='word_1_642' title='bbox 1633 4214 1675 4266; x_wconf 80' lang='lat' dir='ltr'><strong>tt.</strong></span> <span class='ocrx_word' id='word_1_643' title='bbox 1699 4210 1818 4282; x_wconf 78' lang='lat' dir='ltr'><strong>Apocal</strong></span> <span class='ocrx_word' id='word_1_644' title='bbox 1843 4217 1882 4268; x_wconf 82' lang='lat' dir='ltr'><strong>tt.</strong></span> 
     </span>
     <span class='ocr_line' id='line_1_46' title="bbox 194 4292 1882 4372; baseline -0.003 -16"><span class='ocrx_word' id='word_1_645' title='bbox 194 4308 245 4369; x_wconf 85' lang='lat' dir='ltr'><strong>est,</strong></span> <span class='ocrx_word' id='word_1_646' title='bbox 264 4316 299 4353; x_wconf 88' lang='lat' dir='ltr'><strong>an</strong></span> <span class='ocrx_word' id='word_1_647' title='bbox 316 4296 506 4351; x_wconf 85' lang='lat' dir='ltr'><strong>indifferenter</strong></span> <span class='ocrx_word' id='word_1_648' title='bbox 523 4302 552 4351; x_wconf 90' lang='lat' dir='ltr'><strong>et</strong></span> <span class='ocrx_word' id='word_1_649' title='bbox 576 4293 733 4347; x_wconf 86' lang='lat' dir='ltr'><strong>indistincte</strong></span> <span class='ocrx_word' id='word_1_650' title='bbox 752 4308 770 4347; x_wconf 87' lang='lat' dir='ltr'><strong>a</strong></span> <span class='ocrx_word' id='word_1_651' title='bbox 788 4293 910 4364; x_wconf 86' lang='lat' dir='ltr'><strong>cujusvis</strong></span> <span class='ocrx_word' id='word_1_652' title='bbox 937 4292 1025 4348; x_wconf 85' lang='lat' dir='ltr'><strong>libera</strong></span> <span class='ocrx_word' id='word_1_653' title='bbox 1053 4302 1174 4372; x_wconf 73' lang='lat' dir='ltr'><strong>Supiunt</strong></span> <span class='ocrx_word' id='word_1_654' title='bbox 1193 4305 1217 4355; x_wconf 82' lang='lat'><strong>3.</strong></span> <span class='ocrx_word' id='word_1_655' title='bbox 1259 4300 1299 4352; x_wconf 79' lang='lat' dir='ltr'><strong>At</strong></span> <span class='ocrx_word' id='word_1_656' title='bbox 1316 4299 1425 4353; x_wconf 74' lang='lat' dir='ltr'><strong>niallam</strong></span> <span class='ocrx_word' id='word_1_657' title='bbox 1440 4298 1613 4367; x_wconf 78' lang='lat' dir='ltr'><strong>proemium,</strong></span> <span class='ocrx_word' id='word_1_658' title='bbox 1640 4296 1753 4351; x_wconf 77' lang='lat' dir='ltr'><strong>nnllam</strong></span> <span class='ocrx_word' id='word_1_659' title='bbox 1771 4299 1882 4354; x_wconf 78' lang='lat' dir='ltr'><strong>landast</strong></span> 
     </span>
     <span class='ocr_line' id='line_1_47' title="bbox 194 4378 1881 4456; baseline -0.001 -17"><span class='ocrx_word' id='word_1_660' title='bbox 194 4388 337 4441; x_wconf 84' lang='lat' dir='ltr'><strong>voluntate</strong></span> <span class='ocrx_word' id='word_1_661' title='bbox 354 4392 383 4438; x_wconf 90' lang='lat' dir='ltr'><strong>et</strong></span> <span class='ocrx_word' id='word_1_662' title='bbox 401 4382 536 4438; x_wconf 87' lang='lat' dir='ltr'><strong>electione</strong></span> <span class='ocrx_word' id='word_1_663' title='bbox 554 4379 683 4451; x_wconf 84' lang='lat' dir='ltr'><strong>pendeat,</strong></span> <span class='ocrx_word' id='word_1_664' title='bbox 706 4379 810 4434; x_wconf 91' lang='lat' dir='ltr'><strong>donum</strong></span> <span class='ocrx_word' id='word_1_665' title='bbox 836 4378 905 4433; x_wconf 91' lang='lat' dir='ltr'><strong>illud</strong></span> <span class='ocrx_word' id='word_1_666' title='bbox 924 4379 1026 4435; x_wconf 87' lang='lat' dir='ltr'><strong>habere</strong></span> <span class='ocrx_word' id='word_1_667' title='bbox 1051 4395 1190 4443; x_wconf 70' lang='lat' dir='ltr'><strong>merentur</strong></span> <span class='ocrx_word' id='word_1_668' title='bbox 1207 4402 1308 4456; x_wconf 81' lang='lat' dir='ltr'><strong>opera,</strong></span> <span class='ocrx_word' id='word_1_669' title='bbox 1333 4402 1404 4454; x_wconf 84' lang='lat' dir='ltr'><strong>qnae</strong></span> <span class='ocrx_word' id='word_1_670' title='bbox 1422 4402 1478 4439; x_wconf 89' lang='lat' dir='ltr'><strong>non</strong></span> <span class='ocrx_word' id='word_1_671' title='bbox 1493 4390 1558 4438; x_wconf 75' lang='lat' dir='ltr'><strong>nont</strong></span> <span class='ocrx_word' id='word_1_672' title='bbox 1575 4385 1606 4437; x_wconf 85' lang='lat' dir='ltr'><strong>in</strong></span> <span class='ocrx_word' id='word_1_673' title='bbox 1623 4393 1722 4438; x_wconf 83' lang='lat' dir='ltr'><strong>nostra</strong></span> <span class='ocrx_word' id='word_1_674' title='bbox 1735 4392 1881 4456; x_wconf 73' lang='lat' dir='ltr'><strong>potestate,</strong></span> 
     </span>
     <span class='ocr_line' id='line_1_48' title="bbox 194 4465 1883 4543; baseline 0.001 -17"><span class='ocrx_word' id='word_1_675' title='bbox 194 4474 237 4527; x_wconf 85' lang='lat' dir='ltr'><strong>vel</strong></span> <span class='ocrx_word' id='word_1_676' title='bbox 261 4471 409 4527; x_wconf 82' lang='lat' dir='ltr'><strong>obtinere?</strong></span> <span class='ocrx_word' id='word_1_677' title='bbox 435 4469 473 4524; x_wconf 92' lang='lat' dir='ltr'><strong>ibi</strong></span> <span class='ocrx_word' id='word_1_678' title='bbox 497 4485 562 4524; x_wconf 84' lang='lat' dir='ltr'><strong>vero</strong></span> <span class='ocrx_word' id='word_1_679' title='bbox 588 4466 715 4522; x_wconf 86' lang='lat' dir='ltr'><strong>Christus</strong></span> <span class='ocrx_word' id='word_1_680' title='bbox 741 4465 843 4521; x_wconf 87' lang='lat' dir='ltr'><strong>diserte</strong></span> <span class='ocrx_word' id='word_1_681' title='bbox 865 4466 1026 4538; x_wconf 78' lang='lat' dir='ltr'><strong>respondet:</strong></span> <span class='ocrx_word' id='word_1_682' title='bbox 1051 4492 1101 4530; x_wconf 58' lang='grc' dir='ltr'><strong>ηις</strong></span> <span class='ocrx_word' id='word_1_683' title='bbox 1119 4474 1192 4528; x_wconf 73' lang='lat' dir='ltr'><strong>enim</strong></span> <span class='ocrx_word' id='word_1_684' title='bbox 1206 4473 1336 4543; x_wconf 79' lang='lat' dir='ltr'><strong>proemio</strong></span> <span class='ocrx_word' id='word_1_685' title='bbox 1357 4472 1537 4537; x_wconf 71' lang='lat' dir='ltr'><strong>afficiuntur,</strong></span> <span class='ocrx_word' id='word_1_686' title='bbox 1559 4472 1609 4540; x_wconf 77' lang='lat' dir='ltr'><strong>qni</strong></span> <span class='ocrx_word' id='word_1_687' title='bbox 1623 4472 1809 4541; x_wconf 77' lang='lat' dir='ltr'><strong>prophetant,</strong></span> <span class='ocrx_word' id='word_1_688' title='bbox 1835 4472 1883 4543; x_wconf 81' lang='lat' dir='ltr'><strong>qui</strong></span> 
     </span>
     <span class='ocr_line' id='line_1_49' title="bbox 197 4553 1882 4631; baseline -0.005 -18"><span class='ocrx_word' id='word_1_689' title='bbox 197 4560 268 4613; x_wconf 74' lang='lat' dir='ltr'><strong>Sient</strong></span> <span class='ocrx_word' id='word_1_690' title='bbox 287 4562 335 4628; x_wconf 80' lang='lat' dir='ltr'><strong>qni</strong></span> <span class='ocrx_word' id='word_1_691' title='bbox 351 4575 381 4611; x_wconf 83' lang='lat' dir='ltr'><strong>se</strong></span> <span class='ocrx_word' id='word_1_692' title='bbox 400 4564 527 4610; x_wconf 86' lang='lat' dir='ltr'><strong>castrant</strong></span> <span class='ocrx_word' id='word_1_693' title='bbox 544 4562 661 4625; x_wconf 81' lang='lat' dir='ltr'><strong>propter</strong></span> <span class='ocrx_word' id='word_1_694' title='bbox 678 4571 794 4623; x_wconf 76' lang='lat' dir='ltr'><strong>reanum</strong></span> <span class='ocrx_word' id='word_1_695' title='bbox 812 4554 960 4622; x_wconf 80' lang='lat' dir='ltr'><strong>coelorum,</strong></span> <span class='ocrx_word' id='word_1_696' title='bbox 980 4553 1028 4609; x_wconf 84' lang='lat' dir='ltr'><strong>ilii</strong></span> <span class='ocrx_word' id='word_1_697' title='bbox 1052 4561 1156 4631; x_wconf 59' lang='lat' dir='ltr'><strong>linquis</strong></span> <span class='ocrx_word' id='word_1_698' title='bbox 1173 4560 1313 4629; x_wconf 67' lang='lat' dir='ltr'><strong>loquutur,</strong></span> <span class='ocrx_word' id='word_1_699' title='bbox 1334 4559 1384 4628; x_wconf 71' lang='lat' dir='ltr'><strong>qui</strong></span> <span class='ocrx_word' id='word_1_700' title='bbox 1402 4559 1512 4611; x_wconf 74' lang='lat' dir='ltr'><strong>morbos</strong></span> <span class='ocrx_word' id='word_1_701' title='bbox 1531 4564 1645 4626; x_wconf 66' lang='lat' dir='ltr'><strong>euram,</strong></span> <span class='ocrx_word' id='word_1_702' title='bbox 1664 4558 1715 4627; x_wconf 68' lang='lat' dir='ltr'><strong>qui</strong></span> <span class='ocrx_word' id='word_1_703' title='bbox 1733 4560 1882 4613; x_wconf 64' lang='lat' dir='ltr'><strong>damam</strong></span> 
     </span>
     <span class='ocr_line' id='line_1_50' title="bbox 195 4640 1882 4719; baseline -0.001 -19"><span class='ocrx_word' id='word_1_704' title='bbox 195 4645 314 4712; x_wconf 86' lang='lat' dir='ltr'><strong>scilicet,</strong></span> <span class='ocrx_word' id='word_1_705' title='bbox 333 4644 432 4713; x_wconf 72' lang='lat' dir='ltr'><strong>quidun</strong></span> <span class='ocrx_word' id='word_1_706' title='bbox 451 4644 549 4696; x_wconf 85' lang='lat' dir='ltr'><strong>datum</strong></span> <span class='ocrx_word' id='word_1_707' title='bbox 567 4648 622 4709; x_wconf 85' lang='lat' dir='ltr'><strong>eet,</strong></span> <span class='ocrx_word' id='word_1_708' title='bbox 641 4658 693 4696; x_wconf 85' lang='lat' dir='ltr'><strong>nec</strong></span> <span class='ocrx_word' id='word_1_709' title='bbox 714 4640 795 4709; x_wconf 91' lang='lat' dir='ltr'><strong>dicit,</strong></span> <span class='ocrx_word' id='word_1_710' title='bbox 816 4640 864 4711; x_wconf 88' lang='lat' dir='ltr'><strong>qui</strong></span> <span class='ocrx_word' id='word_1_711' title='bbox 882 4656 950 4711; x_wconf 77' lang='lat' dir='ltr'><strong>ergo</strong></span> <span class='ocrx_word' id='word_1_712' title='bbox 966 4640 1027 4695; x_wconf 81' lang='lat' dir='ltr'><strong>vult</strong></span> <span class='ocrx_word' id='word_1_713' title='bbox 1052 4649 1182 4719; x_wconf 61' lang='lat' dir='ltr'><strong>efficiunt,</strong></span> <span class='ocrx_word' id='word_1_714' title='bbox 1212 4663 1279 4715; x_wconf 73' lang='lat' dir='ltr'><strong>erpo</strong></span> <span class='ocrx_word' id='word_1_715' title='bbox 1309 4644 1481 4699; x_wconf 83' lang='lat' dir='ltr'><strong>continentia</strong></span> <span class='ocrx_word' id='word_1_716' title='bbox 1509 4662 1565 4698; x_wconf 89' lang='lat' dir='ltr'><strong>non</strong></span> <span class='ocrx_word' id='word_1_717' title='bbox 1593 4652 1633 4699; x_wconf 79' lang='lat' dir='ltr'><strong>cst</strong></span> <span class='ocrx_word' id='word_1_718' title='bbox 1662 4644 1755 4698; x_wconf 77' lang='lat' dir='ltr'><strong>solans</strong></span> <span class='ocrx_word' id='word_1_719' title='bbox 1782 4647 1882 4701; x_wconf 72' lang='grc' dir='ltr'>ὼιιυιι</span> 
     </span>
     <span class='ocr_line' id='line_1_51' title="bbox 196 4727 1882 4802; baseline 0.001 -17"><span class='ocrx_word' id='word_1_720' title='bbox 196 4747 308 4801; x_wconf 90' lang='lat' dir='ltr'><strong>capere,</strong></span> <span class='ocrx_word' id='word_1_721' title='bbox 327 4730 433 4801; x_wconf 86' lang='lat' dir='ltr'><strong>capiat,</strong></span> <span class='ocrx_word' id='word_1_722' title='bbox 459 4729 509 4784; x_wconf 85' lang='lat' dir='ltr'><strong>scd</strong></span> <span class='ocrx_word' id='word_1_723' title='bbox 528 4728 578 4797; x_wconf 77' lang='lat' dir='ltr'><strong>qni</strong></span> <span class='ocrx_word' id='word_1_724' title='bbox 592 4735 685 4797; x_wconf 83' lang='lat' dir='ltr'><strong>potest</strong></span> <span class='ocrx_word' id='word_1_725' title='bbox 710 4743 825 4796; x_wconf 67' lang='lat' dir='ltr'><strong>capae,</strong></span> <span class='ocrx_word' id='word_1_726' title='bbox 847 4728 950 4796; x_wconf 76' lang='lat' dir='ltr'><strong>capiat.</strong></span> <span class='ocrx_word' id='word_1_727' title='bbox 984 4727 1027 4781; x_wconf 86' lang='lat' dir='ltr'><strong>Ao</strong></span> <span class='ocrx_word' id='word_1_728' title='bbox 1053 4736 1126 4799; x_wconf 81' lang='lat' dir='ltr'><strong>Dei,</strong></span> <span class='ocrx_word' id='word_1_729' title='bbox 1160 4735 1213 4787; x_wconf 82' lang='lat' dir='ltr'><strong>sed</strong></span> <span class='ocrx_word' id='word_1_730' title='bbox 1248 4732 1340 4786; x_wconf 79' lang='lat' dir='ltr'><strong>libera</strong></span> <span class='ocrx_word' id='word_1_731' title='bbox 1374 4730 1493 4785; x_wconf 81' lang='lat' dir='ltr'><strong>hominis</strong></span> <span class='ocrx_word' id='word_1_732' title='bbox 1522 4730 1603 4787; x_wconf 83' lang='lat' dir='ltr'><strong>actio.</strong></span> <span class='ocrx_word' id='word_1_733' title='bbox 1657 4729 1882 4802; x_wconf 84' lang='lat' dir='ltr'><strong>Respondemus:</strong></span> 
     </span>
     <span class='ocr_line' id='line_1_52' title="bbox 195 4812 1882 4891; baseline -0.001 -21"><span class='ocrx_word' id='word_1_734' title='bbox 195 4816 301 4871; x_wconf 85' lang='lat' dir='ltr'><strong>Paulus</strong></span> <span class='ocrx_word' id='word_1_735' title='bbox 318 4816 410 4872; x_wconf 86' lang='lat' dir='ltr'><strong>verbis</strong></span> <span class='ocrx_word' id='word_1_736' title='bbox 431 4815 497 4870; x_wconf 85' lang='lat' dir='ltr'><strong>solia</strong></span> <span class='ocrx_word' id='word_1_737' title='bbox 517 4813 602 4869; x_wconf 86' lang='lat' dir='ltr'><strong>radiis</strong></span> <span class='ocrx_word' id='word_1_738' title='bbox 621 4812 730 4883; x_wconf 88' lang='lat' dir='ltr'><strong>scriptis</strong></span> <span class='ocrx_word' id='word_1_739' title='bbox 747 4813 909 4883; x_wconf 87' lang='lat' dir='ltr'><strong>pronuntiat</strong></span> <span class='ocrx_word' id='word_1_740' title='bbox 930 4812 1026 4873; x_wconf 69' lang='lat' dir='ltr'><strong>hilar.</strong></span> <span class='ocrx_word' id='word_1_741' title='bbox 1055 4818 1289 4891; x_wconf 72' lang='lat' dir='ltr'><strong>Distinguendum</strong></span> <span class='ocrx_word' id='word_1_742' title='bbox 1319 4820 1362 4873; x_wconf 81' lang='lat' dir='ltr'><strong>eat</strong></span> <span class='ocrx_word' id='word_1_743' title='bbox 1400 4817 1502 4872; x_wconf 90' lang='lat' dir='ltr'><strong>donum</strong></span> <span class='ocrx_word' id='word_1_744' title='bbox 1531 4816 1622 4886; x_wconf 84' lang='lat' dir='ltr'><strong>ipsum</strong></span> <span class='ocrx_word' id='word_1_745' title='bbox 1650 4832 1669 4871; x_wconf 92' lang='lat' dir='ltr'><strong>a</strong></span> <span class='ocrx_word' id='word_1_746' title='bbox 1696 4815 1822 4887; x_wconf 81' lang='lat' dir='ltr'><strong>legitimo</strong></span> <span class='ocrx_word' id='word_1_747' title='bbox 1855 4820 1882 4871; x_wconf 91' lang='lat' dir='ltr'><strong>ct</strong></span> 
     </span>
     <span class='ocr_line' id='line_1_53' title="bbox 84 4900 1882 5041; baseline 0.003 -89"><span class='ocrx_word' id='word_1_748' title='bbox 84 4910 138 4955; x_wconf 80' lang='lat' dir='ltr'><strong>xvi.</strong></span> <span class='ocrx_word' id='word_1_749' title='bbox 151 4908 184 4952; x_wconf 88' lang='lat' dir='ltr'><strong>tt.</strong></span> <span class='ocrx_word' id='word_1_750' title='bbox 198 4910 222 4971; x_wconf 79' lang='grc' dir='ltr'><strong>ῖ,</strong></span> <span class='ocrx_word' id='word_1_751' title='bbox 235 4918 261 4960; x_wconf 81' lang='lat' dir='ltr'><strong>v.</strong></span> <span class='ocrx_word' id='word_1_752' title='bbox 275 4910 304 4956; x_wconf 80' lang='lat' dir='ltr'><strong>t:</strong></span> <span class='ocrx_word' id='word_1_753' title='bbox 326 4903 520 4971; x_wconf 73' lang='lat' dir='ltr'><strong>Uirnsqnieque</strong></span> <span class='ocrx_word' id='word_1_754' title='bbox 532 4900 686 4971; x_wconf 78' lang='lat' dir='ltr'><strong>propriam</strong></span> <span class='ocrx_word' id='word_1_755' title='bbox 699 4902 802 4953; x_wconf 81' lang='lat' dir='ltr'><strong>aonam</strong></span> <span class='ocrx_word' id='word_1_756' title='bbox 815 4900 1167 5041; x_wconf 36' lang='lat' dir='ltr'><strong>hehawDeoqsnlutnri</strong></span> <span class='ocrx_word' id='word_1_757' title='bbox 1185 4906 1309 4975; x_wconf 80' lang='lat' dir='ltr'><strong>ejusdem</strong></span> <span class='ocrx_word' id='word_1_758' title='bbox 1333 4921 1393 4958; x_wconf 87' lang='lat' dir='ltr'><strong>usu.</strong></span> <span class='ocrx_word' id='word_1_759' title='bbox 1436 4902 1518 4959; x_wconf 91' lang='lat' dir='ltr'><strong>Dona</strong></span> <span class='ocrx_word' id='word_1_760' title='bbox 1542 4900 1655 4972; x_wconf 87' lang='lat' dir='ltr'><strong>proprie</strong></span> <span class='ocrx_word' id='word_1_761' title='bbox 1678 4908 1708 4957; x_wconf 88' lang='lat' dir='ltr'><strong>et</strong></span> <span class='ocrx_word' id='word_1_762' title='bbox 1731 4902 1882 4973; x_wconf 82' lang='lat' dir='ltr'><strong>peculiaria</strong></span> 
     </span>
     <span class='ocr_line' id='line_1_54' title="bbox 197 4984 1881 5062; baseline -0.009 -18"><span class='ocrx_word' id='word_1_763' title='bbox 197 4991 273 5044; x_wconf 83' lang='lat' dir='ltr'><strong>alins</strong></span> <span class='ocrx_word' id='word_1_764' title='bbox 293 4990 342 5058; x_wconf 83' lang='lat' dir='ltr'><strong>eie,</strong></span> <span class='ocrx_word' id='word_1_765' title='bbox 362 4990 437 5043; x_wconf 82' lang='lat' dir='ltr'><strong>alies</strong></span> <span class='ocrx_word' id='word_1_766' title='bbox 455 5006 520 5043; x_wconf 83' lang='lat' dir='ltr'><strong>vero</strong></span> <span class='ocrx_word' id='word_1_767' title='bbox 538 4988 588 5054; x_wconf 86' lang='lat' dir='ltr'><strong>sic,</strong></span> <span class='ocrx_word' id='word_1_768' title='bbox 608 4986 752 5041; x_wconf 84' lang='lat' dir='ltr'><strong>manifeste</strong></span> <span class='ocrx_word' id='word_1_769' title='bbox 771 4984 873 5051; x_wconf 87' lang='lat' dir='ltr'><strong>dicens,</strong></span> <span class='ocrx_word' id='word_1_770' title='bbox 886 4986 1027 5041; x_wconf 88' lang='lat' dir='ltr'><strong>continen·</strong></span> <span class='ocrx_word' id='word_1_771' title='bbox 1053 5012 1107 5049; x_wconf 82' lang='lat' dir='ltr'><strong>n0n</strong></span> <span class='ocrx_word' id='word_1_772' title='bbox 1126 4993 1230 5047; x_wconf 74' lang='lat' dir='ltr'><strong>habent</strong></span> <span class='ocrx_word' id='word_1_773' title='bbox 1248 4991 1408 5062; x_wconf 63' lang='lat' dir='ltr'><strong>praemium,</strong></span> <span class='ocrx_word' id='word_1_774' title='bbox 1427 4989 1479 5043; x_wconf 68' lang='lat' dir='ltr'><strong>nini</strong></span> <span class='ocrx_word' id='word_1_775' title='bbox 1493 4986 1750 5044; x_wconf 64' lang='lat' dir='ltr'><strong>nnnndntnnlntnrin</strong></span> <span class='ocrx_word' id='word_1_776' title='bbox 1767 5005 1801 5045; x_wconf 64' lang='lat' dir='ltr'><strong>nn</strong></span> <span class='ocrx_word' id='word_1_777' title='bbox 1817 4987 1881 5061; x_wconf 61' lang='lat'>1231.</span> 
     </span>
     <span class='ocr_line' id='line_1_55' title="bbox 197 5046 1880 5148; baseline -0.004 -12"><span class='ocrx_word' id='word_1_778' title='bbox 197 5078 252 5131; x_wconf 78' lang='lat' dir='ltr'><strong>tioe</strong></span> <span class='ocrx_word' id='word_1_779' title='bbox 283 5075 385 5129; x_wconf 74' lang='lat' dir='ltr'><strong>donum</strong></span> <span class='ocrx_word' id='word_1_780' title='bbox 415 5091 472 5129; x_wconf 82' lang='lat' dir='ltr'><strong>non</strong></span> <span class='ocrx_word' id='word_1_781' title='bbox 489 5074 530 5129; x_wconf 69' lang='lat' dir='ltr'><strong>ilo</strong></span> <span class='ocrx_word' id='word_1_782' title='bbox 546 5090 606 5129; x_wconf 74' lang='lat'><strong>0⁸⁸⁰</strong></span> <span class='ocrx_word' id='word_1_783' title='bbox 623 5088 781 5138; x_wconf 90' lang='lat' dir='ltr'><strong>commune,</strong></span> <span class='ocrx_word' id='word_1_784' title='bbox 806 5075 838 5125; x_wconf 65' lang='lat' dir='ltr'><strong>ut</strong></span> <span class='ocrx_word' id='word_1_785' title='bbox 866 5088 885 5126; x_wconf 75' lang='lat'>⁸</span> <span class='ocrx_word' id='word_1_786' title='bbox 907 5046 1135 5142; x_wconf 66' lang='lat' dir='ltr'><strong>cujusvislnmu,</strong></span> <span class='ocrx_word' id='word_1_787' title='bbox 1144 5078 1291 5134; x_wconf 82' lang='lat' dir='ltr'><strong>eomndem</strong></span> <span class='ocrx_word' id='word_1_788' title='bbox 1303 5094 1377 5134; x_wconf 89' lang='lat' dir='ltr'><strong>usus.</strong></span> <span class='ocrx_word' id='word_1_789' title='bbox 1396 5076 1499 5148; x_wconf 87' lang='lat' dir='ltr'><strong>Siequi</strong></span> <span class='ocrx_word' id='word_1_790' title='bbox 1508 5074 1677 5148; x_wconf 86' lang='lat' dir='ltr'><strong>prophetiae,</strong></span> <span class='ocrx_word' id='word_1_791' title='bbox 1685 5074 1845 5147; x_wconf 78' lang='lat' dir='ltr'><strong>linguarum</strong></span> <span class='ocrx_word' id='word_1_792' title='bbox 1853 5078 1880 5131; x_wconf 88' lang='lat' dir='ltr'><strong>et</strong></span> 
     </span>
     <span class='ocr_line' id='line_1_56' title="bbox 197 5148 1879 5243; baseline -0.001 -25"><span class='ocrx_word' id='word_1_793' title='bbox 197 5162 315 5218; x_wconf 84' lang='lat' dir='ltr'><strong>hominis</strong></span> <span class='ocrx_word' id='word_1_794' title='bbox 335 5160 468 5215; x_wconf 85' lang='lat' dir='ltr'><strong>electione</strong></span> <span class='ocrx_word' id='word_1_795' title='bbox 485 5161 622 5232; x_wconf 87' lang='lat' dir='ltr'><strong>pendeat,</strong></span> <span class='ocrx_word' id='word_1_796' title='bbox 645 5158 694 5214; x_wconf 87' lang='lat' dir='ltr'><strong>sed</strong></span> <span class='ocrx_word' id='word_1_797' title='bbox 713 5174 775 5214; x_wconf 82' lang='lat' dir='ltr'><strong>ease</strong></span> <span class='ocrx_word' id='word_1_798' title='bbox 791 5163 928 5213; x_wconf 87' lang='lat' dir='ltr'><strong>certorum</strong></span> <span class='ocrx_word' id='word_1_799' title='bbox 943 5158 1028 5213; x_wconf 89' lang='lat' dir='ltr'><strong>homi·</strong></span> <span class='ocrx_word' id='word_1_800' title='bbox 1039 5148 1043 5243; x_wconf 61' lang='grc' dir='ltr'>ξ</span> <span class='ocrx_word' id='word_1_801' title='bbox 1054 5167 1227 5222; x_wconf 61' lang='lat' dir='ltr'><strong>„untionum</strong></span> <span class='ocrx_word' id='word_1_802' title='bbox 1245 5165 1317 5221; x_wconf 77' lang='lat' dir='ltr'><strong>dono</strong></span> <span class='ocrx_word' id='word_1_803' title='bbox 1335 5163 1463 5219; x_wconf 81' lang='lat' dir='ltr'><strong>instructi</strong></span> <span class='ocrx_word' id='word_1_804' title='bbox 1481 5169 1559 5227; x_wconf 81' lang='lat' dir='ltr'><strong>aunt,</strong></span> <span class='ocrx_word' id='word_1_805' title='bbox 1582 5161 1707 5232; x_wconf 87' lang='lat' dir='ltr'><strong>praemia</strong></span> <span class='ocrx_word' id='word_1_806' title='bbox 1732 5162 1879 5233; x_wconf 78' lang='lat' dir='ltr'><strong>accipient.</strong></span> 
     </span>
     <span class='ocr_line' id='line_1_57' title="bbox 197 5243 1882 5327; baseline -0.009 -9"><span class='ocrx_word' id='word_1_807' title='bbox 197 5258 264 5303; x_wconf 62' lang='lat' dir='ltr'><strong>num</strong></span> <span class='ocrx_word' id='word_1_808' title='bbox 281 5246 437 5317; x_wconf 61' lang='lat' dir='ltr'><strong>imprium,</strong></span> <span class='ocrx_word' id='word_1_809' title='bbox 454 5245 568 5317; x_wconf 60' lang='lat' dir='ltr'><strong>reliqui!</strong></span> <span class='ocrx_word' id='word_1_810' title='bbox 583 5261 649 5299; x_wconf 63' lang='lat'><strong>&#39;⁰10</strong></span> <span class='ocrx_word' id='word_1_811' title='bbox 677 5243 783 5299; x_wconf 56' lang='lat' dir='ltr'><strong>dmum</strong></span> <span class='ocrx_word' id='word_1_812' title='bbox 802 5260 873 5299; x_wconf 67' lang='lat'>0⁵³⁰:</span> <span class='ocrx_word' id='word_1_813' title='bbox 901 5244 957 5307; x_wconf 63' lang='lat'><strong>&lt;2¹¹5</strong></span> <span class='ocrx_word' id='word_1_814' title='bbox 972 5256 1077 5327; x_wconf 81' lang='lat' dir='ltr'><strong>ooo,si</strong></span> <span class='ocrx_word' id='word_1_815' title='bbox 1104 5255 1186 5325; x_wconf 85' lang='lat' dir='ltr'><strong>juxta</strong></span> <span class='ocrx_word' id='word_1_816' title='bbox 1216 5252 1270 5308; x_wconf 91' lang='lat' dir='ltr'><strong>Dei</strong></span> <span class='ocrx_word' id='word_1_817' title='bbox 1295 5251 1469 5306; x_wconf 79' lang='lat' dir='ltr'><strong>voluntatem</strong></span> <span class='ocrx_word' id='word_1_818' title='bbox 1496 5248 1596 5304; x_wconf 87' lang='lat' dir='ltr'><strong>iisdem</strong></span> <span class='ocrx_word' id='word_1_819' title='bbox 1625 5253 1742 5303; x_wconf 87' lang='lat' dir='ltr'><strong>utantur</strong></span> <span class='ocrx_word' id='word_1_820' title='bbox 1766 5248 1809 5303; x_wconf 78' lang='lat' dir='ltr'><strong>ad</strong></span> <span class='ocrx_word' id='word_1_821' title='bbox 1841 5264 1882 5303; x_wconf 89' lang='lat' dir='ltr'><strong>ec·</strong></span> 
     </span>
     <span class='ocr_line' id='line_1_58' title="bbox 197 5331 1882 5400; baseline -0.003 -4"><span class='ocrx_word' id='word_1_822' title='bbox 197 5336 353 5397; x_wconf 82' lang='lat' dir='ltr'><strong>continent,</strong></span> <span class='ocrx_word' id='word_1_823' title='bbox 382 5333 499 5396; x_wconf 73' lang='lat' dir='ltr'><strong>nnbtrnt,</strong></span> <span class='ocrx_word' id='word_1_824' title='bbox 524 5332 624 5386; x_wconf 62' lang='lat' dir='ltr'><strong>molito</strong></span> <span class='ocrx_word' id='word_1_825' title='bbox 650 5333 723 5385; x_wconf 61' lang='lat' dir='ltr'><strong>otim</strong></span> <span class='ocrx_word' id='word_1_826' title='bbox 751 5337 792 5385; x_wconf 57' lang='grc' dir='ltr'><em>Μ</em></span> <span class='ocrx_word' id='word_1_827' title='bbox 817 5331 920 5385; x_wconf 59' lang='grc' dir='ltr'><strong>ΜΝ</strong></span> <span class='ocrx_word' id='word_1_828' title='bbox 944 5348 1028 5400; x_wconf 66' lang='lat' dir='ltr'><strong>tuom</strong></span> <span class='ocrx_word' id='word_1_829' title='bbox 1054 5341 1156 5397; x_wconf 83' lang='lat' dir='ltr'><strong>clasiae</strong></span> <span class='ocrx_word' id='word_1_830' title='bbox 1183 5337 1357 5395; x_wconf 85' lang='lat' dir='ltr'><strong>commodum</strong></span> <span class='ocrx_word' id='word_1_831' title='bbox 1387 5341 1416 5393; x_wconf 85' lang='lat' dir='ltr'><strong>et</strong></span> <span class='ocrx_word' id='word_1_832' title='bbox 1446 5334 1563 5390; x_wconf 87' lang='lat' dir='ltr'><strong>aliorum</strong></span> <span class='ocrx_word' id='word_1_833' title='bbox 1594 5333 1736 5389; x_wconf 86' lang='lat' dir='ltr'><strong>homiuum</strong></span> <span class='ocrx_word' id='word_1_834' title='bbox 1768 5334 1882 5391; x_wconf 73' lang='lat' dir='ltr'><strong>salutm</strong></span> 
     </span>
     <span class='ocr_line' id='line_1_59' title="bbox 197 5419 1883 5499; baseline -0.004 -16"><span class='ocrx_word' id='word_1_835' title='bbox 197 5423 252 5478; x_wconf 76' lang='lat' dir='ltr'><strong>ori.</strong></span> <span class='ocrx_word' id='word_1_836' title='bbox 294 5424 321 5477; x_wconf 80' lang='lat'><strong>2·</strong></span> <span class='ocrx_word' id='word_1_837' title='bbox 349 5420 437 5473; x_wconf 68' lang='lat' dir='ltr'><strong>Verbo</strong></span> <span class='ocrx_word' id='word_1_838' title='bbox 459 5419 578 5488; x_wconf 49' lang='lat' dir='ltr'><strong>Christi,</strong></span> <span class='ocrx_word' id='word_1_839' title='bbox 603 5420 653 5488; x_wconf 62' lang='lat' dir='ltr'><strong>toi</strong></span> <span class='ocrx_word' id='word_1_840' title='bbox 672 5426 767 5488; x_wconf 65' lang='lat' dir='ltr'><strong>pomi</strong></span> <span class='ocrx_word' id='word_1_841' title='bbox 784 5432 899 5487; x_wconf 61' lang='lat' dir='ltr'><strong>essim,</strong></span> <span class='ocrx_word' id='word_1_842' title='bbox 925 5419 1029 5488; x_wconf 71' lang='lat' dir='ltr'><strong>capta,</strong></span> <span class='ocrx_word' id='word_1_843' title='bbox 1054 5427 1277 5499; x_wconf 82' lang='lat' dir='ltr'><strong>promovendam.</strong></span> <span class='ocrx_word' id='word_1_844' title='bbox 1315 5423 1394 5479; x_wconf 85' lang='lat' dir='ltr'><strong>Idem</strong></span> <span class='ocrx_word' id='word_1_845' title='bbox 1410 5422 1547 5493; x_wconf 86' lang='lat' dir='ltr'><strong>judicium</strong></span> <span class='ocrx_word' id='word_1_846' title='bbox 1566 5424 1626 5475; x_wconf 87' lang='lat' dir='ltr'><strong>esto</strong></span> <span class='ocrx_word' id='word_1_847' title='bbox 1645 5420 1681 5476; x_wconf 89' lang='lat' dir='ltr'><strong>de</strong></span> <span class='ocrx_word' id='word_1_848' title='bbox 1700 5420 1883 5477; x_wconf 83' lang='lat' dir='ltr'><strong>continentiae</strong></span> 
     </span>
     <span class='ocr_line' id='line_1_60' title="bbox 197 5504 1883 5584; baseline -0.003 -16"><span class='ocrx_word' id='word_1_849' title='bbox 197 5508 415 5563; x_wconf 67' lang='lat' dir='ltr'><strong>cohortationem</strong></span> <span class='ocrx_word' id='word_1_850' title='bbox 445 5508 487 5561; x_wconf 85' lang='lat' dir='ltr'><strong>ad</strong></span> <span class='ocrx_word' id='word_1_851' title='bbox 512 5505 711 5561; x_wconf 67' lang='lat' dir='ltr'><strong>ooott&#39;oooio&#39;om</strong></span> <span class='ocrx_word' id='word_1_852' title='bbox 736 5504 846 5559; x_wconf 63' lang='lat' dir='ltr'><strong>dobm-</strong></span> <span class='ocrx_word' id='word_1_853' title='bbox 894 5505 932 5558; x_wconf 63' lang='lat' dir='ltr'><strong>A!</strong></span> <span class='ocrx_word' id='word_1_854' title='bbox 966 5504 1140 5577; x_wconf 68' lang='lat' dir='ltr'><strong>onolton,</strong></span> <span class='ocrx_word' id='word_1_855' title='bbox 1169 5512 1216 5584; x_wconf 90' lang='lat' dir='ltr'><strong>qui</strong></span> <span class='ocrx_word' id='word_1_856' title='bbox 1235 5527 1268 5565; x_wconf 90' lang='lat' dir='ltr'><strong>eo</strong></span> <span class='ocrx_word' id='word_1_857' title='bbox 1287 5516 1362 5566; x_wconf 88' lang='lat' dir='ltr'><strong>recte</strong></span> <span class='ocrx_word' id='word_1_858' title='bbox 1381 5508 1483 5577; x_wconf 89' lang='lat' dir='ltr'><strong>utitur,</strong></span> <span class='ocrx_word' id='word_1_859' title='bbox 1508 5515 1541 5562; x_wconf 91' lang='lat' dir='ltr'><strong>ut</strong></span> <span class='ocrx_word' id='word_1_860' title='bbox 1559 5508 1597 5562; x_wconf 88' lang='lat' dir='ltr'><strong>ed</strong></span> <span class='ocrx_word' id='word_1_861' title='bbox 1615 5505 1733 5579; x_wconf 82' lang='lat' dir='ltr'><strong>pietatis</strong></span> <span class='ocrx_word' id='word_1_862' title='bbox 1754 5506 1883 5563; x_wconf 68' lang='lat' dir='ltr'><strong>mentm</strong></span> 
     </span>
    </p>
   </div>
   <div class='ocr_carea' id='block_1_6' title="bbox 197 5591 1884 5667">
    <p class='ocr_par' dir='ltr' id='par_1_6' title="bbox 197 5591 1884 5667">
     <span class='ocr_line' id='line_1_61' title="bbox 197 5591 1884 5667; baseline -0.005 -7"><span class='ocrx_word' id='word_1_863' title='bbox 197 5597 312 5665; x_wconf 62' lang='lat' dir='ltr'><strong>*ovito*</strong></span> <span class='ocrx_word' id='word_1_864' title='bbox 328 5595 489 5650; x_wconf 59' lang='lat' dir='ltr'><strong>loriam?</strong></span> <span class='ocrx_word' id='word_1_865' title='bbox 504 5610 627 5664; x_wconf 65' lang='lat' dir='ltr'><strong>“otim</strong></span> <span class='ocrx_word' id='word_1_866' title='bbox 645 5595 686 5647; x_wconf 67' lang='lat' dir='ltr'><strong>“d</strong></span> <span class='ocrx_word' id='word_1_867' title='bbox 703 5592 750 5662; x_wconf 78' lang='lat' dir='ltr'><strong>id,</strong></span> <span class='ocrx_word' id='word_1_868' title='bbox 771 5592 850 5661; x_wconf 63' lang='lat' dir='ltr'><strong>twa</strong></span> <span class='ocrx_word' id='word_1_869' title='bbox 869 5610 925 5647; x_wconf 72' lang='lat' dir='ltr'><strong>Mo</strong></span> <span class='ocrx_word' id='word_1_870' title='bbox 941 5599 981 5645; x_wconf 61' lang='grc' dir='ltr'><em>Μ</em></span> <span class='ocrx_word' id='word_1_871' title='bbox 999 5591 1029 5644; x_wconf 66' lang='lat'><strong>⁸⁶¹⁸</strong></span> <span class='ocrx_word' id='word_1_872' title='bbox 1055 5608 1085 5657; x_wconf 87' lang='lat' dir='ltr'><strong>et</strong></span> <span class='ocrx_word' id='word_1_873' title='bbox 1103 5598 1235 5655; x_wconf 72' lang='lat' dir='ltr'><strong>ecclanae</strong></span> <span class='ocrx_word' id='word_1_874' title='bbox 1254 5594 1407 5653; x_wconf 83' lang='lat' dir='ltr'><strong>ministeria</strong></span> <span class='ocrx_word' id='word_1_875' title='bbox 1423 5594 1460 5649; x_wconf 89' lang='lat' dir='ltr'><strong>sit</strong></span> <span class='ocrx_word' id='word_1_876' title='bbox 1468 5593 1632 5667; x_wconf 86' lang='lat' dir='ltr'><strong>expeditior,</strong></span> <span class='ocrx_word' id='word_1_877' title='bbox 1648 5610 1707 5649; x_wconf 88' lang='lat' dir='ltr'><strong>nou</strong></span> <span class='ocrx_word' id='word_1_878' title='bbox 1716 5592 1884 5667; x_wconf 75' lang='lat' dir='ltr'><strong>nunonis</strong></span> 
     </span>
    </p>
   </div>
   <div class='ocr_carea' id='block_1_7' title="bbox 0 0 2021 6020">
    <p class='ocr_par' dir='ltr' id='par_1_7' title="bbox 0 0 2021 6020">
     <span class='ocr_line' id='line_1_62' title="bbox 0 0 2021 6020; baseline 0 0"><span class='ocrx_word' id='word_1_879' title='bbox 0 0 2021 6020; x_wconf 95' lang='lat' dir='ltr'><strong> </strong></span> 
     </span>
    </p>
   </div>
  </div>
 </body>
</html>
