4020 6022
280 328 339 386 134
859 314 983 374 Locus
999 311 1206 375 monentes
1221 311 1391 381 eumuna

272 473 374 545 ples-es
403 488 504 526 naeres
532 474 647 539 babere,
678 490 739 525 eum
772 487 830 524 non
857 476 1004 524 teneantur
1018 466 1111 537 parti-
1141 469 1398 531 mauriniacensi,
1425 466 1606 539 respicientes
1622 466 1653 520 in
1672 463 1797 520 divinam
1812 460 1980 537 promissio-

278 557 424 613 ealaribas
451 558 559 628 legibus
590 557 742 627 esanpelii,
776 562 927 627 antequam
957 552 1115 608 Christiani
1141 570 1203 607 nens
1223 555 1260 608 de
1277 553 1510 623 multiplicatione
1529 551 1647 621 91111111,
1663 569 1721 604 non
1737 548 1830 619 impis
1848 544 1980 603 laisteis

257 644 354 715 ,fidel
1141 640 1296 708 replendae
1322 641 1375 694 sesi
1406 640 1553 707 aapenclee
1588 637 1721 700 samaiae
1755 633 1853 705 pratia
1877 632 1982 703 plnres

146 732 224 787 Ἐπί·
312 734 372 784 221.
407 728 501 799 Atque
519 727 588 781 haec
608 726 643 782 ds
661 725 823 797 polygamia
840 730 952 797 patrum
971 724 998 777 in
1012 726 1114 777 utram·
1127 714 1196 781 inibi
1214 742 1316 781 aceres
1340 726 1546 795 arljnmnnnt,
1567 725 1598 778 in
1610 724 1721 794 populo
1738 720 1866 775 Judaico
1886 720 1983 773 Deum

150 819 248 878 apaass·
279 833 333 887 que
361 820 468 885 partem
495 813 536 868 ita
566 812 755 883 disputantur,
784 812 819 865 de
845 810 946 881 quibus
966 814 1114 880 sequentes
1138 812 1318 883 penitiss'sse,
1342 811 1385 864 vel
1411 811 1495 865 etiam
1517 809 1546 863 in
1564 826 1598 863 eo
1616 810 1796 879 dispensam
1816 813 1843 860 st
1857 804 1981 875 polypo·

278 899 369 957 notari
391 904 508 970 possunt
530 897 688 969 aphorismi.
737 905 758 952 1.
785 897 916 961 Quaestio
940 895 975 949 de
1000 893 1114 965 polyga·
1143 897 1227 951 mium
1251 899 1293 951 ad
1315 904 1421 967 tempas
1444 897 1612 951 concessisse
1639 912 1719 949 nemo
1743 891 1910 957 mirabitur,
1934 888 1985 959 eui

279 987 334 1041 mia
359 991 472 1055 patrum
496 1001 552 1038 uon
577 983 719 1037 concernit
738 982 885 1037 articulum
902 980 1025 1053 aliquem
1043 977 1115 1041 fidei,
1143 983 1281 1051 intspram
1296 981 1379 1037 istius
1397 983 1488 1052 pontis
1506 981 1653 1037 instoriam
1667 980 1825 1051 prudenter
1844 977 1983 1047 aspende-

278 1071 340 1126 ideo
364 1069 448 1127 etiam
478 1068 612 1124 dissensio
632 1068 659 1122 in
679 1068 752 1123 illius
778 1067 959 1139 explicatione
981 1065 1189 1129 unitatemtrit.
1227 1067 1382 1122 Meisnerus
1406 1074 1478 1137 pert.
1510 1073 1531 1124 1.
1558 1065 1631 1121 sobr.
1650 1065 1747 1136 philos.
1774 1067 1935 1119 111121.
1958 1066 1984 1116 b.

279 1156 346 1212 fidei
363 1173 418 1210 non
438 1154 518 1209 tollit.
553 1153 642 1209 Nemo
660 1153 734 1208 enim
752 1171 786 1208 ex
803 1153 903 1209 nostris
922 1150 1005 1207 hodie
1022 1155 1117 1220 negat,
1142 1174 1169 1225 p.
1190 1160 1255 1211 645:
1280 1156 1328 1207 De
1349 1154 1516 1225 polygamia
1535 1161 1669 1223 patrum,
1691 1170 1729 1205 ars
1752 1150 1902 1205 intrinsece
1915 1164 1984 1217 psc-

278 1239 467 1315 polygsmiam
491 1256 617 1310 pugnare
641 1255 703 1293 cum
732 1238 874 1309 primaeva
896 1236 1019 1308 conjugii
1040 1234 1117 1289 insti-
1143 1246 1235 1294 catam
1245 1241 1354 1308 sanet,
1378 1256 1475 1309 necne,
1499 1239 1529 1292 in
1553 1246 1698 1309 strenaque
1719 1243 1833 1308 partem
1847 1233 1985 1305 prebebi-

280 1328 404 1394 tutione,
430 1342 510 1381 nemo
535 1330 634 1396 neget,
663 1324 692 1378 in
719 1324 753 1380 N.
778 1322 811 1377 T·
840 1321 1029 1394 polygamiam
1057 1336 1117 1375 0⁸⁸0
1143 1327 1209 1380 liter
1232 1326 1378 1396 disputari
1398 1332 1503 1395 potest,
1523 1324 1694 1397 praesertim
1716 1342 1778 1377 eam
1799 1320 1985 1393 manifestans

281 1413 393 1484 penitus
422 1410 547 1466 illicitam
576 1426 610 1464 aa
641 1410 816 1478 damnatam,
852 1408 888 1463 de
919 1424 952 1462 eo
982 1406 1118 1461 duntaxat
1144 1420 1300 1483 certamque
1333 1412 1502 1466 decisionem
1534 1412 1563 1465 in
1596 1410 1754 1483 Scripturas
1790 1426 1847 1463 nan
1882 1406 1987 1461 haberi

279 1498 431 1570 quaeritur,
452 1495 590 1568 quomodo
603 1500 713 1566 patrum
728 1492 889 1566 polygamis
901 1492 938 1547 sit
949 1490 1115 1548 excusanda.
1144 1506 1293 1569 appareat.
1337 1504 1361 1553 1.
1385 1496 1622 1569 Distinguendum
1648 1497 1719 1551 inter
1748 1499 1838 1551 certas
1868 1492 1985 1549 demon·

279 1586 316 1639 ln
330 1583 456 1638 omnibus
467 1582 672 1645 controversiis,
692 1579 782 1651 inquit
795 1578 971 1635 Chemnicius
984 1579 1012 1633 in
1024 1577 1117 1633 limine
1145 1584 1292 1639 strutiones
1318 1588 1348 1638 11
1375 1582 1534 1654 probabiles
1565 1583 1749 1653 conjecturas.
1801 1577 1986 1650 Dispensatie

280 1668 476 1739 disputationis
494 1671 529 1723 de
547 1667 685 1739 baptismo
704 1666 849 1736 lohannis‚
868 1683 911 1736 se,
934 1684 1005 1737 qnae
1024 1682 1116 1719 neees-
1145 1669 1240 1725 divina
1258 1667 1450 1741 probabilibus
1477 1667 1588 1740 quidem
1612 1665 1779 1739 conjecturis
1796 1680 1832 1721 ac
1849 1663 1986 1719 111111111-

279 1755 388 1808 sarinm
407 1755 509 1809 labent
526 1771 606 1807 mum
624 1753 655 1806 in
673 1753 812 1806 armcitiis
826 1752 1031 1821 poenitentiae,
1050 1751 1119 1816 fidei
1143 1756 1217 1811 libus
1245 1755 1416 1827 argumentis
1435 1752 1595 1824 persuaderi
1619 1751 1689 1808 forts
1709 1757 1815 1823 potest,
1842 1749 1894 1806 sed
1919 1766 1987 1821 ape·

281 1849 307 1895 et
320 1841 451 1910 pietatis,
475 1840 663 1893 discernenda
691 1846 756 1891 sant
777 1838 813 1891 ab
833 1838 901 1891 aliis
920 1837 1118 1907 disputationi·
1145 1840 1253 1897 dictieis
1271 1840 1427 1897 rationibus
1445 1838 1628 1896 demonstrari
1648 1838 1754 1910 nequit.
1782 1837 1894 1893 Incerta
1911 1836 1986 1892 euim

281 1928 339 1995 bns,
362 1928 392 1980 in
410 1926 509 1995 quibsss
526 1925 687 1993 opinionum
706 1924 866 1987 diversitas,
884 1924 928 1977 vel
945 1924 1029 1977 eliam
1048 1924 1118 1978 levis
1145 1932 1187 1983 est
1199 1927 1248 1982 illa
1264 1926 1436 1998 dispensatio
1454 1930 1513 1981 tum
1527 1926 1637 1980 ratione
1648 1924 1756 1995 obJecti,
1775 1922 1841 1994 quia
1858 1920 1987 1977 nondum

282 2014 423 2083 quaedam
445 2010 633 2065 hallucinatio
657 2026 713 2063 non
737 2010 827 2078 insert
840 2010 989 2078 jacturam
1005 2009 1076 2073 fidei
1093 2017 1119 2062 et
1144 2018 1262 2081 constat,
1284 2029 1321 2067 an
1347 2012 1413 2067 solis
1431 2010 1564 2075 ludaeis,
1590 2027 1627 2065 an
1646 2027 1709 2065 vero
1729 2009 1812 2066 stiam
1828 2007 1986 2081 gentilibus

281 2101 392 2155 salatia
438 2103 462 2153 2.
490 2096 665 2161 Quaestionis
692 2096 727 2150 ds
758 2095 919 2167 polygonis
944 2100 1053 2165 patrum
1072 2095 1119 2150 de-
1146 2099 1317 2170 dispensstio
1342 2098 1392 2153 illa
1411 2096 1496 2151 inerit
1514 2112 1659 2164 concessa,
1685 2100 1713 2151 st
1730 2094 1755 2149 si
1772 2094 1837 2149 solis
1856 2092 1987 2161 ludaeis,

282 2186 351 2241 cisio
376 2199 431 2239 non
460 2188 503 2237 est
527 2181 689 2251 simpliciter
713 2181 871 2236 necessaria
897 2181 933 2235 ad
957 2180 1119 2235 solvendum
1148 2202 1184 2240 an
1202 2185 1329 2240 omnibus
1349 2183 1506 2257 polygamis
1533 2183 1562 2237 in
1584 2182 1691 2254 populo
1706 2179 1840 2249 ludaico,
1863 2196 1902 2235 au
1918 2196 1987 2235 sero

284 2270 384 2328 Ochini
411 2274 606 2341 argumentum
627 2285 678 2338 pro
701 2267 863 2339 polygamia
881 2267 909 2320 in
930 2266 963 2322 N.
983 2266 1016 2319 T.
1037 2265 1120 2322 stabi·
1148 2279 1256 2327 tantum
1280 2269 1384 2326 sanctis
1399 2268 1570 2340 ipstrisrchis
1603 2268 1640 2323 sit
1667 2268 1749 2323 11111.
1797 2265 1987 2323 Bellarminus

284 2357 379 2413 liendn
393 2373 427 2411 ex
445 2354 543 2410 eadem
561 2354 689 2409 deducta.
722 2354 927 2427 Argumentum
946 2352 1047 2408 Ochini
1064 2352 1120 2408 1111
1147 2356 1259 2425 assent,
1276 2359 1355 2427 qaod
1372 2357 1497 2411 omnibus
1514 2356 1639 2427 pentibus
1649 2356 1745 2422 suerit
1762 2370 1911 2419 consum,
1935 2352 1987 2409 ssd

284 2450 334 2501 est.
384 2440 466 2507 Quod
493 2440 634 2497 conforme
660 2446 703 2496 est
730 2438 855 2510 exemplo
886 2439 1120 2494 sanctissimorum
1147 2443 1199 2499 hoc
1225 2443 1280 2515 ipsi
1306 2442 1389 2499 etiam
1416 2442 1596 2497 1111111111
1622 2440 1757 2513 probatur
1779 2440 1827 2496 lib.
1848 2445 1875 2497 6.
1899 2440 1987 2495 instit.

283 2527 517 2603 patriarcharum,
544 2543 596 2583 nec
626 2526 655 2581 in
679 2524 734 2581 illis
761 2524 817 2580 fuit
833 2530 979 2596 peccatum
998 2524 1120 2597 conjugii
1147 2529 1241 2585 moral
1265 2547 1289 2585 c.
1315 2535 1355 2584 ts.
1382 2533 1489 2601 quaest.
1510 2535 1532 2585 l.
1552 2546 1614 2583 cum
1633 2528 1684 2583 soli
1702 2526 1835 2583 Abrahae
1853 2532 1883 2585 11
1898 2525 1986 2597 ipsius

284 2614 450 2672 institutioni
480 2629 654 2685 repugnans,
688 2611 758 2667 illud
782 2612 812 2666 111
835 2611 870 2668 N·
896 2610 930 2667 T·
956 2610 1120 2666 Christianis
1146 2616 1265 2689 posteris
1292 2615 1328 2671 de
1350 2614 1579 2686 multiplicatione
1604 2613 1714 2687 generis
1736 2611 1884 2686 promissio
1901 2611 1987 2667 fuerit

283 2701 391 2757 licitum
424 2704 467 2756 est
495 2706 524 2755 et
548 2714 717 2755 concessum.
762 2696 927 2771 Polygsmia
957 2697 1121 2754 simultanee
1146 2702 1237 2770 iacta,
1263 2718 1315 2759 nec
1339 2701 1375 2759 de
1394 2700 1541 2774 gentilium
1567 2700 1729 2772 posteritate
1758 2698 1842 2771 longe
1870 2698 1983 2771 lateque

285 2786 433 2845 conformis
449 2791 492 2842 est
508 2786 634 2856 exemplo
646 2783 880 2841 sanctissimorum
892 2784 1119 2855 patriarcharum,
1146 2789 1330 2862 propaganda
1348 2789 1425 2845 Deus
1453 2786 1538 2843 fuerit
1562 2787 1700 2857 solicitus,
1727 2792 1760 2842 nt
1781 2790 1897 2857 propter
1923 2800 1983 2841 eam

285 2890 337 2929 nec
360 2873 390 2929 in
412 2872 467 2927 illis
486 2870 541 2927 fuit
565 2876 710 2943 peccatum
736 2870 860 2943 conjugii
887 2870 1053 2925 institutioni
1078 2887 1120 2925 rs·
1144 2876 1192 2945 jus
1212 2874 1341 2931 naturale
1360 2874 1532 2930 relaxaverit
1572 2873 1645 2929 Tum
1671 2874 1781 2927 ratione
1800 2872 1893 2942 modi,
1918 2889 1985 2927 non-

285 2975 424 3033 pngnans.
457 2957 542 3030 Ergo.
578 2956 633 3012 Hic
651 2956 871 3013 commodissime
898 2963 927 3012 et
945 2956 1120 3012 sufficientis·
1149 2960 1215 3017 dum
1235 2960 1308 3016 enim
1333 2963 1456 3029 constat,
1480 2976 1518 3014 an
1534 2976 1585 3031 per
1603 2966 1746 3013 externam
1765 2958 1895 3027 nemeen
1912 2958 1986 3012 loca

286 3046 353 3101 sime
387 3042 548 3115 responderi
577 3048 670 3114 potest
706 3060 757 3113 per
785 3044 960 3114 negotionem
1002 3042 1122 3111 majoris
1149 3048 1264 3111 tanen,
1290 3062 1326 3101 sn
1350 3062 1415 3103 vero
1441 3063 1491 3116 per
1511 3046 1672 3100 interieram
1696 3045 1758 3101 Dei
1773 3045 1988 3115 inspirationem

286 3130 496 3204 propositionis,
523 3131 597 3202 quod
623 3148 640 3185 s
657 3130 768 3186 Christo
787 3135 816 3185 st
844 3128 978 3200 apostolis
1005 3128 1042 3183 sd
1067 3128 1122 3199 pri·
1149 3132 1319 3204 dispensatio
1339 3132 1416 3187 facta
1434 3131 1534 3201 firerit3
1567 3131 1689 3202 itemque
1707 3148 1744 3187 an
1763 3129 1883 3205 singulis
1902 3129 1986 3201 patri-

287 3234 415 3274 maevam
428 3216 629 3273 institutionem
649 3217 734 3270 simus
748 3216 883 3286 revocati3
902 3214 1038 3289 quidquid
1055 3230 1122 3287 ergo
1150 3218 1203 3273 bus
1227 3218 1375 3291 peculiaris
1402 3218 1547 3288 inspiratio
1573 3218 1709 3288 adfuerit,
1735 3235 1772 3273 sn
1801 3235 1868 3275 sere
1893 3219 1987 3290 primis

286 3304 323 3359 sit
349 3304 384 3360 ds
406 3302 568 3375 polygamia
592 3307 716 3374 patrum,
743 3302 801 3357 sive
820 3319 853 3357 es
874 3302 901 3355 in
929 3316 959 3355 se
976 3304 1122 3371 peccatum
1151 3305 1287 3360 duntaxat
1311 3305 1476 3376 patriarchis
1498 3305 1593 3361 divina
1618 3305 1799 3376 inspiratione
1818 3305 1989 3377 dispensum

286 3388 432 3446 111111111
458 3406 513 3444 non
530 3386 630 3451 fuerit,
656 3392 719 3457 post
736 3386 914 3442 institutionis
932 3386 1123 3458 repetitionem
1150 3391 1307 3455 innotuerit,
1326 3391 1374 3461 qui
1392 3408 1453 3445 sam
1471 3391 1507 3446 ad
1526 3396 1649 3462 posteros
1667 3390 1769 3447 deinde
1787 3397 1986 3465 propagarunt.

289 3482 318 3531 st
334 3474 570 3531 confirmationem
587 3472 764 3545 polygamiae
783 3472 811 3527 11
830 3473 862 3529 N.
881 3473 914 3529 T.
933 3489 989 3528 non
1005 3471 1124 3543 amplius
1150 3476 1223 3531 Tnm
1254 3476 1374 3549 denique
1407 3476 1517 3531 ratione
1545 3478 1694 3547 temporis,
1729 3478 1752 3531 si
1782 3476 1826 3533 vel
1853 3478 1989 3547 oripinen

288 3579 350 3618 esse
380 3562 479 3617 locum.
526 3561 588 3617 Non
612 3576 673 3615 esse
701 3557 884 3630 judicandum
913 3559 1045 3630 exemplis
1075 3559 1124 3614 sed
1150 3569 1275 3635 spectes,
1306 3579 1342 3617 11
1362 3562 1469 3618 scilicet
1493 3562 1664 3633 temporibus
1687 3561 1836 3633 Abrahae,
1869 3581 1906 3619 sn
1926 3581 1989 3621 rere

286 3647 412 3721 legibus,
435 3663 469 3701 ac
493 3646 522 3701 in
547 3646 631 3703 rebus
654 3645 837 3702 controversis
863 3645 899 3701 ad
918 3645 999 3699 initia
1016 3663 1124 3717 semper
1153 3648 1243 3705 Noahi
1263 3648 1393 3721 coeperit,
1411 3648 1460 3703 illa
1478 3649 1657 3720 dispensatio,
1674 3666 1740 3703 num
1761 3654 1826 3705 ants
1845 3648 1988 3719 1111111111,

289 3750 350 3791 esse
368 3732 574 3789 recurrendum.
617 3739 641 3788 3.
663 3733 698 3786 11
725 3731 884 3803 quaestione
911 3731 946 3787 de
963 3732 1125 3803 polygamia
1150 3752 1188 3791 an
1214 3752 1279 3790 sero
1304 3741 1368 3807 post
1395 3735 1530 3791 diluvium
1549 3735 1782 3805 fueritcognita,
1801 3735 1988 3792 calametis

288 3826 446 3876 sanctorum
476 3817 505 3872 in
528 3816 563 3873 V.
588 3816 621 3871 T.
654 3816 741 3887 siquis
767 3816 834 3872 velit
863 3820 987 3889 ἐπέχειν,
1018 3816 1125 3872 nullam
1151 3839 1226 3890 neeis,
1251 3837 1288 3876 an
1312 3820 1420 3877 scillcet
1446 3827 1512 3877 ants
1535 3821 1637 3879 Christi
1660 3822 1810 3879 adventum
1831 3822 1990 3889 1111111111,

288 3905 438 3962 merebitur
456 3901 704 3974 reprehensionem.
740 3902 844 3969 Video,
869 3903 941 3958 hanc
960 3902 1122 3959 moderatio·
1151 3924 1188 3961 an
1205 3923 1223 3963 a
1238 3906 1349 3963 Christo
1373 3908 1409 3962 sit
1432 3907 1549 3965 sublata
1595 3907 1677 3965 Unde
1702 3906 1891 3963 Bellarminus
1909 3907 1990 3965 toties

287 4006 351 4046 nem
374 3989 510 4061 theologis
532 3987 778 4059 praestantissimis
794 3989 917 4061 placere,
940 3989 987 4062 qui
1012 3989 1077 4044 licet
1095 3988 1124 4042 in
1151 3992 1267 4063 repetit,
1289 3992 1438 4063 probabile
1465 4001 1505 4047 est
1537 4000 1590 4050 etc.
1638 4000 1662 4049 b.
1685 3992 1926 4066 Distinguendum
1948 3999 1993 4050 est

288 4091 373 4132 unam
391 4074 559 4147 quaestionis
571 4080 679 4146 partem
691 4074 781 4146 magis
793 4076 994 4146 propendeant,
1008 4073 1123 4130 alteram
1152 4078 1226 4133 cirea
1246 4078 1478 4149 dispensationem
1509 4077 1581 4133 inter
1601 4079 1654 4135 Dei
1674 4080 1847 4133 solsmetem
1866 4088 1993 4153 1111111-

287 4170 381 4219 tsmen
400 4159 565 4217 sententiam
582 4177 639 4216 ncn
658 4160 817 4231 simpliciter
835 4160 977 4217 damnant.
996 4160 1124 4217 01111111-
1151 4170 1258 4220 statem.
1307 4163 1435 4218 Potuisse
1461 4162 1553 4218 Deum
1578 4164 1738 4235 dispensare
1766 4165 1842 4221 circa
1874 4165 1995 4239 polygs·

288 4248 348 4305 cius
376 4252 448 4319 part
467 4251 492 4303 1.
519 4263 607 4303 exam.
633 4245 668 4301 de
690 4245 846 4303 matrimon.
865 4262 931 4302 sess.
950 4252 991 4302 21.
1010 4263 1070 4302 can.
1092 4251 1125 4302 2:
1151 4251 1234 4305 miam
1253 4249 1335 4305 facilc
1354 4248 1469 4304 concedi
1488 4254 1594 4319 potest,
1622 4266 1686 4305 cum
1710 4249 1748 4304 sit
1764 4249 1836 4323 logis
1857 4252 1997 4309 1111111-

291 4334 438 4403 Qaidqm'd
453 4332 498 4399 sit,
516 4332 575 4387 1111
597 4335 632 4387 ‹le
652 4333 861 4401 dispensatione
882 4340 910 4387 st
926 4333 1123 4403 pemissione,
1151 4336 1242 4391 minus
1267 4333 1353 4407 (quod
1382 4333 1567 4391 Bellarminus
1600 4336 1712 4403 asserit,
1748 4338 1845 4391 Deam
1878 4340 2000 4409 quidem

288 4422 346 4477 sive
364 4419 518 4475 tolerantia
531 4420 590 4473 Dei
605 4420 636 4473 in
649 4418 817 4488 polppamia
836 4426 973 4484 ceteram,
992 4419 1045 4473 lios
1064 4435 1123 4473 cer·
1152 4424 1319 4493 dispensare
1338 4438 1424 4491 posse
1448 4423 1525 4476 circa
1539 4423 1733 4493 polppamiam
1757 4423 1842 4477 annu
1858 4426 1918 4481 oiri
1930 4440 2002 4479 eant

288 4514 346 4563 tuns
363 4513 417 4571 est,
442 4505 605 4575 conjapiam
626 4520 659 4558 sa
680 4504 779 4575 prima
798 4504 846 4557 sai
867 4502 1039 4559 institutione
1066 4520 1126 4559 esse
1148 4508 1281 4582 pleribus
1309 4508 1457 4571 saoribns,
1495 4526 1550 4561 non
1580 4517 1671 4563 anans
1686 4508 1770 4563 anias
1799 4511 1901 4565 aseris
1931 4526 1999 4565 sam

288 4592 372 4647 anias
399 4592 488 4645 maris
516 4598 543 4645 et
569 4590 652 4644 anias
678 4590 805 4655 feminee
823 4589 1052 4661 conjunctionem.
1088 4590 1126 4646 Et
1148 4594 1281 4667 plns-ibas
1296 4593 1380 4659 siris,
1401 4592 1430 4647 id
1448 4593 1487 4648 ita
1505 4597 1696 4665 comparatum
1714 4600 1766 4663 est,
1782 4601 1815 4650 ut
1832 4595 1869 4651 de
1886 4613 1921 4653 eo
1936 4611 1998 4653 non

161 4706 205 4749 ῃ,
221 4704 267 4747 m,
290 4686 398 4751 postea:
427 4679 510 4742 Quod
529 4680 565 4731 sie
584 4678 718 4747 patribrss
737 4676 903 4747 quibasdam
924 4677 957 4732 V.
978 4678 1010 4735 T.
1029 4678 1125 4748 lapan·
1154 4681 1256 4753 injuria
1281 4679 1397 4735 ulterius
1416 4680 1511 4750 quaeri
1528 4680 1640 4751 possit),
1665 4681 1715 4735 sed
1738 4680 1861 4739 voluisse
1880 4682 1992 4755 dispens·

290 4772 336 4820 tar
359 4764 486 4834 exempla
507 4763 706 4834 polppams'as,
728 4762 869 4816 tribuatur
892 4779 962 4817 sane
986 4762 1064 4817 illud
1082 4763 1126 4817 vel
1153 4781 1214 4819 sare
1229 4764 1274 4821 vel
1290 4765 1372 4820 etiam
1393 4760 1453 4836 ipso
1472 4770 1537 4821 actu
1551 4765 1734 4837 dispensasse,
1751 4783 1807 4822 non
1825 4774 1924 4839 potest
1935 4774 1988 4825 tam

290 4849 500 4919 dispensationi
512 4849 578 4912 Dei,
597 4847 669 4903 sient
683 4848 858 4917 Aapastinas
870 4848 996 4919 disputat
1008 4850 1043 4901 de
1056 4849 1126 4903 beno
1153 4856 1230 4907 certo
1253 4868 1286 4907 sc
1311 4850 1426 4909 firmiter
1449 4852 1638 4908 demonstrari.
1681 4858 1705 4907 6.
1733 4851 1788 4916 Qui
1806 4853 1986 4924 dispensatio

290 4937 439 5005 conjapoli
452 4942 570 5006 propter
594 4950 686 4988 semen
711 4934 901 5001 benedictam,
922 4938 1000 5004 qaod
1020 4951 1052 4989 sa
1071 4934 1217 5027 illapnsm
1253 4936 1375 4992 divinam
1408 4937 1454 4993 hic
1485 4937 1609 4994 stabilire
1639 4945 1792 5005 conantur,
1823 4940 1982 4998 sententian

289 5028 369 5093 pesele
406 5022 488 5077 nasci
511 5020 644 5086 (1111111,
673 5020 718 5074 cel
744 5026 861 5089 propter
896 5021 1232 5091 sipnificationemlsuam
1263 5022 1303 5078 sic
1329 5029 1469 5097 exponent
1495 5030 1579 5095 atque
1602 5024 1741 5092 muniant,
1771 5040 1806 5080 ne
1835 5025 1983 5083 Ponefieiis

288 5110 405 5173 fueras
437 5107 643 5176 conjunctionis
672 5106 851 5159 audoenem
885 5114 912 5159 st
942 5106 1064 5176 pontiam
1095 5108 1235 5165 inidstur
1260 5109 1368 5164 occasio
1391 5106 1555 5164 traditiones
1583 5116 1660 5163 extra
1687 5108 1864 5181 Scripturam
1891 5130 1983 5187 urgan.

291 5194 411 5249 ecclesie
435 5193 555 5259 0111111,
579 5194 622 5248 nel
643 5193 783 5247 tribuatur
801 5192 968 5247 tolerantias
986 5193 1058 5257 Dei,
1078 5210 1124 5248 ne·
1153 5195 1196 5261 di,
1224 5211 1286 5248 cum
1320 5193 1355 5249 de
1386 5193 1592 5266 dispensatione
1620 5195 1716 5252 itidem
1746 5214 1802 5254 non
1834 5196 1983 5257 habeantur

291 5296 344 5353 qne
367 5282 439 5335 enim
469 5280 594 5334 omnibns
624 5280 700 5334 ciliis
719 5277 805 5332 liberi
826 5278 941 5341 fuerisne
964 5286 1070 5348 patres,
1100 5286 1126 5334 et
1152 5296 1280 5351 expressa
1309 5280 1469 5352 Scripturas
1506 5280 1676 5350 testimonis,
1711 5282 1855 5341 Christum
1890 5301 1987 5343 norim

290 5368 378 5423 multa
403 5369 434 5422 in
462 5368 568 5422 saneta
594 5368 654 5420 sais
680 5366 791 5422 11111111.
834 5365 990 5421 Mentserus
1018 5372 1082 5421 tom.
1101 5373 1126 5424 4.
1152 5366 1338 5439 legislatorem
1357 5383 1419 5423 esse
1446 5366 1602 5438 statuendi,
1631 5385 1695 5425 cum
1720 5387 1792 5425 nors
1819 5370 1886 5445 lege
1903 5380 1987 5430 susm·

290 5452 360 5527 disp.
373 5454 515 5526 Marpurg.
533 5458 572 5509 lb.
592 5452 725 5508 11111111
744 5450 897 5505 Politionm
913 5450 995 5507 illuns
1013 5469 1125 5522 morem,
1153 5454 1222 5518 lerit,
1242 5453 1317 5525 quod
1329 5451 1417 5508 veteri
1432 5450 1647 5524 disponsationis
1664 5456 1726 5527 lege
1747 5460 1809 5513 esst
1821 5475 1990 5533 mnes-nn,

291 5559 346 5612 qno
361 5538 549 5611 patriarches
567 5556 624 5593 non
643 5554 676 5592 sa
693 5536 819 5603 malitia,
836 5540 888 5592 sed
905 5539 1045 5595 communi
1062 5558 1126 5596 con·
1152 5546 1181 5598 et
1208 5558 1243 5598 ex
1268 5536 1442 5595 matrimonio
1466 5547 1669 5601 sacramentum
1692 5540 1779 5601 111.
1803 5544 1991 5623 1011111311ᾱί.
