4020 6022
267 266 328 328 354
838 256 959 317 Locus
977 254 1182 315 mouentur
1201 258 1370 325 QUINTUS

155 425 208 467 xri.
221 424 254 465 ss
268 423 407 479 votorum,
426 418 525 488 quibus
542 412 697 483 sacrificuli,
717 415 844 469 monachi
862 431 896 469 ac
916 414 1050 470 moniales
1069 413 1097 467 in
1123 415 1361 488 nefandorumque
1401 413 1569 487 flagitiorum
1610 411 1731 484 plurim
1765 410 1950 483 reperirentur

269 508 373 572 papatu
406 502 547 557 constricti
580 506 721 570 tenentur,
751 500 922 555 occasionem
956 498 1097 555 eillcacem
1124 502 1249 574 vestigia,
1268 518 1356 572 eaque
1374 507 1402 557 et
1419 499 1549 567 testibus,
1574 507 1603 555 et
1625 498 1849 556 mulessionibus
1877 495 1952 568 pluri

269 588 408 658 dederint,
438 604 472 642 cx
509 587 576 658 ipsis
603 586 822 641 adversariorum
854 585 972 656 querelis
1005 584 1099 655 colligi
1124 605 1229 642 morum
1261 588 1447 659 comprobata
1496 586 1616 642 Bdseus
1643 587 1673 640 in
1690 584 1780 657 praei.
1811 583 1863 640 lib.
1883 590 1907 639 1.
1924 582 1954 637 de

269 678 361 743 potest
376 690 409 727 ac
429 674 488 727 dies
507 672 620 727 Domini
637 672 707 727 illud
726 672 876 743 aliquando
888 671 997 741 plenius
1014 670 1099 725 mani·
1124 676 1193 729 actis
1223 673 1302 729 Ram,
1327 672 1425 745 pontif,
1453 672 1592 727 Luthsras
1622 672 1650 726 in
1675 688 1774 727 comm.
1802 687 1825 727 c.
1844 677 1870 726 t.
1893 667 1954 724 Ges

268 759 390 814 lestabit.
435 760 478 814 De
505 760 668 813 clericorum
694 758 822 812 castitate
847 757 966 812 diximus
994 757 1022 810 in
1048 756 1099 812 loc.
1125 779 1152 830 p.
1174 768 1212 816 51.
1230 759 1329 823 refert,
1357 759 1431 830 quod
1456 776 1520 813 cnm
1542 758 1674 813 moniales
1695 760 1724 811 in
1743 756 1884 811 Anactes
1903 756 1955 807 eico

190 886 193 893 .
270 845 304 899 de
319 846 385 903 eccl.
403 842 432 918 ξ.
455 850 513 899 165.
533 849 562 898 01
579 844 608 897 in
627 844 678 898 loc.
698 844 733 897 de
747 843 977 899 ministeriasecl.
995 838 1023 915 ξ.
1042 846 1100 897 333.
1129 846 1236 900 Closter
1254 846 1430 912 Nencmburp
1449 849 1562 914 propter
1572 848 1681 913 turpem
1692 842 1782 897 vitam
1795 846 1956 913 cogerentur

271 937 298 986 ct
316 947 392 1002 seqq.
413 947 476 984 cnm
495 929 597 1000 quibus
614 930 752 999 conjunge
764 944 805 997 ea,
824 944 896 997 quae
915 928 950 982 de
964 926 1100 981 fructibus
1126 936 1233 986 mutam
1259 930 1348 987 losum
1372 936 1401 984 et
1426 928 1621 985 monasterium
1646 928 1860 983 menimis
1886 926 1955 981 hebi-

270 1016 437 1081 coelibatus,
466 1015 503 1070 sd
529 1032 610 1087 quern
630 1014 787 1070 sacerdotes
806 1014 835 1069 in
854 1032 939 1085 regno
958 1011 1101 1067 Pontificio
1127 1010 1240 1072 tandum
1260 1034 1421 1071 concessum
1438 1022 1523 1083 esset,
1541 1021 1627 1085 atque
1644 1006 1686 1070 illi
1703 1032 1755 1087 pro
1773 1030 1827 1069 sua
1844 1030 1957 1068 commo

269 1108 419 1173 coguntur,
450 1101 535 1155 tradit
565 1101 628 1155 Ηοὲ
657 1100 703 1155 lib.
729 1108 754 1156 4.
780 1101 808 1154 in
838 1100 944 1171 apocal.
970 1116 1031 1169 cap.
1063 1104 1101 1153 14.
1128 1103 1213 1158 ditate
1232 1103 1368 1175 quaedam
1389 1101 1516 1157 aedificia
1538 1109 1689 1169 mutarent,
1706 1103 1840 1156 inventae
1853 1099 1957 1177 ‘fuemnt

269 1206 295 1259 p.
311 1194 370 1243 tto.
405 1187 448 1242 De
466 1188 663 1241 monachornm
682 1204 715 1241 ac
729 1187 896 1241 nsonialiam
913 1184 1102 1241 claustralium
1129 1191 1157 1244 in
1195 1189 1382 1244 fundamentis
1418 1188 1497 1243 novis
1536 1188 1682 1244 duodecim
1720 1188 1809 1255 ollae,
1847 1200 1957 1256 quartus

270 1274 397 1328 castitate
415 1274 444 1328 in
466 1272 516 1327 loe.
537 1272 572 1327 dc
589 1274 656 1329 eccl.
674 1270 702 1345 ξ.
715 1278 773 1329 266.
789 1273 825 1328 de
842 1289 898 1343 qua
917 1274 999 1327 etiam
1019 1288 1101 1342 quae-
1128 1275 1254 1347 siugulae
1271 1274 1383 1329 infantis
1403 1274 1520 1330 cadaver
1539 1273 1687 1329 habebant.
1720 1272 1833 1328 Ibidem
1852 1271 1958 1327 mentio·

271 1361 336 1414 dam
368 1359 451 1430 paulo
482 1359 609 1429 superius
636 1367 700 1413 sunt
722 1358 821 1424 allata,
853 1357 954 1430 quibua
981 1364 1010 1413 et
1035 1356 1103 1411 baec
1128 1379 1190 1417 nem
1211 1361 1278 1415 facit
1297 1362 1375 1431 epist.
1396 1362 1521 1418 Udalrici
1544 1361 1628 1431 episc.
1653 1360 1775 1431 August
1794 1360 1824 1413 in
1842 1375 1901 1429 qus
1916 1356 1958 1411 sli-

271 1451 387 1515 possunt
414 1445 487 1499 addi.
537 1444 677 1500 Honorius
705 1443 966 1515 Augustodunensis
983 1444 1012 1497 in
1037 1442 1103 1500 dial.
1129 1454 1198 1519 quot
1214 1448 1466 1502 milliacraniorum
1485 1448 1653 1501 intantilium
1668 1462 1702 1501 ex
1720 1445 1958 1517 piscinsextssen

271 1532 306 1587 de
325 1533 461 1603 praedest.
477 1543 505 1586 et
516 1530 564 1585 lib.
579 1529 651 1586 arb:
670 1531 796 1601 Adspice
818 1531 980 1584 lsabitaoula
999 1530 1103 1584 monia·
1129 1540 1158 1589 et
1175 1534 1212 1587 ad
1230 1532 1394 1603 Gregorium
1412 1532 1498 1588 allata
1514 1533 1688 1600 referuntur,
1707 1532 1743 1587 de
1761 1548 1820 1603 qua
1838 1530 1895 1584 rid.
1912 1529 1957 1585 isc.

272 1620 341 1672 Hans
360 1628 385 1671 et
409 1618 516 1673 inillis
541 1634 635 1671 cemus
661 1617 764 1670 besiiae
784 1625 990 1686 praeparatam
1012 1617 1104 1670 tbalu·
1130 1620 1166 1675 de
1185 1620 1286 1676 minist.
1316 1616 1344 1693 ξ.
1363 1624 1423 1675 339.
1450 1619 1514 1675 Job.
1544 1618 1668 1673 Menard.
1697 1618 1726 1671 in
1755 1617 1776 1673 l.
1804 1617 1843 1672 de
1869 1615 1959 1688 reguis

274 1722 363 1774 murro,
392 1706 445 1758 bae
477 1723 496 1757 a
522 1712 618 1757 torsera
644 1711 733 1757 astato
754 1703 959 1772 impudicitiam
984 1704 1104 1766 elucent,
1130 1705 1269 1760 lbancisci
1288 1704 1384 1774 refert,
1407 1705 1482 1777 quod
1507 1705 1660 1759 manliae
1676 1704 1803 1769 feminae
1820 1704 1852 1757 in
1869 1704 2002 1756 labium

277 1793 404 1846 carnibus
422 1791 591 1855 fornicariis
605 1791 689 1859 pejus
705 1798 928 1858 prosternuntur.
975 1789 1104 1845 Nicolaus
1131 1791 1293 1845 monachali
1314 1808 1375 1845 cnm
1395 1788 1538 1844 rnonacln's
1562 1790 1627 1860 pila
1653 1791 1782 1844 incuntes
1804 1788 1959 1859 psoensium

278 1878 312 1932 de
343 1876 485 1947 Clemang.
522 1877 550 1931 in
586 1875 633 1931 lib.
671 1875 704 1931 de
738 1883 857 1947 corrupt
885 1876 984 1933 eccles.
1015 1881 1106 1932 statu:
1131 1879 1183 1932 boc
1197 1878 1253 1931 sibi
1263 1878 1473 1947 proposuerint,
1491 1885 1521 1931 nt
1539 1885 1690 1945 atrapens
1708 1876 1827 1943 eumd,
1847 1878 1876 1929 ei
1891 1877 1960 1945 optio

277 1965 481 2019 Marrucinorum
510 1963 681 2017 moruutcria
710 1962 781 2015 nibil
814 1963 898 2015 ali-rid
927 1970 991 2015 mrsu
1022 1979 1105 2030 quam
1132 1967 1203 2017 slata
1217 1971 1286 2018 esest
1303 1964 1471 2018 conabitur.
1507 1961 1626 2018 wolfius
1645 1968 1718 2018 cent
1740 1968 1782 2019 lb.
1806 1979 1835 2033 p.
1855 1967 1914 2017 236.
1933 1978 1960 2017 u

282 2051 393 2105 Veneris
410 2051 582 2103 cascar-anda
597 2048 766 2116 prostibula.
802 2047 952 2103 Gereonius
971 2049 1000 2101 in
1012 2046 1058 2101 lib.
1071 2047 1106 2102 de
1133 2050 1263 2105 centuriis
1281 2050 1360 2119 epist
1379 2048 1443 2105 lob.
1461 2047 1619 2103 Schuebelii
1637 2046 1736 2116 refert,
1767 2050 1826 2101 duo
1854 2048 1961 2116 amplu-

276 2136 373 2191 eccles.
402 2134 544 2190 desectib.:
575 2133 707 2188 Claustra
730 2134 895 2188 naonialium
921 2142 984 2187 sunt
1000 2134 1107 2202 prosti—
1133 2140 1205 2191 sima
1222 2140 1393 2192 monasteria
1411 2137 1442 2189 in
1458 2138 1562 2189 ducatu
1581 2134 1723 2188 saxoniae
1743 2135 1827 2188 (lucis
1851 2134 1963 2204 Georpii

277 2224 343 2276 bala
364 2223 547 2276 meretricum.
587 2220 687 2275 Petrus
717 2220 752 2276 de
779 2219 877 2274 siliaco
902 2219 1108 2275 Cameracensis
1133 2233 1247 2294 reperta
1265 2242 1331 2287 esse,
1348 2224 1466 2278 alumna
1484 2222 1693 2288 manachorum,
1719 2221 1843 2273 auarum
1863 2222 1961 2274 monia·

278 2308 327 2363 lib.
346 2308 381 2363 de
399 2310 495 2363 eccles.
516 2307 652 2363 reformat.
677 2305 804 2360 claustra
823 2307 1002 2374 monialium,
1029 2307 1108 2360 rdtra
1135 2311 1214 2380 lium,
1229 2311 1507 2378 ubilanpotempore
1525 2323 1633 2379 semper
1650 2307 1774 2360 dimidia
1783 2323 1858 2375 pars
1876 2324 1963 2360 amna·

278 2412 361 2463 quam
404 2396 497 2447 dicere
532 2412 617 2448 ausrrs
660 2401 743 2457 esset,
788 2392 970 2445 dehonestata
1006 2391 1109 2447 assedi
1135 2399 1248 2451 eborum
1262 2396 1380 2450 macilis
1393 2395 1555 2449 monialium
1567 2409 1627 2448 sese
1647 2393 1748 2454 induit,
1762 2393 1891 2446 dimidia
1899 2409 1963 2463 pars

278 2481 401 2538 dodorus
419 2479 594 2534 Clicbtoveus
614 2478 790 2533 Camrotensis
813 2479 962 2533 canonicus
988 2478 1108 2549 Neopor·
1135 2483 1301 2537 monialium
1323 2481 1442 2535 mentis
1460 2480 1659 2535 monoclerum
1680 2485 1765 2547 atquc
1787 2478 1829 2531 ita
1847 2480 1964 2533 dinsidio

279 2566 384 2622 tuensis
403 2566 431 2619 iu
451 2582 529 2621 serm.
555 2564 653 2619 habito
673 2565 702 2617 in
725 2564 845 2634 capitulo
864 2564 986 2635 generali
1005 2564 1109 2618 ordinis
1135 2571 1306 2625 monasteria
1333 2569 1449 2623 invicem
1476 2568 1506 2620 in
1530 2565 1647 2620 libidine
1672 2572 1697 2617 et
1715 2564 1786 2617 lucu
1805 2566 1909 2620 multas
1926 2568 1962 2619 is.

278 2652 467 2709 cluniacensis
497 2657 656 2706 recensente
683 2650 797 2705 Wolffio
824 2656 894 2705 cent.
925 2656 964 2710 lb.
994 2669 1019 2721 p.
1050 2656 1108 2706 313.
1134 2659 1228 2722 fantes
1258 2663 1439 2725 pepererunt,
1466 2654 1515 2722 qni
1539 2655 1652 2707 tandem
1679 2651 1767 2705 occisi
1793 2653 1824 2705 in
1857 2653 1966 2707 amatu

278 2740 317 2794 sic
334 2738 510 2793 exclamavit:
535 2738 588 2791 Ubi
606 2753 708 2805 minero
730 2754 803 2789 rrunc
823 2746 940 2805 stupra,
965 2737 1109 2791 aclrrlteria
1136 2740 1584 2809 massonem-rammamrepa-ri.
1614 2737 1688 2794 Petr.
1701 2737 1873 2809 Besegasius
1885 2738 1965 2796 Vsus·

278 2834 304 2878 et
316 2825 522 2891 fornicationes
540 2823 725 2876 veliementior
743 2832 912 2888 pressantur
936 2839 1020 2890 qua-m
1037 2824 1109 2875 inter
1136 2827 1258 2883 eltnensis
1287 2826 1421 2882 ecclesiae
1443 2824 1566 2879 minister
1590 2823 1691 2891 refert,
1719 2824 1766 2877 oia
1789 2824 1856 2878 ulla
1881 2826 1965 2889 fuisos

278 2911 454 2977 deformatos
475 2909 638 2976 nsorracbos,
665 2908 714 2975 qui
726 2908 931 2977 patrimonium
949 2924 1109 2977 pauperum
1135 2914 1266 2967 cpmspbia
1284 2930 1318 2966 aa
1334 2914 1370 2966 iis
1387 2911 1577 2978 monasteriis,
1600 2926 1718 2979 quorum
1736 2928 1756 2962 a
1775 2911 1966 2973 fundamentis

278 2999 413 3066 sanquine
441 2997 513 3049 Jesn
541 2995 647 3051 ebrioli
672 3002 865 3062 cornparaturn
893 2996 924 3048 in
954 2995 1110 3064 crapulam,
1137 3016 1295 3053 marorum
1318 3000 1447 3062 infausta
1464 2997 1606 3051 cadavere
1625 2995 1716 3065 licuit,
1734 2998 1804 3064 quin
1823 2998 1966 3053 lrabrrm’at

279 3085 364 3139 ludos
392 3086 583 3147 inconcessas,
615 3082 701 3135 otium
731 3089 758 3135 et
783 3082 938 3144 nefrrndam
965 3082 1109 3135 libidinem
1137 3088 1275 3154 quaedam
1295 3085 1546 3145 estmorae-anca,
1566 3089 1615 3135 aut
1633 3081 1743 3149 alioqui
1760 3092 1872 3137 semma
1891 3092 1916 3137 et
1934 3091 1966 3137 lo·

279 3172 347 3241 pala·
359 3180 385 3225 et
397 3173 453 3225 atio
472 3171 621 3224 enutritam
632 3170 819 3237 preasentiunt,
838 3168 988 3236 dissipant,
1006 3169 1110 3223 distru-
1137 3174 1282 3226 nebricosa
1300 3171 1463 3239 inters‘psos
1476 3169 1602 3238 parietes
1614 3168 1684 3233 loca,
1698 3168 1748 3221 ubi
1767 3186 1834 3223 ossa
1852 3178 1967 3225 marisa-

279 3258 354 3310 bunt.
402 3256 539 3311 Eobertus
572 3254 769 3309 Benedictiuus
796 3252 824 3309 S.
849 3252 954 3308 Plotini
978 3254 1111 3309 dioecesis
1137 3277 1198 3312 ram
1217 3265 1242 3311 et
1260 3258 1472 3322 interfectorum
1491 3274 1510 3309 a
1530 3254 1699 3309 monialibus
1717 3255 1967 3318 infantumrecon·

280 3340 450 3397 lievirensis
470 3340 559 3395 abbas
577 3341 605 3393 in
624 3340 703 3410 epist.
722 3339 757 3393 ad
778 3338 873 3395 Colon.
894 3340 1054 3410 episcopum
1071 3340 1112 3393 sic
1138 3348 1277 3399 darentur.
1294 3342 1481 3414 Quedelburgi
1491 3340 1671 3396 adhucbodie
1678 3340 1776 3397 videre
1784 3342 1852 3397 licet
1859 3359 1967 3413 specum

280 3426 390 3483 scribit:
416 3426 481 3479 Vidi
493 3426 622 3480 claustra
632 3426 781 3494 sirpinnm,
799 3444 916 3493 quorum
928 3426 991 3480 alia
1009 3427 1112 3480 rectius
1137 3430 1353 3497 subterraneam,
1363 3445 1505 3500 perquam
1517 3427 1643 3483 monaehi
1661 3427 1968 3497 Wipertiniadmonis·

283 3515 444 3583 eucarium,
462 3513 553 3567 idest
573 3513 736 3579 aucupium,
755 3512 881 3565 Satanae
900 3513 1111 3583 appellaverim,
1138 3518 1178 3573 les
1194 3515 1351 3571 monasterii
1370 3515 1399 3569 in
1417 3522 1509 3569 monte
1523 3512 1613 3569 Sionis
1631 3513 1802 3570 adscendere
1813 3521 1967 3586 potum-unt

282 3608 308 3655 et
325 3616 386 3653 ecce
414 3600 489 3669 ipnis
506 3599 616 3652 alienus
642 3600 797 3666 (venereus)
820 3607 920 3651 carnola
943 3607 1110 3667 vastaverat,
1173 3608 1231 3658 540.
1268 3607 1291 3656 3.
1311 3603 1434 3657 Ratione
1449 3601 1560 3665 formos
1581 3601 1680 3671 pupule
1702 3600 1860 3657 coelibatus
1880 3602 2002 3657 vonmss

281 3686 349 3743 lilia
367 3686 506 3739 castitatis
525 3693 661 3738 aruerant
679 3692 704 3736 et
725 3685 889 3753 <deploratus
906 3687 1033 3739 anniversa
1051 3687 1114 3741 orbi
1138 3689 1223 3744 verbo
1242 3687 1295 3743 Dei
1312 3687 1452 3743 adversari
1469 3690 1618 3757 propterea
1635 3685 1761 3753 dicimus,
1777 3688 1844 3758 qnia
1864 3654 2002 3759 pugnat*

283 3775 442 3828 animarum
478 3772 607 3825 r-'nteritas
637 3772 736 3839 abique
768 3773 913 3840 apparuit.
962 3771 1113 3830 Ubertinus
1139 3792 1200 3828 mirra
1217 3774 1344 3828 libertate
1362 3771 1533 3826 Christiana.
1563 3771 1713 3842 Apostolus
1731 3779 1827 3843 negat,
1847 3788 1968 3843 septae

284 3858 443 3914 Chemensis
467 3859 495 3912 in
512 3856 574 3913 libr.
596 3858 640 3911 cui
659 3859 700 3912 tit.
724 3856 802 3911 Onus
826 3859 936 3914 eccles:
957 3858 1027 3914 Sunt
1047 3878 1112 3913 non·
1139 3868 1246 3929 ceptnm
1268 3858 1440 3912 Dominicis
1454 3858 1609 3928 virpinibas
1633 3858 1823 3915 continentiae
1840 3858 1915 3915 dono
1931 3859 1967 3913 iu·

284 3947 365 4001 nulla
380 3946 542 4001 neoniaiiurn
554 3946 725 3999 nronasteria
737 3948 810 3997 arico
824 3946 990 4016 propatula,
1008 3953 1038 3999 ul
1049 3947 1113 4015 ipssa
1138 3946 1250 4001 structis
1267 3945 1370 4001 habere
1391 3950 1412 4000 1.
1426 3944 1489 3999 Cor.
1509 3950 1533 4013 l,
1550 3960 1575 4000 v,
1595 3948 1636 3999 15.
1653 3960 1744 4014 neque
1761 3944 1897 4016 cuiquam
1914 3944 1968 3999 rull

283 4034 346 4086 laco
373 4032 484 4085 Veneris
508 4032 665 4101 prostibulo
692 4034 747 4085 sint
774 4032 915 4087 similiora
946 4051 1029 4101 quani
1056 4034 1115 4087 Dei
1139 4034 1268 4101 laqueum
1287 4033 1403 4101 injicere
1428 4048 1455 4088 r.
1474 4036 1515 4087 35.
1538 4029 1588 4084 sed
1616 4029 1729 4100 papalia
1749 4030 1800 4086 illa
1824 4038 1892 4087 vota
1909 4046 1967 4085 vers

283 4121 420 4182 sacrario,
433 4118 822 4188 lrincprocacitaa,stoprnm,
836 4125 954 4173 rrrcestus
964 4120 1113 4174 mmmrum
1138 4127 1203 4174 sunt
1222 4120 1314 4189 laquei
1340 4118 1582 4185 conscientiarum,
1610 4118 1675 4188 quia
1701 4116 1815 4187 penitus
1841 4118 1968 4173 unierunt

284 4224 437 4260 samaram.
478 4204 542 4260 lob.
562 4206 645 4259 Picus
670 4207 698 4260 in
715 4213 783 4263 orat.
801 4206 838 4260 ad
855 4205 985 4263 Leonem.
1003 4206 1038 4262 X.
1058 4225 1113 4260 mr·
1139 4211 1304 4277 potestatem
1324 4204 1437 4259 ineundi
1449 4202 1621 4272 matrimonii,
1639 4219 1701 4258 cum
1714 4208 1810 4259 tamen
1820 4202 1899 4259 Deus
1912 4204 1968 4275 ipse

283 4295 394 4364 pinibus
411 4294 509 4346 dicata
531 4302 611 4362 septa
632 4294 662 4346 in
677 4294 822 4361 plerisque
847 4293 959 4346 urbibus
980 4294 1009 4345 in
1030 4310 1108 4348 mere
1139 4310 1189 4363 per
1211 4292 1329 4347 electum
1352 4307 1433 4345 suum
1468 4305 1601 4359 organum
1625 4288 1744 4344 noluerit
1768 4289 1901 4361 cuiquem
1927 4290 1968 4345 bic

283 4382 379 4434 tricies
395 4381 520 4445 fornices
537 4388 564 4431 rt
587 4382 722 4433 obscoena
739 4378 860 4431 latibula
877 4380 967 4443 faisse
979 4396 1112 4433 conversa
1139 4379 1253 4450 injicere
1271 4378 1393 4449 aliquem
1403 4376 1604 4443 recessissem,
1622 4376 1672 4431 sed
1685 4376 1721 4430 ad
1731 4376 1887 4432 remedium
1904 4375 1969 4431 illud

283 4468 387 4523 asserit.
423 4465 602 4536 Pelingenius
629 4466 656 4519 in
676 4465 769 4519 Leone
787 4464 833 4519 lib.
856 4470 895 4522 to.
920 4465 954 4519 ds
972 4465 1113 4521 monachis
1140 4465 1355 4520 incontinentiae
1372 4462 1500 4518 omnibus
1516 4462 1622 4517 aditum
1634 4469 1729 4534 patere
1742 4463 1869 4523 voluerit.
1899 4464 1970 4534 Apo

281 4555 321 4609 sic
339 4553 427 4608 carnit:
1139 4551 1226 4606 stolus
1248 4550 1414 4622 generaliter
1435 4549 1607 4620 pronuntiat,
1633 4551 1660 4603 si
1683 4566 1714 4603 sc
1741 4568 1800 4604 non
1826 4552 1971 4613 corruisset,

351 4659 501 4726 Raptorcn
522 4656 628 4710 nsoecli
646 4673 681 4709 ac
696 4672 849 4725 pressorum
867 4663 1054 4725 concinatores,
1140 4638 1245 4691 ”libant
1265 4643 1287 4693 ¹·
1306 4637 1368 4691 ⁰⁰¹·
1385 4643 1409 4704 '¹2
1428 4653 1453 4691 V·
1467 4643 1490 4691 9·
1510 4636 1559 4690 ⁵0⁴¹
1577 4636 1607 4688 5¹¹
1625 4635 1803 4707 9²1³&th
1820 4636 1972 4692 Ῐῦῒθῡῑὶθΰθ

353 4746 494 4797 [muriae
508 4752 589 4811 mque
607 4742 690 4811 qula,
700 4742 818 4809 famul„
1140 4730 1169 4777 et
1188 4724 1240 4778 hoo
1259 4739 1342 4778 sensu
1361 4720 1528 4777 coelibatum
1546 4729 1654 4792 vovent,
1672 4723 1747 4794 quod
1765 4723 1795 4777 in
1806 4730 1970 4795 perpetuum

1140 4827 1157 4863 a
1177 4809 1350 4865 matrimonio
1370 4808 1510 4863 abstinere
1527 4809 1626 4878 velint,
1649 4809 1808 4880 quicunque
1825 4810 1914 4865 etiam
1930 4826 1971 4865 cs·

1140 4913 1187 4949 sus
1204 4894 1341 4963 inciderit,
1359 4894 1416 4949 sire
1428 4894 1568 4951 continere
1580 4895 1695 4965 possint,
1715 4895 1774 4950 rive
1792 4894 1897 4961 minus,
1916 4896 1972 4949 sive

1139 4981 1313 5052 postmodum
1331 4981 1453 5037 ustiones
1470 4982 1598 5050 sentiant,
1617 4982 1675 5036 sive
1687 4979 1723 5036 ab
1736 4981 1792 5035 illis
1809 4981 1894 5038 liberi
1911 4983 1973 5051 sint,

284 5070 356 5127 Vide
373 5072 454 5143 plura
469 5070 628 5141 hujusmodi
648 5086 680 5124 eu
698 5068 780 5123 variis
798 5066 979 5138 scriptoribus
998 5062 1169 5127 collectalse
1186 5068 1261 5137 ipsos
1283 5067 1369 5138 igitur
1396 5067 1526 5123 libertate
1552 5067 1686 5122 divinitus
1711 5084 1845 5123 concessu
1871 5076 1974 5125 umes

283 5156 358 5227 apud
383 5156 530 5211 Sutlirium
558 5158 594 5211 de
611 5154 735 5211 monach.
760 5154 843 5207 instit.
867 5170 900 5207 ac
924 5152 1019 5207 morib.
1044 5168 1067 5207 c.
1088 5156 1112 5206 8.
1138 5154 1251 5224 privant
1282 5170 1315 5207 ao
1347 5152 1449 5209 Christi
1479 5154 1604 5223 apostolo
1637 5155 1740 5209 diserte
1768 5156 1974 5213 concedesne

283 5242 371 5297 Facta
388 5243 564 5313 inquisitione
585 5242 754 5312 temporibus
783 5240 903 5295 Hernici
922 5240 1021 5293 Octavi
1037 5240 1113 5308 repis
1138 5240 1243 5295 Paulus
1268 5241 1341 5295 enirn
1364 5241 1437 5295 bano
1462 5239 1627 5310 praescribit
1646 5241 1785 5313 regulam:
1815 5242 1853 5295 ss·
1872 5262 1903 5297 se
1921 5260 1974 5297 non

282 5330 406 5393 rlrrplrae
424 5344 496 5383 arsuo
518 5333 589 5384 1538.
614 5328 721 5382 nullum
737 5326 795 5381 sere
812 5342 863 5395 per
879 5331 966 5381 totam
981 5323 1112 5396 Anguem
1138 5328 1288 5395 condirent,
1322 5327 1441 5395 nubam
1465 5327 1513 5380 sed
1536 5326 1636 5381 voturii
1660 5326 1701 5381 illi
1722 5328 1834 5396 jurant,
1868 5330 1975 5386 etiamsi

282 5423 421 5484 repertum
439 5422 481 5469 eet
497 5414 697 5476 morrasterium‚
716 5414 744 5465 in
764 5430 818 5482 quo
835 5432 889 5467 non
907 5412 1112 5479 adulteriorum,
1138 5413 1266 5482 sentiant,
1284 5432 1314 5466 se
1331 5431 1387 5467 non
1399 5429 1479 5484 posse
1490 5412 1639 5480 continere,
1659 5412 1793 5467 tamenin
1807 5423 1977 5487 perpetuum

282 5510 447 5571 stuprorum,
468 5502 632 5553 incestarum
650 5499 804 5563 libidinum,
823 5499 934 5554 sceleris
952 5499 1111 5553 Sodomitici
1140 5499 1211 5553 nolle
1229 5500 1430 5553 matrimonium
1448 5498 1617 5555 contrahere.
1654 5498 1759 5554 Paulus
1778 5500 1860 5567 dicit,
1880 5504 1978 5561 indens

284 4846 365 4901 Item:

354 4954 500 5004 Dardanus
524 4950 629 5013 Veneri,
648 4951 739 5004 verstri
753 4966 901 5018 sotanoque
919 4955 1057 5001 vacantes.
