4020 6022
83 3103 104 3145 ².
117 3104 184 3147 flator

85 3166 113 3197 ex
126 3160 185 3199 utro·

84 3218 127 3259 ons
142 3218 184 3258 pa·

84 3264 156 3301 101110.

218 276 275 332 156
791 264 914 327 LOCUS
928 262 1132 325 waufflttas
1150 264 1320 333 cumane

212 429 239 475 et
261 424 373 476 domum
389 422 483 493 patrie
504 424 558 490 tui,
575 430 601 477 et
622 424 797 493 concupiscet
820 438 870 477 rea
883 420 1042 493 palchritu-
1071 420 1137 475 licet
1173 422 1376 493 turpitudinem
1411 420 1519 475 sororis
1558 418 1682 473 revelare
1718 436 1751 474 ee
1779 420 1902 491 mattea

213 509 308 561 dicem
340 516 425 562 tuam.
483 508 646 579 Exemplum
682 508 805 564 nefariae
842 505 1043 564 commixtionis
1067 515 1187 579 parente
1204 516 1296 577 00100,
1315 508 1521 578 0000000010
1536 508 1718 597 0001000001
1746 506 1902 562 Prohibitio

213 600 311 649 001110
340 594 412 649 hanc
440 592 633 664 prohibitionis
664 596 786 666 regulam
821 594 985 665 proponitur
1014 591 1042 645 in
1070 593 1141 649 haec
1159 594 1280 666 pertinet
1292 594 1329 648 ad
1344 594 1468 664 primum
1480 595 1603 663 pradum
1620 592 1713 647 lineae
1728 593 1902 648 collateralis

217 682 306 736 Lotto
324 696 387 735 cum
406 679 517 735 filiabus
530 680 587 735 suis
599 685 795 736 consuesceute
808 678 878 736 Gen.
893 686 934 747 19,
952 696 979 735 r.
1001 683 1043 733 30.
1071 682 1208 749 00000111.
1264 680 1346 735 Ratio
1383 678 1576 751 prohibitionis
1619 684 1698 750 patet
1734 696 1768 735 ex
1805 679 1903 751 1001110

213 766 243 821 iu
270 767 386 835 Tlpestc
405 774 432 820 et
451 766 604 837 Pelopeia,
624 766 654 820 iu
679 767 787 836 Oedipo
810 774 837 821 et
859 767 987 831 Iocasta,
1014 764 1043 817 in
1070 766 1210 838 generali:
1258 766 1365 819 Nullus
1384 768 1425 819 ad
1442 766 1635 835 propinquam
1656 765 1751 819 caruis
1768 782 1839 820 suae
1857 784 1903 819 ac·

215 854 326 909 Nereae
344 862 370 907 et
387 854 554 926 Aprrppiua.
591 855 694 917 Iudae,
719 852 869 923 Aethiopes
888 869 923 905 ac
940 850 1044 906 Medos
1070 855 1160 907 cedat.
1201 852 1241 909 Ut
1264 852 1337 907 enim
1356 850 1424 905 nihil
1442 850 1624 922 propinquius
1639 858 1681 907 est
1707 850 1765 908 filio
1783 868 1903 923 superus

213 955 278 993 cum
307 938 441 994 matribus
464 944 493 993 et
516 938 627 994 filiabus
654 938 836 995 concumbere
853 937 947 995 solitos
964 935 1043 992 testie
1069 957 1154 1011 quam
1173 944 1277 1003 mater,
1310 937 1350 992 ita
1367 937 1435 992 nihil
1452 938 1636 1009 propinquius
1656 938 1736 993 fratri
1760 938 1798 993 01
1815 938 1903 995 latera

214 1031 256 1080 est
275 1024 461 1095 Hieronymus
483 1024 531 1081 lib.
561 1031 584 1080 2.
603 1028 701 1080 odntra
716 1024 855 1081 lorinian.
904 1024 1044 1077 Peraeae
1069 1043 1153 1097 quam
1170 1042 1254 1081 soror.
1289 1023 1414 1079 Fabulae
1432 1027 1578 1095 potiturum
1604 1023 1676 1079 iuter
1695 1026 1762 1079 cleos
1780 1024 1901 1080 01101001

214 1116 332 1165 10011001
347 1110 496 1166 concubitu
512 1128 568 1165 non
586 1110 796 1176 abstinuerunt,
819 1106 1043 1179 Harmeuopulus
1070 1113 1167 1167 talium
1199 1111 1433 1167 matrimoniorum
1466 1108 1592 1179 exempla
1619 1110 1807 1180 suppeditant
1857 1110 1902 1169 Sic

213 1196 260 1252 lib.
283 1203 305 1252 1.
322 1197 433 1268 epitom.
451 1196 493 1251 111.
511 1203 534 1252 t.
549 1198 755 1250 lioaoratiorea
767 1198 921 1250 Persarum
937 1193 1043 1263 (scribit
1068 1200 1144 1269 apud
1162 1198 1292 1254 Ovidium
1305 1196 1358 1253 tib.
1378 1203 1403 1253 9.
1418 1194 1604 1265 Metamorpb.

213 1282 293 1338 Philo
313 1282 360 1338 lib.
382 1282 417 1338 dc
438 1283 549 1353 special.
567 1281 651 1354 legib.
664 1282 700 1336 ad
718 1286 742 1337 6.
763 1289 793 1337 01
812 1289 835 1337 t.
863 1286 1041 1352 praeceptum

212 1388 239 1440 p.
261 1373 331 1437 tlt.)
360 1388 421 1424 cum
445 1370 581 1423 matribus
609 1370 774 1424 coatralurst
807 1368 987 1437 matrimonia
1015 1372 1042 1420 et

214 1464 296 1509 uates
314 1456 380 1509 iude
412 1456 587 1509 arbitraretur
609 1456 812 1523 mobilissimos,
844 1456 1042 1524 repleremur

211 1543 317 1610 seruat,
337 1541 491 1610 dipuaatur
508 1540 589 1607 solio,
615 1558 670 1611 quo
691 1542 762 1597 sitit
784 1540 939 1609 escopitari
948 1546 1041 1609 potest

210 1628 301 1697 mapie
313 1627 436 1698 impium
457 1625 1040 1697 11011Μο0000,1010100100,1100011“οο,
1067 1629 1153 1700 Apud
1176 1628 1322 1701 Virgilium
1342 1626 1390 1684 lib.
1408 1628 1437 1683 '1.
1457 1627 1574 1684 Aeneid.
1592 1626 1668 1684 luno
1687 1626 1790 1682 dicitur

211 1714 365 1784 Aeppptios
389 1719 418 1769 et
441 1712 512 1767 alios
531 1712 649 1783 populos
674 1718 820 1783 pareutum
847 1718 876 1767 et
892 1711 1040 1767 liberorum

211 1800 344 1872 conjugia
360 1800 405 1855 rel
423 1799 516 1870 potius
533 1800 664 1871 contagia
682 1799 776 1870 turpia
788 1798 886 1854 habita
902 1816 958 1853 nou
969 1802 1042 1863 sunt,

213 1883 660 1956 1101100111111001011111.1.
681 1885 896 1940 connubnum.
917 1882 1042 1940 atinde
1068 1886 1201 1955 Quamvis
1230 1902 1296 1941 uero
1313 1885 1382 1941 haec
1406 1885 1592 1958 mythologice
1609 1886 1749 1958 accipiant
1767 1886 1805 1940 de
1821 1884 1901 1951 coeli,

211 1972 289 2042 apud
308 1970 438 2027 Ovidium
458 1970 505 2027 lib.
529 1976 567 2026 10.
586 1969 698 2028 Metam.
716 1971 832 2042 Myrrha
850 1970 889 2025 sic
905 1969 1041 2041 loquitur:
1068 1982 1173 2037 terrae,
1193 1972 1265 2028 airis
1286 1979 1314 2029 et
1331 1974 1413 2027 maris
1432 1973 1641 2043 conjunctione,
1664 1979 1757 2029 tamen
1776 1970 1900 2029 homines

1068 2060 1267 2128 existimarunt,
1285 2059 1339 2115 sibi
1359 2076 1414 2114 uon
1432 2076 1492 2115 esse
1508 2065 1590 2129 turpe
1607 2059 1652 2114 rel
1670 2058 1805 2127 illicitum,
1826 2058 1900 2130 quod

1069 2147 1104 2201 de
1136 2146 1188 2201 diis
1214 2146 1380 2201 audiverunt
1405 2162 1423 2200 a
1450 2144 1540 2215 politis
1565 2151 1715 2200 0011101100.
1769 2145 1816 2201 Sic
1843 2145 1901 2199 Iris

1066 2234 1159 2299 fratri
1178 2233 1290 2287 Osiridi
1306 2231 1407 2302 nupsit.
1455 2230 1606 2287 Pausanias
1630 2237 1779 2301 memoret,
1804 2232 1900 2287 Ptole·

1068 2336 1176 2373 mosum
1204 2318 1323 2373 sororiis
1347 2317 1489 2372 amoribus
1514 2334 1573 2371 ecee
1596 2318 1756 2387 implicasse
1774 2318 1900 2389 exemplo

213 2401 379 2457 Semiramis
395 2401 576 2471 turpiorum
599 2401 699 2469 repiua
716 2402 782 2471 filio
799 2418 850 2455 suo
875 2401 985 2471 nupsit,
1013 2404 1042 2455 et
1069 2407 1139 2475 Opia
1155 2413 1181 2459 et
1201 2406 1333 2467 Saturni,
1351 2403 1417 2459 item
1434 2404 1530 2458 Rleae
1549 2404 1710 2475 enjusdam,
1728 2420 1800 2475 quae
1817 2403 1897 2460 tratri

212 2503 249 2543 ne
266 2486 406 2543 videretur
429 2487 585 2543 incestuose
606 2486 718 2557 iecisse,
737 2487 796 2543 lata
815 2486 878 2559 lege
895 2491 1042 2557 pareutum
1067 2498 1207 2564 nupserat.
1254 2490 1432 2545 Ptolemaeus
1460 2490 1630 2558 Philopator
1661 2504 1782 2545 sororem
1807 2492 1900 2561 Eurp·

211 2578 240 2629 et
258 2572 408 2630 liberorum
426 2573 599 2628 matrimonia
617 2574 689 2629 inter
707 2592 737 2629 se
755 2573 890 2646 permisit.
929 2570 1042 2628 Orosius
1069 2580 1150 2632 011000
1166 2576 1259 2642 duxit,
1288 2576 1466 2631 Ptolemaeus
1483 2576 1615 2644 Phpecors
1639 2591 1762 2631 sororem
1780 2578 1901 2648 campu-

212 2659 261 2715 lib.
300 2666 322 2716 1.
358 2676 382 2715 0.
417 2666 440 2715 t.
494 2658 666 2730 Epiphanius
697 2659 727 2714 iu
754 2658 804 2714 lib.
836 2658 871 2713 de
896 2658 1040 2730 compend.
1068 2673 1142 2719 tram
1164 2669 1217 2720 etc.
1273 2662 1475 2734 Aegyptiorum
1506 2661 1621 2716 istorum
1648 2679 1746 2732 regum
1774 2662 1902 2735 exempla

216 2745 331 2801 doctrin
358 2744 425 2800 fidei
442 2744 513 2799 cath.
530 2750 559 2801 01
575 2751 662 2816 apost.
689 2745 724 2800 de
743 2744 914 2817 Chrysippo:
937 2744 1041 2817 νόμους
1068 2750 1156 2807 roouti
1174 2756 1238 2805 sunt
1256 2749 1340 2804 vieini
1357 2765 1446 2820 reges.
1489 2749 1653 2802 Alexander
1672 2750 1779 2818 Pyrrhi
1794 2750 1901 2821 Epiro-

213 2830 381 2905 ἀθεμίστους
395 2834 536 2909 ἔγραψεν,
567 2832 642 2903 ἔλεγε
661 2834 716 2907 γὰρ
730 2834 791 2889 δεῖν
802 2838 957 2904 01000010(
983 2839 1043 2895 ταῖς
1069 2846 1161 2893 tarum
1189 2836 1265 2903 repis
1298 2836 1380 2906 filius
1417 2835 1613 2905 Olympiadem
1647 2852 1774 2890 sororem
1812 2837 1901 2901 drmit,

211 2918 331 2994 μητράσι
347 2916 409 2982 (οὺς
427 2920 539 2983 παῖδας,
555 2926 612 2980 τοῖς
629 2920 661 2974 δὲ
680 2916 797 2997 0010101
815 2918 864 2981 τὰς
882 2923 1044 2991 θυγατέρος,
1069 2924 1254 2980 Mithridates
1285 2938 1336 2977 rea
1363 2922 1451 2975 Parati
1483 2921 1627 2976 Laodicea
1657 2938 1782 2976 sororem
1813 2924 1901 2991 dreait,

212 3010 259 3063 ret
277 3010 352 3066 stim
373 3004 485 3061 nimau
503 3004 532 3060 (ὁ
551 3004 693 3075 idumaeis
709 3007 816 3075 110010.
1069 3011 1182 3065 Darius
1196 3016 1354 3079 postremus
1368 3024 1493 3063 sororem
1504 3025 1618 3063 acorem
1628 3008 1735 3076 habuit,
1748 3009 1902 3065 Mausolus

247 3098 306 3151 262.
341 3093 478 3148 180101·
504 3110 537 3147 00
562 3102 679 3164 utroque
702 3100 828 3163 parente
877 3093 1044 3149 Nuditatem
1070 3096 1174 3151 Garum
1204 3112 1255 3149 rer.
1285 3095 1467 3149 Artemisiam
1495 3113 1620 3150 sororem
1655 3094 1685 3149 in
1727 3095 1902 3152 matrimonio

212 3180 321 3237 sororis
340 3188 412 3247 luae,
430 3180 509 3243 tiliae
527 3179 620 3250 patrie
637 3180 681 3233 lui
698 3181 742 3234 uel
759 3180 837 3245 filiae
854 3181 953 3235 mamis
972 3188 1043 3245 tuae,
1068 3182 1175 3251 habuit,
1193 3182 1350 3251 1110000100
1358 3180 1902 3251 80100100001900111000000100100001

213 3285 286 3337 puae
297 3267 393 3337 000110
412 3274 452 3319 est
470 3268 549 3320 domi
564 3266 708 3333 salsuris,
726 3286 781 3321 000
799 3268 937 3322 revelatus
953 3268 1043 3337 turpi-
1072 3270 1126 3325 sibi
1144 3266 1291 3325 associavit
1310 3272 1362 3323 eta.
1400 3266 1495 3323 Simile
1514 3268 1669 3339 exemplum
1684 3268 1809 3325 nefariae
1827 3269 1902 3325 illius

213 3353 336 3408 tudinem
359 3370 454 3407 earum
478 3352 545 3407 Les.
573 3357 619 3420 18,
648 3371 674 3406 r.
701 3359 725 3409 9.
773 3354 940 3407 Nuditatem
959 3354 1043 3424 fileae
1071 3355 1272 3412 commixtionis
1302 3356 1374 3409 inter
1399 3353 1514 3409 fratrem
1540 3371 1574 3409 00
1598 3372 1720 3410 sororem
1740 3372 1902 3427 germanam

213 3440 312 3494 ureris
326 3439 424 3509 patris
440 3439 496 3507 tui,
520 3456 592 3508 quae
609 3439 704 3506 000110
722 3446 763 3492 eet
770 3440 854 3508 patri
870 3448 935 3507 tuo,
961 3457 1044 3495 soror
1070 3442 1234 3515 proponitur
1253 3441 1281 3495 in
1296 3441 1459 3495 Ptolemaeo
1471 3440 1663 3514 Philadehrlo
1680 3457 1748 3513 rege
1758 3440 1903 3514 Aegyptio

1316 1320 1361 1372 Di
1375 1335 1471 1387 sempe
1488 1336 1556 1371 suas
1574 1318 1695 1371 11010010
1713 1333 1838 1385 sorores,

1104 1406 1153 1459 Sic
1173 1405 1313 1459 Saturnus
1331 1406 1415 1475 Opim
1433 1405 1561 1471 junctam
1580 1404 1636 1457 eibi
1652 1404 1794 1473 campulus
1812 1402 1900 1465 duait,

1103 1493 1229 1546 Oceanus
1253 1492 1364 1560 Thetys,
1383 1490 1520 1545 Jurrorrem
1537 1496 1630 1544 rector
1649 1488 1771 1557 Olympi.

1310 1748 1392 1803 Jeme
1409 1756 1438 1803 et
1454 1766 1536 1803 soror
1555 1756 1581 1803 et
1597 1750 1729 1819 conjura.

462 2091 565 2147 Gentes
584 2098 677 2145 tames
693 2092 907 2159 escensurum,

279 2179 316 2232 10
334 2178 432 2246 quibus
450 2186 477 2230 et
493 2185 561 2231 0010
578 2178 705 2246 0001010,
723 2184 749 2231 01
766 2185 836 2230 uata
848 2176 965 2246 parenti

279 2264 418 2334 Juspitur
437 2270 463 2317 et
475 2264 570 2331 pietas
588 2264 728 2332 pcmiaato
746 2264 845 2317 crescit
862 2279 967 2317 amore.

97 3536 198 3581 10110.
214 3534 263 3580 tua
280 3534 327 3594 cet,
344 3544 402 3578 000
421 3524 559 3579 revelatus
575 3542 601 3577 v.
622 3529 661 3579 11.
696 3524 752 3587 Qui
768 3526 1043 3594 acceperitsororem
1070 3538 1098 3585 et
1115 3529 1250 3593 Arataei,
1286 3527 1331 3582 cui
1356 3544 1420 3582 cum
1443 3544 1460 3581 a
1485 3526 1588 3583 Sotade
1606 3527 1757 3596 diceretur,
1787 3528 1840 3583 oris
1865 3532 1903 3589 etr

191 3630 301 3682 ·suam‚
320 3611 410 3677 filiam
434 3612 530 3680 patrea
556 3611 603 3665 eui
626 3611 671 3666 rel
693 3612 789 3679 filiam
814 3612 912 3665 matres
931 3620 1043 3666 suaset
1071 3618 1152 3685 ὁσίην
1169 3612 1372 3688 rpuualturrd
1391 3618 1506 3682 simper
1525 3612 1614 3684 ὠθεῖς,
1632 3614 1662 3669 10
1680 3631 1902 3672 0010010ωο111

211 3700 314 3753 uiderit
344 3698 500 3752 nuditatem
531 3698 606 3767 ejus,
637 3706 663 3751 et
685 3698 750 3767 ipsa
766 3698 869 3752 uiderit
887 3699 1043 3753 sorditatem
1068 3703 1167 3773 conjici
1197 3708 1225 3757 et
1252 3702 1281 3756 in
1319 3703 1388 3756 mari
1425 3700 1565 3773 submergi
1600 3706 1749 3772 propterea
1785 3702 1903 3771 curarit,

212 3783 1042 3855 0101,000101τί0101100,0100001000ιο11110001100110
1069 3787 1236 3844 Plutarchus
1260 3786 1296 3841 de
1319 3787 1367 3842 lib.
1389 3786 1514 3843 011010
1537 3786 1669 3856 Cambpee
1687 3795 1713 3842 et
1735 3788 1805 3857 Oprr'
1822 3790 1901 3853 fitia.

212 3889 274 3925 rum
290 3870 396 3941 populi
413 3870 467 3938 sui,
497 3870 653 3922 nuditatem
682 3870 790 3923 sororia
817 3888 885 3925 suae
902 3872 1043 3942 revelavit,
1069 3876 1225 3945 Aepyptioe
1248 3890 1371 3929 sororum
1394 3874 1535 3929 amoribus
1561 3874 1698 3945 implicari
1716 3878 1747 3932 et
1763 3892 1828 3931 cum
1847 3876 1902 3931 iliis

207 3975 330 4029 poenam
347 3956 506 4027 iniquitatis
526 3974 593 4009 suae
606 3956 733 4025 portabit
758 3955 848 4011 Levit.
869 3962 915 4026 10,
947 3975 973 4014 u.
1002 3963 1042 4014 11.
1069 3960 1241 4017 matrimonia
1276 3959 1344 4015 inire
1383 3960 1478 4016 solitos
1507 3960 1593 4016 fuisse
1628 3960 1714 4017 refert
1743 3961 1902 4018 Herodotus

212 4045 394 4112 Maledictus,
413 4044 462 4111 001·
480 4044 584 4097 domuit
604 4060 665 4095 cum
684 4059 781 4098 sorore
793 4062 855 4110 sua,
863 4044 933 4113 filia
948 4046 1042 4114 patr-rs
1069 4047 1118 4105 lib.
1139 4053 1163 4102 1.
1181 4052 1210 4101 01
1227 4045 1366 4101 Diodorus
1383 4047 1431 4106 lib.
1453 4052 1475 4102 1.
1495 4064 1521 4104 c.
1538 4053 1563 4103 2.
1609 4046 1695 4118 Apud
1722 4048 1902 4103 Aduenieuees

215 4133 262 4187 eui
285 4131 329 4187 uel
346 4130 447 4184 matris
463 4146 532 4183 suae
543 4129 626 4185 Dent.
642 4134 684 4197 21,
701 4148 727 4185 r.
746 4136 786 4185 22.
819 4130 862 4184 Ex
878 4130 921 4185 his
934 4131 1042 4202 legibus
1069 4134 1151 4189 ctiam
1174 4148 1296 4187 sororum
1315 4132 1490 4187 matrimonia
1508 4132 1613 4203 injusta
1638 4132 1735 4188 habits
1751 4150 1807 4188 non
1838 4140 1901 4189 1101

211 4217 318 4290 duplici
335 4216 442 4272 ratione
459 4215 554 4287 colligi
572 4221 673 4287 potest,
688 4211 861 4304 ponnubiuh
875 4220 1042 4274 eumso'rore
1070 4220 1207 4275 referente
1223 4218 1350 4274 Arnobio
1363 4218 1409 4273 lib.
1430 4224 1454 4275 8.
1472 4220 1577 4274 advers.
1594 4224 1700 4292 gentes.
1742 4219 1787 4275 De
1804 4221 1901 4276 Persis

211 4320 345 4377 30111000
374 4319 434 4357 esse
464 4301 650 4374 prohibitum,
680 4302 724 4358 rel
758 4311 790 4357 ut
816 4320 915 4359 nomeu
942 4305 1042 4359 sororis
1068 4305 1174 4361 Theod.
1201 4321 1226 4375 q.
1258 4310 1299 4361 11.
1324 4305 1353 4359 iu
1370 4304 1438 4361 Iler.
1463 4310 1491 4360 et
1508 4304 1665 4361 Brissonius
1688 4305 1737 4363 lib.
1762 4305 1799 4361 de
1822 4323 1901 4377 regu.

212 4391 300 4462 primo
320 4389 381 4445 loco
400 4388 520 4459 positum
539 4388 705 4460 generaliter
723 4389 889 4460 accipiatur,
920 4389 964 4444 cui
990 4406 1042 4461 per
1068 4392 1180 4448 Persico
1209 4409 1236 4462 p.
1267 4397 1325 4447 230.
1356 4397 1525 4459 memorant,
1554 4392 1629 4464 quod
1656 4397 1689 4448 ut
1713 4390 1850 4448 matribus
1873 4398 1900 4447 et

185 4476 431 4532 ¹distributionem
476 4473 620 4544 subjectae
669 4474 860 4547 intelligantur
905 4476 1041 4547 quaedam
1068 4474 1194 4543 11101010,
1224 4476 1265 4531 sic
1297 4476 1380 4532 etism
1409 4479 1548 4533 sororibus
1578 4478 1738 4549 nuptiarum
1763 4478 1826 4551 lege
1851 4478 1897 4534 nri·

209 4564 325 4634 species,
345 4561 446 4618 sororis
466 4560 574 4616 scilicet
593 4570 712 4629 apaatac
735 4567 763 4617 01
786 4561 886 4617 sororis
903 4564 1040 4630 uterinae,
1068 4569 1204 4619 secantur.

208 4648 309 4721 quibus
342 4648 455 4704 0111111
485 4647 568 4702 tertia
598 4648 710 4717 species,
737 4649 836 4705 sororis
855 4648 960 4705 scilicet
977 4669 1039 4720 per·
1103 4655 1159 4706 263.
1195 4648 1332 4705 «180000
1355 4664 1388 4702 ec
1411 4649 1501 4703 altero
1526 4656 1633 4702 tautum
1653 4656 1785 4719 parente.
1832 4650 1948 4707 Pro-ts

208 4752 316 4804 marrae,
334 4752 390 4806 qua
406 4734 514 4789 ratione
532 4752 558 4787 v.
577 4740 601 4790 9.
637 4734 726 4790 Lerit.
750 4740 789 4791 te.
814 4735 986 4807 acciperetur
1004 4737 1039 4792 de
1068 4735 1166 4791 hibitio
1188 4734 1253 4790 talis
1270 4733 1394 4805 conjugii
1412 4733 1441 4789 in
1459 4734 1556 4790 iisdem
1571 4732 1683 4805 legibus
1703 4742 1801 4793 exstat.
1840 4738 1897 4793 Na-
1906 4720 1948 4805 ἒξ

208 4837 300 4876 101010
330 4837 363 4875 ex
391 4820 478 4876 altero
506 4824 617 4875 tantum
648 4826 763 4891 parente
793 4822 850 4876 sive
881 4822 1040 4895 1110000111·
1069 4823 1184 4877 dilatem
1216 4820 1324 4874 sororis
1352 4828 1426 4885 tuae,
1458 4821 1536 4887 filiae
1566 4822 1663 4890 patric
1693 4822 1737 4875 tui
1754 4823 1798 4879 rel
1818 4824 1948 4893 filiast*

208 4925 232 4960 v.
264 4911 302 4961 11.
325 4905 361 4962 10
384 4923 477 4962 sorore
501 4922 534 4961 ex
557 4912 674 4978 utroque
696 4912 810 4977 parente
835 4908 893 4964 sive
921 4907 1040 4962 strara-
1066 4908 1167 4963 matris
1189 4916 1262 4975 tuae,
1282 4923 1353 4976 0000
1378 4907 1474 4978 peuda
1502 4915 1542 4961 est
1569 4908 1647 4962 domi
1663 4908 1708 4963 rel
1726 4908 1817 4975 foris,
1846 4928 1903 4965 000

210 4988 338 5067 saputem
367 4992 412 5047 rel
441 4997 473 5047 ut
502 5011 519 5047 a
547 4992 645 5047 minori
672 4993 708 5047 ad
733 4993 823 5064 majus
845 5000 1040 5066 argumentum
1066 4993 1203 5047 revelatis
1230 4998 1281 5049 eto.
1323 4992 1412 5049 Lavit
1439 4998 1485 5062 18,
1516 5010 1541 5045 v.
1560 5000 1585 5049 9.
1632 4994 1800 5049 Nuditatem
1824 4996 1902 5063 filiae

209 5079 336 5146 ducatur,
366 5077 390 5132 si
418 5078 588 5149 prohibitum
613 5085 656 5135 est
678 5080 839 5151 conjugium
865 5097 929 5135 cum
946 5096 1038 5135 sorore
1053 5080 1164 5135 'rasoris
1179 5080 1272 5148 patris
1291 5081 1339 5149 tui,
1357 5094 1430 5150 puae
1447 5080 1543 5151 penita
1569 5087 1608 5134 ert
1627 5080 1712 5150 patri
1732 5087 1795 5154 tuo,
1819 5100 1903 5140 soror

209 5164 330 5234 uterina,
353 5180 426 5237 quae
443 5180 477 5219 ex
497 5164 594 5221 eadem
610 5165 722 5237 quidem
740 5172 842 5231 matre,
866 5166 915 5222 sed
934 5183 967 5221 ex
985 5167 1040 5223 alio
1067 5174 1118 5219 tua
1140 5166 1205 5234 ipsa
1233 5174 1288 5234 ert,
1317 5184 1374 5221 000
1400 5165 1538 5220 revelabis
1557 5168 1711 5221 nuditatem
1730 5168 1792 5236 ey'us
1813 5186 1841 5227 v.
1864 5177 1902 5229 11.

209 5256 288 5322 patre
311 5256 390 5311 nata.
419 5250 540 5323 itemque
563 5268 625 5307 cum
648 5268 742 5307 sorore
769 5257 887 5323 agnata,
916 5268 988 5322 quse
1005 5268 1040 5309 ex
1065 5252 1111 5320 (de
1137 5254 1216 5320 cuius
1241 5253 1370 5309 versiculi
1396 5251 1516 5325 genuino
1543 5271 1626 5310 sensu
1645 5254 1753 5309 dicetur
1769 5254 1948 5333 interium„

208 5336 305 5394 eodem
322 5337 434 5410 quidem
453 5342 541 5409 patre,
559 5337 608 5392 sed
627 5353 661 5393 ex
679 5337 736 5393 alia
754 5344 842 5392 matre
860 5344 934 5405 nata,
953 5339 1040 5395 multo
1066 5338 1243 5395 manifestum
1272 5346 1315 5397 est
1337 5358 1370 5396 ex
1393 5339 1446 5394 hac
1468 5339 1545 5412 lege,
1574 5340 1711 5412 prohiberi
1737 5342 1902 5417 conjuginm

209 5423 297 5496 magis
315 5422 487 5495 prohibitum
500 5423 670 5478 censendum
686 5422 846 5495 conjugium
864 5440 928 5479 cum
947 5442 1040 5483 sorore
1065 5443 1129 5483 cum
1146 5443 1239 5493 sorore
1259 5428 1318 5482 sire
1337 5442 1371 5481 ea
1389 5424 1426 5480 sit
1443 5426 1507 5491 filia
1521 5428 1614 5497 patris
1633 5428 1696 5492 mei,
1716 5427 1745 5482 id
1763 5433 1808 5485 set
1826 5446 1903 5489 soror

208 5528 351 5581 germana.
398 5509 572 5580 Augustinus
599 5527 624 5581 q.
654 5516 695 5567 59.
728 5510 757 5565 in
780 5509 887 5569 Levit:
920 5512 956 5567 Si
983 5520 1177 5587 eoa-agnata,
1195 5531 1268 5587 quae
1283 5528 1455 5570 communem
1472 5518 1581 5585 patrem
1596 5530 1704 5572 mecum
1722 5514 1820 5589 babet,
1837 5516 1904 5579 lieet
