4020 6022
768 308 819 366 DE
840 309 1042 367 CONJUGIO.
1693 318 1754 375 203

19 440 24 447 ¹
52 464 217 534 pumiceum
256 464 423 535 intelligitur
454 463 604 518 defunctae
645 464 738 518 uxoria
769 479 893 518 eomrem
920 464 976 519 tico
994 481 1051 519 non
1071 469 1180 519 tantum
1194 481 1336 534 pmaonae
1354 464 1514 517 nominatim
1532 479 1688 531 expromere,
1706 463 1755 517 eed

53 549 166 605 ducere.
210 549 376 620 Exemplum
409 549 483 603 illiue
509 548 613 604 Judaei
642 550 722 620 requi
748 550 896 604 voluerunt
921 551 1005 606 etiam
1023 550 1241 621 aequidistantee
1258 551 1366 619 prodire
1384 550 1441 603 aiut
1458 548 1606 620 prohibiti,
1634 557 1666 603 ut
1683 565 1755 603 com-

53 636 169 707 quidam
189 652 207 689 a
224 635 397 702 Chrietianie,
418 635 466 705 qui
485 634 522 689 ed
534 634 679 688 Danielem
694 634 894 690 Hoffmannum
921 637 1069 705 probatum
1087 635 1142 690 fuit
1161 635 1293 706 euporius.
1324 636 1388 691 bam
1407 651 1473 688 vero
1493 634 1633 689 nonlicet
1652 633 1754 689 ducere

56 720 218 793 theologum
230 720 473 777 Halmetudianum
489 720 573 789 huJ'ue
591 720 761 790 quaestionis
779 720 893 774 decisio·
920 723 1024 783 fratria
1043 723 1173 786 defuncti
1190 738 1302 775 ucarem
1323 720 1389 774 Lev.
1411 726 1456 786 18,
1483 736 1510 775 v.
1532 726 1570 775 te.
1616 735 1683 790 ergo
1704 736 1754 774 nec

56 823 122 862 uem
148 807 313 863 retulerunt.
359 807 387 860 Ie
412 807 520 876 prolixo
541 822 673 876 reaponeo
706 807 894 861 demonstrare
920 807 1068 862 defunctae
1086 808 1179 862 uxoria
1196 823 1325 869 eororam,
1343 822 1407 859 cum
1417 805 1473 859 aiut
1492 805 1521 859 iu
1539 806 1645 873 eodem,
1666 806 1754 875 prima

54 899 172 948 conatus
190 900 241 960 est,
258 894 328 949 talee
347 893 460 962 nuptiae
478 908 529 946 nee
544 893 609 961 jure
628 891 731 956 divino,
751 909 801 946 nee
813 900 893 948 natu·
921 893 1029 949 scilicet
1047 893 1174 963 aequalia
1191 893 1281 948 linem
1298 892 1389 963 gradu
1408 891 1437 945 in
1456 890 1592 945 affinitate
1603 891 1754 949 constituti.

54 979 107 1033 reli
127 979 284 1049 prohibitae
301 992 370 1046 eeee,
388 978 416 1032 id
437 978 512 1048 quod
530 983 596 1032 ente
615 977 705 1048 iprum
733 977 895 1031 nouaclum
920 978 1079 1049 Excipiunt,
1097 996 1158 1033 eece
1175 979 1221 1032 hec
1238 979 1384 1047 disparem
1402 977 1556 1030 rationem:
1578 980 1601 1030 1.
1621 978 1754 1031 Feminae

54 1065 170 1136 quidam
198 1082 233 1120 ex
261 1063 383 1127 rabiuie,
418 1063 466 1118 eod
505 1062 589 1117 etiam
619 1079 653 1118 ex
694 1063 895 1119 recentioribus
919 1082 976 1117 nan
998 1066 1173 1135 permittitur
1191 1065 1299 1118 duabue
1317 1064 1457 1129 fratribue
1482 1064 1633 1117 eucceeeioe
1653 1065 1755 1117 nubere

54 1150 246 1221 ecripmribue,
262 1150 425 1221 praesertim
447 1148 609 1217 Pontificiia
628 1155 811 1203 aecerucruut.
840 1148 894 1203 Fa·
918 1156 1038 1219 propter
1056 1151 1250 1215 causacionem
1275 1150 1411 1204 reminum
1437 1157 1617 1217 capaciorem
1643 1151 1673 1203 in
1699 1168 1754 1202 uno

55 1237 118 1307 gine
145 1236 176 1291 iu
206 1241 329 1292 annotat
356 1236 392 1290 ad
419 1235 549 1306 paraphr.
578 1233 721 1290 Chaldaic.
751 1234 817 1290 Lev.
847 1240 894 1290 18:
920 1236 1052 1303 eribjecta,
1072 1244 1097 1289 et
1116 1237 1157 1290 eia
1165 1244 1284 1306 propter
1296 1237 1488 1301 incertum5at
1504 1235 1581 1288 mari
1589 1236 1755 1304 permieeum

56 1324 124 1378 Eter'
153 1324 185 1377 in
215 1323 277 1390 leae
304 1323 439 1376 Maeaica
469 1322 640 1390 polypumia
661 1323 726 1389 suit
754 1338 894 1385 conamen,
921 1329 961 1375 eet
978 1323 1051 1375 duae
1067 1339 1178 1376 earoree
1195 1323 1349 1375 mcceeeioe
1367 1324 1485 1382 deame,
1507 1339 1568 1374 cum
1586 1322 1616 1375 in
1634 1322 1755 1375 diacreie

55 1417 150 1464 terrm
169 1409 324 1462 conticuit
342 1408 453 1461 duabne
473 1408 557 1460 simut
578 1408 723 1460 cararibae
753 1408 895 1474 caniunpi,
916 1409 1048 1476 perronio
1065 1426 1120 1462 nan
1135 1410 1348 1471 confundantur
1369 1408 1485 1461 camina.
1528 1407 1753 1477 Reepondemue:

56 1511 92 1550 ac
107 1496 240 1550 uidelicet
258 1494 352 1548 altero
365 1495 488 1548 aiteram
499 1500 634 1564 perpetuo
647 1494 800 1561 efiiceret,
820 1493 897 1562 quad
923 1493 1073 1565 prohibitio
1085 1495 1222 1565 graduum
1235 1511 1291 1548 nan
1307 1493 1410 1563 pendet
1421 1493 1608 1548 aconfueioue
1620 1493 1753 1548 neminum

57 1582 89 1635 in
107 1581 242 1652 conjurio
259 1580 365 1634 Jacobi
384 1579 571 1648 patriarchae
587 1580 704 1643 factum.
736 1574 789 1633 Eat
808 1579 896 1649 ipitur
921 1581 1003 1646 (aliae
1020 1586 1114 1652 poeeet
1125 1580 1187 1651 quie
1205 1586 1321 1635 matrem
1338 1586 1366 1635 et
1378 1578 1464 1633 filiam
1480 1579 1634 1634 eucceeeire
1644 1579 1754 1645 ducere,

57 1683 171 1736 moue,
199 1683 234 1721 ne
262 1667 391 1738 accipiar
417 1666 563 1719 mutierem
589 1664 716 1735 aliquam
730 1682 786 1734 pra
809 1681 896 1719 rmore
921 1666 996 1736 quod
1029 1682 1158 1737 expreeee
1190 1665 1376 1735 prohibetur),
1414 1666 1464 1721 eed
1493 1681 1511 1719 a
1549 1665 1755 1736 propinquitate

57 1770 120 1807 aum
138 1768 237 1809 acrore
251 1752 321 1820 eice,
339 1760 371 1805 ut
387 1752 510 1821 affliaoe
529 1767 590 1805 eam
609 1751 815 1806 concumbendo
833 1767 895 1804 cum
922 1751 1020 1816 carnis,
1040 1750 1159 1820 quaein
1179 1768 1264 1805 uxore
1280 1750 1373 1804 fratria
1392 1756 1421 1805 et
1441 1751 1471 1804 in
1488 1750 1581 1805 uxoria
1602 1767 1694 1806 sorore
1714 1758 1756 1806 eet

57 1854 156 1894 carme
175 1838 239 1907 ejue
252 1844 399 1906 praecente
415 1837 652 1890 necaverum
678 1837 775 1889 nearie
789 1852 895 1902 carcre,
922 1837 1032 1891 omnino
1062 1835 1166 1891 eadem.
1216 1835 1321 1900 Quadri
1352 1851 1418 1908 ergo
1453 1836 1571 1891 feminae
1602 1852 1657 1890 non
1691 1837 1757 1890 licet

57 1942 123 2004 eam
140 1925 306 1977 demortuae
323 1922 420 1976 icamia
437 1939 563 1976 sororem
577 1924 678 1976 ducere
689 1922 800 1981 licebat.
813 1921 897 1989 quari
921 1924 1025 1978 nubere
1050 1922 1174 1976 defuncti
1201 1921 1292 1976 manti
1320 1921 1400 1976 trebi
1426 1921 1463 1976 ob
1487 1923 1639 1992 proximam
1665 1921 1755 1977 affini-

58 2010 150 2073 dicot,
180 2011 257 2063 dirae
284 2024 398 2063 earoree
424 2007 508 2061 aimrd
532 2025 589 2061 non
619 2009 708 2061 duam
729 2008 760 2060 in
785 2023 894 2074 urerer,
921 2014 1016 2072 tatem,
1034 2008 1133 2078 utique
1151 2024 1202 2063 nec
1222 2007 1291 2061 mari
1309 2007 1414 2062 licitum
1427 2007 1481 2062 erit
1493 2009 1595 2063 ducere
1607 2007 1755 2063 deiunctae

58 2110 145 2148 unare
185 2102 279 2149 torua
316 2101 366 2147 tua
396 2101 507 2147 mortua
545 2110 671 2147 eororam
701 2095 763 2162 ejue
793 2094 895 2146 ducem
921 2094 1014 2148 uxoria
1033 2109 1155 2149 aaronem
1169 2093 1205 2147 ob
1224 2093 1342 2149 eandem
1356 2093 1754 2164 affinitatiepropinquitatem.
1849 2157 1851 2160 Α

10 2174 176 2250 &poteria
229 2177 416 2236 Bellarmlnue
447 2179 483 2233 de
510 2177 629 2234 memini.
658 2196 680 2234 c.
707 2184 748 2234 21.
776 2195 834 2249 arg.
864 2183 893 2232 ³:
921 2179 975 2243 Qui
1004 2180 1083 2234 ducit
1107 2197 1220 2235 uxorem
1248 2178 1343 2233 fratria
1361 2179 1419 2245 eui,
1450 2196 1509 2235 rem
1526 2179 1636 2234 faedam
1665 2185 1694 2234 et
1709 2198 1754 2234 ne·

60 2268 177 2336 Mapeee
195 2266 227 2319 in
245 2266 370 2319 Iecitieo
392 2267 532 2333 quaedam
556 2266 691 2334 conjupia
704 2265 850 2334 prohibuit
869 2271 895 2317 et
919 2265 1018 2321 fariam
1042 2271 1173 2335 operatur
1188 2265 1278 2320 Lavit
1296 2270 1343 2328 10,
1372 2281 1398 2321 v.
1415 2270 1457 2321 21.
1509 2264 1585 2336 Ergo
1609 2265 1657 2335 qui
1675 2265 1756 2319 nubit

58 2354 202 2422 quaedam
217 2350 348 2421 permieit
365 2351 505 2405 iraeadem
521 2354 624 2422 prada
655 2351 804 2405 Probibuit
823 2350 895 2403 enim
920 2352 1021 2407 eororie
1055 2352 1168 2417 marito,
1207 2350 1303 2404 itidem
1328 2367 1385 2406 rem
1415 2350 1526 2406 foedam
1560 2355 1590 2406 et
1619 2351 1753 2405 nefariam

57 2438 221 2508 eoniupium
240 2454 303 2492 cem
320 2453 408 2491 erare
423 2438 529 2502 fratria
546 2436 632 2490 etiam
649 2438 779 2502 defuncti
796 2444 821 2490 et
838 2454 894 2491 non
919 2443 1057 2508 operatur.
1099 2443 1126 2492 2.
1148 2437 1338 2491 Prohibitiani
1360 2439 1396 2491 dc
1414 2455 1471 2490 nan
1499 2439 1629 2491 ducenda
1640 2438 1754 2502 fratria

54 2524 201 2597 prohibuit
229 2524 392 2594 eonjupium
419 2540 482 2577 cum
520 2539 619 2577 carcre
647 2524 745 2576 uxorie
778 2523 836 2576 nebi
860 2539 894 2575 eo
920 2525 1040 2577 additur
1057 2524 1134 2578 ratio
1152 2541 1172 2576 a
1191 2523 1287 2577 carnia
1299 2522 1528 2594 propinquitate,
1555 2522 1623 2591 quia
1644 2531 1685 2575 eet
1703 2541 1753 2576 uu·

56 2611 171 2678 uiuente,
189 2626 226 2663 aa
237 2608 365 2679 proinde
384 2626 440 2663 nan
455 2608 602 2678 prohibuit
614 2624 676 2662 eum
688 2625 785 2662 acrore
797 2609 894 2662 acaria
920 2612 997 2664 ditae
1014 2610 1120 2674 fratria
1136 2611 1192 2677 tui,
1224 2606 1280 2664 red
1286 2610 1473 2679 prohibitioni
1491 2611 1527 2662 de
1551 2627 1607 2663 uon
1623 2610 1754 2663 ducenda

53 2697 118 2765 jem
138 2696 304 2760 mianum,
335 2701 473 2748 ettamen
491 2701 532 2748 eet
557 2695 633 2749 Mem
646 2711 768 2764 proreue
784 2696 895 2762 produc
919 2714 1017 2751 rorare
1042 2699 1140 2751 imario
1163 2697 1283 2751 additur
1311 2698 1384 2750 ratio
1413 2713 1432 2749 a
1454 2703 1634 2764 consequente
1651 2697 1754 2750 incant·

58 2781 213 2851 affinitatis
229 2798 291 2835 cum
310 2796 409 2835 eorore
429 2781 526 2835 cararia
547 2787 574 2834 et
593 2797 656 2833 cum
674 2797 765 2847 ¹terrare
781 2781 895 2846 fratria.
919 2785 1003 2836 moda
1028 2786 1068 2837 ad
1092 2784 1282 2854 asflipendurn
1306 2800 1375 2839 eam.
1426 2782 1649 2853 Respondemue:
1680 2782 1756 2852 prior

57 2867 203 2924 Corneliae
230 2884 248 2921 a
267 2867 375 2938 Lepide
406 2867 435 2921 in
461 2883 560 2921 comm.
581 2859 743 2923 Levit‘te.
771 2884 799 2937 p.
830 2873 895 2924 tet:
920 2869 991 2924 ratio
1017 2870 1107 2925 locum
1134 2869 1219 2924 habet
1246 2870 1329 2925 etiam
1359 2869 1388 2923 in
1406 2886 1473 2923 caen
1497 2869 1662 2940 posteriore,
1692 2868 1756 2925 ideo

60 2955 153 3010 Ucore
168 2961 282 3009 mortua
294 2960 378 3023 patee
398 2953 529 3024 accipere
546 2954 609 3022 ejue
625 2970 754 3008 eororam
777 2954 808 3007 ia
827 2971 895 3007 can-
920 2954 950 3008 in
968 2955 1154 3025 prohibitione
1172 2955 1208 3011 de
1224 2973 1281 3010 non
1294 2955 1422 3009 ducenda
1437 2954 1530 3008 uxoria
1547 2969 1640 3008 eorore
1657 2953 1755 3009 eadem

51 3042 162 3110 jupam,
179 3040 233 3094 hoc
253 3040 327 3094 enim
344 3039 406 3108 tepe
425 3040 512 3094 neeri
531 3039 620 3094 licuit.
658 3038 713 3094 Sed
732 3039 798 3095 huic
815 3039 894 3095 Hoff·
921 3056 976 3096 non
995 3041 1136 3113 repetitur,
1156 3040 1205 3096 red
1227 3040 1285 3096 alia
1302 3041 1438 3111 quaedam
1458 3039 1571 3094 additur
1583 3040 1612 3094 in
1624 3039 1755 3110 conjugia

56 3127 225 3183 maurianae
248 3141 383 3182 censurae
417 3124 555 3181 Henricue
580 3125 749 3180 Heeehueiue
772 3125 895 3196 euperin·
921 3144 985 3181 eum
1011 3127 1104 3181 uxorin
1130 3125 1221 3180 adhuc
1246 3126 1365 3180 viventia
1388 3142 1482 3180 sorore
1506 3125 1596 3180 locum
1618 3125 1756 3193 obtinent,

57 3213 179 3270 tendens
210 3217 240 3268 et
267 3212 368 3283 reliqui
407 3210 541 3267 ecclesiae
568 3210 748 3266 Hildeeianae
778 3210 896 3265 ministri
921 3228 994 3283 quae
1013 3213 1131 3282 priorem
1145 3230 1201 3267 non
1213 3212 1343 3278 excludit,
1357 3229 1409 3267 nec
1420 3211 1521 3268 abolet.
1554 3215 1583 3269 3.
1596 3214 1643 3266 Ea
1656 3212 1755 3279 reproba

56 3298 229 3355 contrarium
243 3297 377 3369 scriptum
390 3296 689 3368 appoeuemnt‚inquo
698 3298 895 3362 demonstrant,
920 3301 1051 3371 ruperine
1078 3301 1188 3353 tradita
1214 3305 1243 3354 et
1267 3299 1461 3369 compmbata‚
1490 3299 1564 3370 quod
1591 3306 1623 3353 ut
1641 3314 1755 3353 concan-

58 3384 167 3441 nemiui
184 3384 295 3439 omnino
314 3383 399 3439 licere
417 3381 567 3438 defunctae
579 3383 671 3437 uxoria
689 3399 758 3437 cuae
774 3397 894 3438 carerem
920 3386 1051 3457 guinitaa,
1069 3387 1109 3440 cic
1128 3386 1211 3440 etiarn
1229 3384 1351 3440 affinitur
1368 3387 1453 3441 remei
1467 3391 1611 3441 contracta
1626 3385 1755 3454 persistat
1769 3395 1813 3437 xv.
1829 3394 1875 3437 ten

57 3472 87 3526 in
105 3486 222 3525 uxorem
238 3484 289 3540 per
305 3468 429 3525 necunde
448 3474 513 3523 vota
533 3469 642 3524 ducem
671 3468 797 3523 Tandem
809 3469 896 3539 igitur
922 3472 1036 3527 immota
1067 3488 1118 3527 nec
1156 3488 1207 3542 per
1231 3476 1346 3526 mortem
1364 3471 1454 3539 illiue,
1487 3487 1594 3542 exque
1613 3476 1755 3525 contracta

55 3558 195 3628 judicium
233 3556 269 3610 ad
307 3561 496 3611 antecessurae
534 3561 643 3610 nocuae
674 3555 703 3609 in
738 3554 896 3627 theologica
922 3563 972 3624 eet,
990 3558 1104 3613 tollatur
1118 3558 1162 3612 vel
1180 3557 1332 3621 aboleatur,
1352 3575 1415 3612 cum
1436 3557 1473 3611 eit
1489 3574 1523 3612 ex
1541 3557 1629 3611 claeee
1647 3557 1755 3612 illorum

58 3643 196 3698 facultate
230 3641 345 3697 dunensi
385 3640 525 3706 deletum,
569 3641 618 3712 qui
653 3640 698 3696 die
735 3647 776 3698 16.
812 3642 894 3696 Febr.
922 3643 1096 3713 effectorum,
1125 3644 1173 3714 qui
1205 3644 1322 3698 rublatie
1353 3643 1436 3697 etiam
1470 3643 1561 3697 caueie
1594 3642 1755 3712 persistunt,

58 3746 133 3785 anno
165 3734 242 3784 teet.
272 3727 430 3797 improbata
452 3726 616 3782 Hoffmanni
644 3742 761 3782 ceneura
791 3733 821 3781 et
846 3744 894 3799 ap·
921 3730 994 3784 eicut
1014 3729 1171 3785 aedificium
1187 3735 1295 3783 mortuo
1313 3728 1473 3784 architecto.
1517 3727 1755 3791 Quemadmodum

59 3815 179 3887 probato
212 3811 438 3869 Hildeeianorum
478 3813 581 3883 ecripto
618 3824 693 3868 recte
724 3813 895 3882 judicarunt,
921 3816 1008 3887 igitur
1027 3815 1072 3870 lex
1087 3814 1123 3869 de
1139 3832 1195 3868 non
1210 3814 1339 3870 ducenda
1349 3813 1447 3868 fratria
1461 3812 1583 3867 excludit
1594 3813 1754 3884 conjugium

58 3900 196 3973 ejusmodi
217 3898 331 3968 nuptiae
358 3901 424 3970 jure
450 3901 560 3963 diuina,
578 3900 684 3964 cirili,
717 3900 852 3953 canonico
870 3908 896 3953 et
921 3918 984 3956 cum
1003 3917 1088 3956 uxore
1105 3900 1212 3970 fratria,
1236 3901 1295 3955 eive
1312 3898 1442 3954 fruteria
1462 3898 1532 3953 vivia
1551 3896 1643 3952 adhuc
1661 3915 1754 3969 super·

58 3986 229 4056 noetercii
244 4001 307 4040 ecee
325 3983 485 4056 prohibitae.
523 3984 567 4040 De
582 3987 646 4056 jure
666 3986 802 4040 canoniea
815 3984 894 4041 dubi·
921 3993 976 4042 etea
994 3988 1045 4057 eit,
1077 3987 1136 4042 eive
1153 3986 1301 4042 defunctus
1319 4002 1380 4040 eam
1396 3984 1540 4055 reliquerit
1560 3984 1685 4048 viduam3
1715 3986 1755 4041 eic

58 4072 127 4127 utic
145 4086 208 4125 ecee
226 4071 333 4143 nequit,
350 4071 455 4142 quippe
475 4071 550 4142 quod
575 4069 789 4140 prohibitionem
806 4087 896 4141 neque
922 4074 966 4128 lex
992 4073 1027 4127 de
1052 4090 1108 4128 non
1132 4073 1260 4128 ducenda
1283 4071 1377 4126 uxoria
1401 4087 1495 4126 eorore
1513 4070 1674 4143 conjugium
1692 4088 1754 4126 cum

59 4157 94 4212 ad
114 4161 246 4228 quartum
262 4156 381 4228 gradum
397 4155 426 4210 in
445 4157 686 4228 consanguinitate
711 4165 739 4211 et
759 4155 897 4212 affinitate
922 4175 956 4213 ea
974 4160 1086 4230 penitae
1106 4158 1244 4228 excludit,
1263 4158 1321 4214 eive
1339 4157 1431 4212 adhuc
1448 4157 1526 4212 vivat
1540 4172 1623 4222 uxor,
1641 4158 1699 4213 eive
1719 4156 1756 4210 eit

59 4243 193 4309 extendit,
207 4243 269 4315 jam
287 4259 352 4299 vero
371 4243 531 4314 conjugium
552 4260 616 4299 cum
634 4244 782 4299 defunctae
802 4244 895 4298 uxoria
922 4243 1063 4300 defuncta.
1104 4245 1183 4309 Quae
1201 4244 1276 4299 enim
1294 4248 1389 4314 poeeet
1407 4243 1468 4299 dari
1486 4243 1572 4310 ratio,
1597 4243 1670 4315 quod
1694 4260 1755 4312 pro-

58 4343 153 4384 terere
177 4327 208 4381 in
234 4328 323 4397 primo
349 4326 493 4382 affinitatis
518 4330 609 4400 gradu
637 4329 816 4384 contrahitur.
861 4331 894 4384 In
922 4331 1072 4385 bibitiones
1091 4331 1216 4401 reliquae
1228 4330 1284 4385 eint
1301 4330 1457 4400 peneroiae,
1476 4329 1530 4384 hoc
1544 4335 1587 4384 eet
1598 4329 1756 4399 pertineant

54 4413 120 4483 Jure
138 4413 219 4467 cicili
234 4429 364 4484 expreeea
375 4419 465 4468 exemi
481 4413 631 4485 prohibitio
650 4415 668 4471 1.
694 4414 807 4470 Freiria
827 4423 850 4470 5.
864 4415 894 4472 (t.
921 4434 977 4471 non
995 4418 1085 4473 colum
1102 4418 1138 4472 ad
1157 4433 1203 4472 eae
1216 4433 1304 4486 caena,
1323 4417 1435 4487 quando
1452 4414 1544 4471 adhuc
1565 4415 1594 4468 in
1606 4415 1677 4469 rivio
1690 4421 1755 4469 eunt

58 4497 442 4570 commeminerint
479 4499 514 4555 Iu
530 4501 594 4570 jure
608 4502 784 4569 prouinciali
806 4500 894 4555 Saea·
922 4520 1065 4573 perronae,
1085 4520 1134 4574 per
1152 4521 1222 4574 quae
1244 4503 1470 4574 cuneanguinitae
1495 4501 1540 4557 vel
1563 4499 1684 4556 affinitur
1701 4500 1755 4554 fuit

55 4585 121 4639 eico
140 4584 300 4640 extenditur
319 4585 470 4656 prohibitio
490 4603 580 4656 ueque
597 4587 638 4639 ad
650 4586 760 4639 tertium
775 4589 896 4655 praelum
922 4597 1072 4658 contracta,
1091 4590 1141 4644 eed
1160 4590 1244 4644 etiam
1261 4590 1297 4644 ad
1316 4606 1373 4658 eae,
1390 4588 1502 4660 quaudo
1520 4603 1655 4658 perronae
1672 4587 1755 4642 iuter·

54 4670 151 4726 liuece
178 4670 341 4739 manuali}
370 4688 426 4726 non
456 4671 486 4726 in
514 4671 755 4742 conemguinitate
778 4677 896 4739 tantum,
921 4676 1029 4731 mediae
1056 4677 1085 4730 in
1113 4675 1183 4729 viria
1206 4692 1267 4731 ecee
1290 4676 1446 4738 desierunt.
1476 4682 1572 4729 contra
1598 4690 1663 4728 vera
1686 4673 1755 4728 haec

55 4755 110 4813 red
127 4756 213 4812 ctiam
232 4755 263 4812 iu
274 4755 419 4814 affinitate.
447 4758 524 4829 Ergo
535 4758 623 4813 multo
636 4758 726 4829 megia
736 4757 897 4828 prohibetur
922 4761 1082 4832 prohibitio,
1100 4761 1137 4815 de
1155 4776 1211 4814 non
1232 4761 1362 4815 ducenda
1381 4760 1473 4815 uxoria
1492 4776 1598 4825 acrore,
1614 4759 1651 4813 eit
1668 4759 1756 4828 epect-

53 4842 163 4913 primm
180 4841 273 4898 lineae
289 4842 416 4915 aequalia
433 4845 545 4915 gradun
581 4845 651 4900 Jure
669 4845 766 4900 divina
783 4845 896 4916 nuptiae
922 4849 978 4902 alie
995 4865 1059 4903 eum
1080 4847 1216 4901 duntaxat
1234 4862 1330 4900 carum
1348 4863 1529 4913 cancamum,
1559 4844 1671 4915 quando
1688 4861 1756 4899 uxor

53 4944 122 4984 cum
139 4926 290 4985 ddunctee
305 4928 399 4985 uxone
417 4945 511 4984 eorore
528 4929 682 4999 prohibitae
703 4946 763 4986 eeee
782 4931 895 4985 deman·
922 4933 1014 4988 adhue
1045 4932 1075 4987 in
1105 4931 1177 4987 vivie
1205 4937 1248 4988 eet
1279 4933 1441 5001 superatae?
1495 4937 1519 4988 t.
1550 4933 1597 4984 Ea
1629 4932 1758 4999 pancrati

52 5020 176 5069 minue
193 5014 378 5086 eeqamtibue
396 5014 593 5082 fundamentis,
610 5019 637 5072 1.
656 5032 690 5070 era
702 5017 813 5072 riberta
828 5035 895 5086 pro·
920 5020 1023 5088 rapula
1034 5019 1123 5074 Lerit.
1147 5024 1186 5088 18,
1205 5037 1231 5073 v.
1244 5025 1259 5074 6
1271 5037 1277 5070 :
1296 5019 1403 5072 Nrdiue
1417 5019 1536 5071 accedat
1548 5019 1609 5085 creir
1620 5019 1755 5070 raaimam

50 5101 192 5155 bibitione
209 5098 279 5157 Lev.
301 5105 344 5165 18,
360 5118 388 5157 v.
411 5106 456 5158 18:
490 5101 624 5156 Sororem
643 5103 741 5157 uuam}
759 5111 821 5158 tam
841 5121 897 5157 non
923 5107 1018 5160 carnia
1046 5122 1123 5159 cuae.
1169 5105 1234 5162 tem
1260 5121 1325 5160 vero
1350 5103 1465 5158 maritus
1490 5109 1518 5158 et
1537 5120 1605 5157 uxor
1623 5120 1672 5173 per
1692 5121 1751 5160 con-

51 5186 187 5255 accipter.
243 5184 318 5250 Quid
342 5186 378 5241 de
406 5186 518 5257 adjecta
544 5187 671 5243 clausula
697 5189 763 5257 epea
790 5190 897 5243 maante
919 5192 1031 5263 jugium
1047 5191 1120 5245 fiunt
1136 5209 1193 5244 una
1213 5208 1281 5245 caro
1300 5188 1402 5245 Gener.
1422 5195 1451 5254 2,
1476 5207 1500 5244 v.
1522 5195 1563 5245 tt.
1599 5188 1757 5257 Mettum,

49 5273 238 5329 etatuendum
255 5272 301 5339 eit,
318 5277 417 5343 poetea
434 5273 599 5329 monebitur.
632 5273 717 5330 Nulla
732 5274 761 5329 in
773 5281 831 5330 toto
849 5275 897 5330 illo
922 5296 946 5336 ν.
968 5286 991 5334 5.
1029 5278 1104 5350 Ergo
1124 5293 1201 5332 soror
1219 5277 1310 5331 uxoria
1327 5274 1453 5330 redditur
1469 5276 1595 5345 proxima
1611 5276 1712 5343 cernie,
1729 5282 1757 5331 et

50 5358 151 5430 eapite
174 5357 293 5414 habetur
313 5357 468 5424 conceeeio,
497 5360 546 5416 rad
574 5376 667 5416 merae
690 5360 897 5431 prohibitiones,
922 5381 972 5434 per
988 5379 1160 5433 consequeus
1177 5361 1214 5417 ab
1232 5362 1292 5432 ejue
1310 5359 1485 5416 matrimonio
1505 5361 1588 5417 debet
1609 5361 1755 5418 abstinere.

48 5445 92 5503 cd
121 5460 191 5515 quae
209 5445 295 5501 etiam
318 5445 439 5515 pertinet
457 5445 527 5503 hacc
544 5446 605 5517 ipea
638 5450 673 5501 de
691 5464 747 5501 non
764 5449 896 5502 ducendo
923 5449 1022 5504 Frater
1040 5456 1068 5504 et
1086 5465 1171 5515 eorar,
1191 5464 1225 5502 ac
1244 5445 1361 5517 pminde
1378 5447 1461 5501 etiam
1480 5448 1552 5502 duae
1566 5462 1671 5501 eororee
1691 5451 1757 5501 eunt

48 5532 153 5587 πονῶ
170 5546 278 5587 rorare.
317 5534 344 5589 1.
360 5533 408 5587 Eu
423 5532 571 5602 ippotbeei
586 5533 656 5601 iiia,
674 5533 750 5605 quod
767 5534 796 5589 in
814 5534 895 5591 Levi·
922 5554 980 5591 rina
995 5551 1064 5591 caro
1082 5533 1184 5593 eene.
1204 5539 1255 5605 et,
1278 5551 1305 5591 r.
1325 5538 1367 5589 21.
1386 5549 1453 5603 ergo
1471 5532 1600 5594 maritus,
1626 5531 1674 5600 till
1692 5546 1756 5585 eum
