4020 6022
783 204 835 261 na
853 203 1052 265 consueto.
1161 186 1167 201 '
1702 220 1758 279 ιιι

63 357 283 429 consauguineis
312 358 419 427 uxoris,
452 358 525 413 inter
556 374 625 430 quos
652 365 695 414 est
725 360 811 431 ipsius
837 353 999 415 tilia.¹saas
1023 364 1152 432 accedat,
1178 362 1279 435 quibus
1303 364 1395 421 verbis
1413 364 1442 421 in
1462 381 1564 439 genere
1592 364 1762 437 prohibetur,

64 442 142 499 Item
160 442 235 499 tiliae
254 444 345 500 uxoris
364 462 426 499 sum
445 445 505 501 loco
521 446 616 516 patris,
637 462 703 517 ergo
720 445 756 501 ab
785 462 820 502 ea
837 446 904 501 mihi
915 444 919 517 i
930 463 966 502 ue
982 448 1044 519 quis
1065 449 1149 504 ducat
1164 448 1366 521 propinquam,
1380 468 1451 523 quae
1464 452 1540 507 carui
1558 470 1625 508 suae
1637 454 1761 523 proxime

64 544 126 585 uon
144 529 234 585 miuus
253 530 448 587 abstinendum
473 549 556 602 quam
578 531 673 587 afilia
691 549 724 588 ex
744 550 787 588 me
800 534 902 605 genitu.
916 536 918 543 '
930 535 1143 607 appropinquet,
1163 537 1207 591 vul
1226 554 1339 592 carnem
1353 539 1449 593 carnis
1468 556 1551 609 asae,
1578 539 1607 593 id
1627 544 1670 595 est
1689 554 1761 612 quae

10 632 26 662 ι
69 618 94 672 7.
112 618 193 672 Filia
208 619 355 689 priripni5
390 622 413 673 8.
433 620 496 683 filia
523 622 682 690 prirlpnae.
724 621 829 676 Filiam
843 621 973 690 flliitvel
988 638 1020 677 ex
1040 638 1102 677 mea
1119 640 1201 679 carne
1219 629 1372 696 propagata
1390 630 1446 692 est,
1465 625 1510 679 rel
1527 642 1560 681 cx
1578 626 1658 696 cujus
1677 642 1761 681 earne

34 702 42 715 '
65 705 167 757 usmis
191 712 217 759 et
243 706 333 771 filiam
351 706 435 775 filiae
463 707 559 761 neoris
582 724 638 761 non
661 708 785 777 accipies
804 710 845 762 acl
862 722 983 779 re-2ego
1009 716 1178 783 propagatus
1205 727 1281 776 sum,
1312 712 1356 767 rel
1383 728 1454 784 quae
1478 727 1586 767 mecum
1612 728 1645 767 ex
1663 713 1761 767 eadem

65 791 221 845 celandam
237 794 393 846 nuditatem
410 794 486 861 ejas,
516 811 584 847 caro
604 802 653 848 tua
671 802 743 864 mint,
762 796 848 859 nefas
864 794 917 853 est!
930 812 1012 850 carue
1033 802 1188 868 propagata
1212 804 1269 867 est,
1299 796 1352 852 hoc
1377 804 1420 853 est
1438 797 1619 868 prohibentur
1643 797 1760 869 proximi

65 876 159 933 Levit
183 883 228 943 lt,
256 896 281 932 r.
311 885 350 934 l'l.
399 878 523 934 Pertinet
550 880 620 934 haec
637 880 788 951 prohibitio
808 881 843 936 ad
862 898 903 935 se·
930 882 1033 953 gradum
1051 885 1312 954 consanqninitalis,
1331 886 1396 939 item
1416 901 1486 954 quae
1498 889 1610 955 propter
1621 882 1759 939 carnalem

65 965 190 1017 eandam
207 968 328 1035 medam
346 965 376 1019 in
394 965 472 1017 linea
490 973 568 1019 recta
586 968 776 1024 descendente.
818 967 901 1022 Ratio
930 967 1149 1023 commixtionem
1180 986 1244 1023 cum
1275 970 1405 1041 proximis
1441 969 1652 1041 consanguineis
1682 969 1759 1024 facta

63 1049 262 1120 prohibitionis
292 1057 335 1108 est
363 1052 523 1117 manifesta,
557 1058 588 1107 ut
616 1054 688 1109 enim
718 1054 902 1126 appellatione
929 1060 971 1107 est
988 1053 1080 1107 carnis
1097 1070 1174 1111 meae
1193 1072 1270 1124 caro,
1301 1054 1355 1110 hoc
1373 1062 1415 1110 est
1433 1055 1614 1126 prohibentur
1641 1054 1758 1126 proximi

62 1137 155 1206 patris
187 1137 270 1192 etiam
303 1154 385 1207 arus,
415 1138 456 1192 sic
492 1138 678 1208 appellatione
710 1139 783 1196 filiae
819 1140 1033 1217 etiamlgradus
1052 1142 1214 1211 affinitatis,
1231 1149 1262 1196 ut
1281 1141 1365 1197 latius
1391 1148 1531 1197 ostensum
1549 1140 1604 1196 fuit
1624 1140 1758 1213 superius.

63 1223 158 1294 neptis
176 1224 340 1278 continetur.
372 1223 447 1295 Ergo
464 1230 496 1278 ut
516 1226 675 1296 conjugium
688 1243 750 1282 cum
765 1222 973 1333 prioipnaqsic
994 1242 1059 1297 ergo
1080 1227 1285 1283 concludimus:
1315 1228 1479 1300 Quicunque
1506 1228 1673 1299 generaliter
1696 1243 1759 1298 pro·

61 1309 159 1365 uxoris
172 1326 250 1366 meae
266 1310 331 1376 filia,
350 1310 390 1365 sic
405 1312 488 1366 etiam
509 1328 570 1366 cum
583 1314 733 1382 privinnae
759 1314 821 1377 filia
849 1330 897 1368 seu
926 1310 1016 1379 hibet,
1046 1328 1081 1367 ne
1105 1313 1166 1384 quis
1190 1314 1306 1370 accedat
1325 1314 1361 1367 ad
1384 1314 1554 1385 propinques
1575 1315 1665 1369 carnis
1683 1331 1758 1379 suae,

63 1394 161 1452 uxoris
187 1412 265 1453 meae
294 1404 378 1469 nepte
405 1396 472 1452 mihi
499 1399 677 1468 prohibitum.
727 1400 798 1454 Item
824 1400 901 1471 nepti
928 1397 951 1452 is
976 1414 1031 1451 nou
1055 1399 1114 1470 agit
1139 1400 1235 1455 stricte
1261 1404 1289 1455 et
1306 1400 1335 1453 in
1362 1400 1453 1471 specie
1474 1400 1607 1456 desertis
1626 1401 1757 1471 personis,

62 1482 160 1537 uxoris
189 1500 250 1537 sum
279 1483 339 1540 loco
368 1483 429 1549 avi,
463 1485 529 1557 quia
558 1502 627 1540 uxor
654 1492 697 1541 est
720 1485 807 1557 ipsius
837 1486 900 1541 aria
927 1483 975 1539 scd
994 1483 1050 1539 late
1070 1490 1098 1540 et
1114 1484 1142 1539 in
1162 1503 1264 1557 genere
1283 1485 1317 1542 de
1336 1485 1499 1555 aequalibus
1516 1486 1657 1558 gradibus.
1693 1486 1758 1543 lam

63 1586 135 1641 ergo
152 1568 189 1624 ab
206 1569 280 1626 illius
297 1571 401 1642 nuptiis
419 1570 622 1627 abstinendum.
912 1522 994 1681 :vero
1012 1570 1092 1626 Deus
1112 1589 1161 1643 per
1181 1572 1298 1644 Moysen
1318 1573 1484 1645 generaliter
1493 1572 1629 1644 prohibet,
1648 1590 1682 1629 ue
1696 1574 1758 1646 quis

102 1662 160 1711 trs.
197 1660 222 1711 9.
242 1658 331 1713 Soror
348 1660 453 1715 acoris.
497 1661 616 1715 Uxorem
641 1677 701 1713 cnm
723 1676 820 1714 sorore
838 1660 899 1728 ejus
926 1658 962 1712 ad
987 1658 1157 1730 propinquas
1180 1660 1271 1714 caruis
1298 1676 1365 1714 suae
1383 1660 1513 1725 accedat,
1546 1659 1603 1713 sive
1623 1660 1679 1713 sint
1696 1675 1758 1730 pro-

61 1760 124 1798 non
149 1744 272 1815 aempies
294 1747 336 1799 acl
360 1745 553 1801 lacessendum
575 1748 616 1800 acl
640 1747 821 1800 revelandam
849 1764 899 1799 na·
925 1744 1046 1817 pinquae
1074 1745 1165 1800 carnis
1184 1764 1234 1816 per
1252 1746 1394 1801 carnalem
1421 1746 1639 1816 perorationem,
1668 1744 1758 1801 idest

61 1830 183 1885 ditatam
201 1831 263 1900 ejus
280 1849 364 1902 super
384 1850 445 1887 eam
463 1835 493 1888 in
511 1836 570 1889 cita
588 1836 651 1903 ejas
662 1833 729 1890 Lea.
753 1838 792 1899 ta,
813 1850 839 1891 v.
857 1839 898 1889 18.
926 1830 1034 1886 ratione
1052 1832 1315 1903 consanguinitatis3
1338 1833 1396 1887 sire
1412 1848 1463 1903 per
1480 1832 1623 1885 carnalem
1641 1832 1757 1901 copula-

59 1914 219 1974 Prohibitio
250 1918 320 1974 haec
350 1920 470 1990 pertinet
501 1920 537 1975 ad
561 1921 687 1990 primam
716 1923 836 1989 pradum
868 1922 898 1974 in
925 1920 1042 1986 tionem,
1073 1918 1101 1972 id
1133 1924 1175 1974 est
1202 1918 1311 1975 ratione
1339 1916 1497 1983 affinitatis3
1527 1917 1584 1973 sive
1610 1917 1665 1972 sint
1687 1935 1755 1972 caro

60 2004 143 2058 linea
167 2004 329 2059 collaterali
350 2008 472 2076 aequali.
522 2006 604 2061 Ratio
628 2006 820 2077 prohibitionis
848 2012 897 2073 est,
925 2006 1021 2060 cornis
1039 2024 1141 2077 snpra,
1172 2013 1204 2062 ut
1220 2013 1309 2062 mater
1325 2013 1354 2062 et
1369 2007 1444 2073 avia,
1462 2005 1519 2059 sire
1538 2006 1632 2075 infra,
1650 2011 1682 2059 ut
1697 2004 1756 2060 tilia

64 2090 136 2162 quia
153 2106 170 2145 a
186 2091 318 2161 proximis
334 2094 545 2165 consanguineis
563 2094 655 2149 uxoris
671 2093 739 2148 mihi
757 2092 896 2147 abstinen-
924 2100 951 2148 et
969 2093 1074 2163 neptis,
1094 2094 1151 2149 sive
1169 2096 1211 2148 acl
1228 2095 1333 2164 later-a,
1358 2099 1390 2149 ut
1403 2110 1487 2150 soror.
1534 2092 1603 2147 Item
1622 2092 1709 2163 patris
1727 2100 1756 2148 et

62 2176 148 2240 dum;
171 2178 231 2248 jam
263 2195 328 2234 vero
358 2178 387 2233 in
414 2181 619 2252 propinquitate
649 2180 800 2236 collaterali
822 2196 898 2234 soror
924 2179 1020 2234 matris
1037 2195 1121 2235 soror.
1158 2180 1233 2253 Ergo
1250 2199 1305 2237 non
1323 2180 1382 2252 agit
1401 2180 1496 2235 stricte
1515 2179 1583 2233 etin
1603 2179 1696 2250 specie
1717 2178 1752 2235 de

62 2280 186 2319 sororem
221 2265 344 2335 proxime
380 2266 499 2338 attingit.
551 2269 620 2323 Item
657 2285 711 2322 nou
749 2267 814 2322 licet
848 2266 897 2318 uui
924 2266 1005 2321 certis
1025 2268 1158 2338 personis,
1177 2268 1226 2324 sed
1246 2268 1302 2323 late
1321 2274 1349 2323 et
1363 2268 1391 2322 iu
1412 2284 1514 2339 genere
1539 2266 1573 2320 de
1591 2266 1754 2336 aequalibus

61 2350 186 2407 feminae
203 2350 311 2405 duobus
328 2351 460 2407 fratribus
477 2354 589 2413 nubere.
610 2360 643 2407 ut
661 2371 694 2408 ex
707 2354 769 2426 lege
783 2352 896 2423 speciali
909 2378 912 2449 q
923 2352 1056 2421 gradibus
1074 2359 1103 2408 et
1120 2371 1169 2425 per
1202 2369 1373 2424 consequeus
1406 2351 1533 2423 specialia
1552 2350 1600 2405 illa
1617 2357 1754 2405 certarum

62 2442 165 2509 quarta
192 2436 378 2497 manifestum.
425 2439 500 2512 Ergo
533 2457 584 2494 nec
610 2440 706 2495 licebit
738 2441 797 2494 viro
827 2439 896 2493 duas
923 2454 1101 2509 personarum
1128 2439 1295 2495 enumeratio
1322 2456 1376 2493 uon
1405 2444 1446 2493 est
1471 2437 1507 2491 ad
1531 2436 1593 2491 illas
1618 2436 1754 2493 duntaxat

61 2540 170 2578 sorores
189 2523 299 2579 ducere.
344 2525 475 2581 Clausula
494 2526 542 2581 illa
560 2528 674 2601 'Time
694 2529 724 2581 in
740 2528 804 2581 adis
827 2527 896 2595 ejus,
922 2540 1053 2593 personas
1072 2524 1283 2596 adstringenda,
1300 2524 1350 2578 sed
1369 2525 1405 2578 ad
1426 2539 1484 2588 eat,
1502 2538 1573 2593 quae
1593 2522 1621 2577 in
1641 2523 1750 2595 aequali

62 2610 247 2665 diversimode
265 2611 418 2682 exponitur.
448 2612 704 2685 Fagiusiuc.18.
730 2614 797 2669 Lea.
833 2611 896 2667 Bcl·
922 2611 1012 2681 gradu
1038 2612 1299 2684 propinquassent,
1320 2610 1499 2665 extendenda.
1534 2611 1560 2665 2.
1585 2610 1613 2664 A
1631 2611 1753 2664 rationis

59 2698 195 2753 larminus
219 2696 255 2753 de
278 2698 395 2756 matrim.
423 2716 446 2754 c.
474 2705 513 2755 27.
538 2718 597 2771 arg.
618 2706 642 2755 3.
661 2706 689 2755 et
717 2700 830 2773 quidam
848 2644 1054 2811 alii'iparitate.
1090 2698 1146 2755 Ubi
1166 2714 1217 2769 par
1231 2698 1315 2751 ratio.
1347 2696 1387 2751 ibi
1404 2695 1477 2749 idem
1493 2695 1549 2765 jus.
1597 2696 1686 2768 Atqui
1710 2702 1752 2752 est

58 2798 124 2839 eam
150 2783 246 2838 volunt
273 2801 332 2839 esse
356 2787 555 2855 restrictiorem,
581 2794 616 2865 'ut
635 2787 672 2842 sit
695 2803 804 2851 sensus,
835 2791 894 2839 tum
921 2800 972 2855 par
983 2786 1053 2840 ratio
1069 2801 1255 2855 personarum,
1272 2799 1343 2855 quae
1357 2782 1464 2837 disertis
1475 2782 1568 2838 vorbis
1587 2781 1615 2837 in
1628 2782 1752 2840 Levitico

57 2870 172 2925 demum
195 2870 267 2925 hanc
286 2871 500 2942 prohibitionem
519 2872 554 2927 de
573 2892 628 2929 non
659 2873 785 2928 ducenda
801 2871 894 2927 uxoris
920 2879 986 2925 sunt
1014 2886 1178 2943 expressae,
1206 2878 1233 2925 et
1263 2887 1371 2935 eanum,
1404 2885 1475 2940 quae
1498 2869 1595 2925 eodem
1619 2886 1652 2925 ac
1669 2869 1750 2941 parili

57 2973 155 3012 sorore
172 2955 262 3012 locum
289 2956 391 3013 habere
421 2959 537 3025 debere,
566 2959 677 3031 quando
704 2978 775 3014 aroc
801 2959 894 3013 adhue
920 2958 1009 3029 gradu
1034 2974 1094 3013 sese
1113 2956 1230 3011 invicem
1248 2956 1420 3027 contingunt.
1472 2956 1548 3010 Uror
1572 2956 1645 3012 enim
1664 2974 1750 3011 anun·

59 3052 104 3098 cst
132 3045 162 3097 ia
187 3044 274 3109 aistis,
305 3062 339 3100 ea
368 3061 433 3100 vero
453 3044 585 3101 defuncta
607 3046 818 3117 prohibitionem
848 3062 892 3100 ex·
920 3047 980 3099 cali
1009 3045 1106 3099 eodem
1135 3043 1241 3097 scilicet
1270 3042 1391 3097 secundo
1413 3041 1501 3097 lineae
1527 3042 1692 3099 collateralis
1708 3043 1747 3097 iu-

56 3130 196 3203 spirasae,
227 3148 283 3203 qua
307 3132 342 3189 de
364 3151 394 3189 re
421 3133 488 3205 quid
506 3134 683 3190 statuendum
703 3134 740 3188 sit
755 3174 761 3198 ,
779 3131 1044 3203 inferius-aequalis
1066 3131 1158 3202 gradu
1183 3129 1250 3184 mihi
1272 3130 1373 3199 juncta
1395 3138 1449 3196 est,
1474 3148 1529 3201 quo
1555 3148 1627 3185 uror
1640 3134 1748 3201 patrui,

57 3216 232 3288 dispiciatur.
918 3236 970 3273 nec
988 3217 1075 3272 ullum
1094 3216 1138 3272 hic
1157 3216 1253 3271 subest
1271 3216 1432 3282 discrimen,
1461 3216 1514 3270 nisi
1534 3218 1609 3288 quod
1626 3214 1748 3273 affinitas

10 3298 38 3391 ff·
95 3310 155 3359 2l5.
196 3303 275 3359 Haec
321 3321 388 3377 ergo
425 3304 459 3358 de
497 3305 666 3375 specialibus
700 3303 892 3375 prohibitionis
918 3322 981 3360 cum
1000 3321 1083 3360 uxore
1109 3303 1240 3359 avunculi
1263 3320 1295 3357 ex
1314 3302 1387 3358 linea
1404 3302 1577 3375 cognationis
1600 3311 1748 3374 maternae,

10 3390 358 3460 {divinaelspibnstum
372 3350 1039 3461 consanpninitatsm,tumaffinitatemiaffiuitas
1067 3407 1128 3444 cum
1155 3406 1240 3445 uxore
1262 3388 1354 3461 patrui
1377 3407 1409 3444 ex
1426 3387 1500 3444 linea
1523 3390 1679 3461 agnationis
1700 3409 1749 3463 pa·

10 3464 31 3546 ζ
55 3478 290 3535 concernentibus
308 3478 383 3533 dicta
400 3478 462 3545 sint,
483 3495 554 3550 quae
573 3479 664 3535 omnia
681 3478 770 3534 tribus
787 3477 892 3533 includi
904 3452 907 3555 i
918 3488 1013 3535 ternae
1037 3475 1188 3534 descendit.
1236 3476 1275 3530 At
1296 3476 1370 3531 linea
1395 3482 1526 3547 pateruae
1545 3476 1590 3532 vel
1607 3482 1748 3535 maternae

10 3568 177 3651 &possm
206 3564 318 3637 regulis.
369 3569 391 3618 l.
419 3564 454 3618 ln
480 3566 556 3619 linco
579 3574 657 3619 recta
681 3565 753 3619 inter
777 3563 1091 3639 elstan-'cognationis
1126 3579 1182 3617 non
1216 3563 1305 3617 variat
1348 3564 1597 3634 consanguinitatis
1633 3565 1746 3637 gratim

55 3654 157 3707 &rues
181 3659 207 3705 et
237 3653 432 3707 descendentes
454 3653 597 3721 prohibita
625 3661 689 3707 sant
714 3652 891 3707 matrimonia
917 3653 992 3725 Ergo
1023 3652 1095 3706 idem
1116 3652 1163 3720 jus
1186 3649 1333 3720 utrobique
1357 3656 1431 3704 recte
1449 3649 1585 3706 statuitur.
1636 3650 1747 3722 Moyses

54 3739 88 3791 in
114 3739 247 3808 omnilm,
279 3746 410 3809 qrsotqnot
438 3741 582 3793 iinmerari
603 3747 720 3811 possunt
744 3740 889 3809 praelibas.
918 3739 946 3792 in
996 3756 1047 3793 sua
1096 3735 1301 3806 computatione
1352 3751 1402 3806 pro
1452 3735 1577 3807 exemplo
1625 3736 1746 3807 prohibi·

53 3828 86 3882 a.
105 3824 143 3879 In
160 3826 237 3879 linea
251 3824 414 3879 collaterali
426 3825 572 3893 prohibita
591 3834 655 3880 sont
666 3826 844 3881 matrimonia
861 3826 890 3879 in
916 3825 998 3879 tionis
1022 3822 1137 3877 adducit
1158 3838 1263 3878 marem
1281 3828 1309 3877 et
1330 3821 1460 3877 describit
1478 3821 1611 3893 feminas,
1637 3839 1655 3878 a
1679 3840 1747 3894 qua·

52 3914 154 3983 maala
175 3914 272 3981 primo
303 3910 396 3966 lineae
427 3912 556 3983 amicalis
588 3921 613 3966 et
644 3915 738 3981 prada
769 3915 889 3967 secundo
916 3929 977 3965 rum
995 3908 1125 3981 conjugio
1143 3909 1282 3964 abstinere
1300 3908 1388 3963 debet.
1445 3908 1510 3963 Pari
1529 3908 1614 3980 igitur
1638 3910 1745 3965 ratione

52 3999 151 4054 lineae
169 3998 335 4067 inaequalis.
367 4000 393 4054 3.
415 3997 493 4060 Quae
508 3997 664 4069 prohibitio
683 3999 757 4053 valet
777 4000 807 4052 in
826 4016 889 4053 oon·
915 3998 980 4052 licet
1003 4012 1105 4066 ponere
1129 3995 1260 4050 feminam
1286 3999 1314 4049 et
1346 4009 1477 4067 quaerere
1501 3992 1558 4049 κατ’
1582 3992 1745 4068 ἀναλογίαν,

50 4082 258 4153 conquisitam,
285 4086 382 4139 eadem
409 4085 493 4139 ctiam
511 4086 602 4140 locam
626 4087 729 4139 obtinet
743 4087 773 4139 in
792 4084 932 4155 affini-,ia
953 4100 1069 4156 quorum
1088 4082 1219 4154 conjugio
1237 4080 1285 4135 illa
1304 4079 1355 4135 sibi
1377 4080 1477 4135 debeat
1495 4087 1663 4153 temperare,
1680 4100 1744 4138 cum

52 4180 125 4227 tale.
175 4170 353 4243 Consequens
379 4172 440 4242 jam
469 4177 526 4242 est,
561 4178 592 4227 ut
612 4173 646 4227 dc
673 4173 888 4244 prohibitionum
914 4171 1061 4242 utrobique
1090 4170 1126 4224 sit
1156 4186 1208 4241 par
1231 4168 1317 4231 ratio,
1348 4168 1420 4221 idem
1445 4168 1563 4241 medus,
1591 4169 1664 4225 idern
1687 4171 1743 4241 jus.

52 4260 154 4317 harum
185 4258 332 4314 latitudine
363 4259 521 4327 videamus,
550 4275 584 4316 ea
612 4276 678 4315 vero
707 4260 834 4315 consistit
852 4262 887 4333 ‚in
913 4258 1023 4331 Regula
1036 4257 1107 4328 juris
1135 4263 1178 4312 est
1206 4254 1341 4325 aequitati
1364 4254 1483 4310 naturali
1501 4262 1693 4326 consentanea,
1712 4262 1745 4311 ut

54 4346 167 4403 duobus
184 4346 336 4418 capitibus:
369 4352 391 4401 t.
410 4353 442 4400 ut
459 4346 673 4413 demonstretur,
704 4365 751 4403 eas
769 4367 825 4403 non
844 4352 887 4404 acl
914 4347 1029 4417 inpari
1046 4344 1221 4415 capitationis
1242 4344 1336 4413 prada
1349 4358 1407 4413 par
1424 4342 1552 4412 idemque
1565 4343 1617 4413 jas
1635 4352 1742 4399 statua-

49 4450 195 4505 personas
209 4440 316 4487 tantam
335 4448 462 4504 expresse
481 4433 707 4503 nominatas,secl
720 4437 761 4487 asi
779 4439 886 4506 prodas
913 4443 973 4515 trip,
996 4434 1089 4505 sicque
1114 4446 1185 4503 quae
1210 4447 1344 4501 personae
1370 4430 1398 4484 in
1420 4430 1511 4485 verbis
1538 4432 1608 4505 legis
1626 4432 1744 4487 omissae

52 4520 209 4595 patinas,
240 4525 264 4575 2.
282 4535 337 4574 uon
357 4519 393 4573 ad
407 4519 545 4589 populum
568 4523 705 4575 densarat
722 4522 886 4592 Jaclaicum,
913 4528 986 4586 stunt,
1007 4537 1056 4576 eac
1074 4518 1144 4589 legis
1169 4518 1305 4574 sententia
1328 4517 1411 4573 tacite
1431 4518 1623 4589 comprehendi
1641 4516 1743 4573 iutelli-

52 4608 104 4665 red
136 4623 232 4660 omnes
263 4606 373 4660 omuino
409 4606 532 4661 leminea
569 4614 703 4678 spectare.
752 4608 886 4680 Apprime
913 4613 1020 4679 gantur.
1058 4610 1085 4662 3.
1104 4606 1131 4658 Λ
1150 4612 1331 4673 consequente
1351 4606 1532 4659 absurditate.
1565 4605 1595 4660 si
1611 4620 1742 4675 personas

53 4694 130 4751 euim
159 4691 210 4748 hoc
242 4692 301 4747 loco
338 4691 507 4759 notandum,
535 4708 591 4747 nou
627 4698 734 4747 tautum
761 4694 796 4749 ad
824 4694 886 4750 illas
913 4700 1030 4759 tantum,
1048 4706 1165 4761 quarum
1179 4708 1308 4761 expressa
1328 4692 1357 4745 iu
1368 4691 1430 4763 lege
1441 4692 1563 4747 Moesica
1579 4691 1611 4745 fit
1629 4690 1742 4762 mentio,

48 4796 202 4853 personas,
220 4792 335 4849 quarum
357 4779 432 4849 apud
450 4779 570 4848 Moysen
590 4794 718 4850 expressa
735 4780 968 4853 litmcntio,¹non
999 4785 1091 4833 autem
1134 4778 1351 4849 aequidistantes
1388 4780 1491 4852 mdes
1517 4777 1665 4849 prohibitio
1694 4778 1742 4833 illa

49 4865 271 4941 prohibitionem
290 4864 364 4920 illam
380 4864 551 4920 referendam
565 4869 594 4919 ct
607 4867 801 4922 coarctandam
818 4884 888 4939 esse,
899 4830 903 4943 i
913 4872 1103 4934 conseruerat,
1123 4865 1238 4935 nuptiae
1255 4864 1345 4921 forent
1364 4882 1510 4922 coucmsac
1529 4865 1601 4921 inter
1618 4872 1741 4936 nepotem
1754 4896 1793 4940 xv
1810 4894 1857 4939 ῃ,

51 4954 105 5011 sed
126 4951 165 5007 ad
182 4951 303 5024 reliquas
321 4967 461 5022 personae,
480 4966 551 5023 quae
569 4952 701 5024 imaeque
722 4954 884 5027 propinquis
899 4958 942 5041 iet
959 4955 1067 5023 auiam,
1090 4952 1163 5006 inter
1180 4968 1263 5005 amem
1287 4958 1316 5007 et
1329 4960 1506 5023 proneptem,
1532 4951 1604 5007 inter
1619 4953 1743 5019 fratrem

47 5040 195 5117 proditus
206 5038 390 5110 reperiuntur,
403 5038 571 5094 dilatandam
584 5045 668 5111 atque
685 5043 885 5099 extendendam
899 5052 902 5077 ¹
914 5048 942 5099 et
958 5057 1082 5095 sororem
1102 5054 1263 5107 permanans
1281 5040 1369 5109 (juxta
1390 5038 1560 5110 quorumdam
1581 5039 1742 5111 interpreta-

48 5145 134 5197 esse,
155 5126 230 5198 qnod
251 5142 314 5180 cum
331 5142 349 5180 a
366 5125 531 5197 quibusdam
551 5134 681 5198 negetur,
700 5130 885 5201 'sequeutibus
912 5130 1038 5199 tionem),
1063 5128 1133 5182 inter
1150 5126 1241 5193 filiam
1259 5126 1365 5179 sororis
1386 5133 1411 5179 ct
1429 5126 1607 5193 arunculam,
1631 5127 1660 5180 in
1678 5142 1741 5181 con-

45 5212 249 5275 confirmatum
274 5213 371 5268 damus
395 5214 579 5287 argumentis:
612 5219 636 5270 1.
653 5235 672 5269 a
690 5218 887 5286 prohibitionis
913 5216 1115 5292 sanguinitate;
1141 5214 1212 5269 iuter
1234 5213 1396 5284 prisipnnm
1426 5219 1454 5269 et
1479 5230 1684 5283 pronorsrcam
1713 5214 1743 5267 in

44 5300 250 5379 psasralitats.
290 5300 365 5355 Ante
383 5301 530 5373 specialem
554 5316 732 5374 personarum
751 5312 886 5360 emtarum
912 5307 1062 5375 affinitate,
1091 5302 1157 5376 quia
1182 5300 1279 5356 talium
1296 5312 1475 5371 personarum
1493 5315 1548 5354 uon
1564 5298 1596 5353 fit
1613 5316 1743 5372 expressa

44 5386 298 5461 eomanguinitate
307 5386 353 5442 vel
362 5387 498 5443 affinitate
504 5391 663 5461 junctarum
673 5390 887 5461 prohibitionem
913 5393 942 5447 in
959 5392 1035 5448 hisce
1058 5390 1167 5462 legibus
1192 5387 1302 5442 mentio.
1350 5384 1404 5441 Sed
1431 5401 1600 5457 consequens
1628 5394 1671 5442 est
1696 5387 1744 5442 ab

43 5474 246 5555 praemittitur
263 5473 306 5529 lex
319 5475 468 5546 generalis:
490 5477 594 5530 Nullas
611 5479 652 5531 ml
664 5494 774 5530 carnem
792 5480 888 5531 carnis
914 5480 1037 5533 surdum.
1059 5478 1134 5547 Ergo
1153 5480 1181 5529 et
1198 5464 1370 5528 antecedens.
1397 5472 1527 5539 Quinimo
1544 5472 1567 5525 si
1583 5473 1645 5544 quis
1663 5474 1743 5544 Juxta

105 5570 216 5615 wiardi
228 5569 278 5613 loci.
295 5569 342 5615 VII·
1376 5580 1403 5631 ῃ
