4028 6030
809 246 862 303 DE
880 245 1085 307 consumor
1725 258 1784 316 tat

91 404 172 458 sarri
186 404 312 473 meina,
334 411 384 459 cut
395 422 452 478 per
463 404 673 475 professionem
698 419 859 473 erprsssan
885 397 929 456 nel
957 402 1256 469 montaneorum
1266 408 1319 460 eta.
1336 402 1449 461 disttt.
1462 420 1485 460 a
1499 400 1666 473 Nuptiarum
1672 406 1749 476 atq.
1765 411 1786 461 1.

92 491 213 546 tacitam
236 493 344 555 saetam
371 493 464 548 alicui
491 495 527 547 de
553 491 738 561 rslipiaaiias
750 504 806 561 per
834 490 928 543 sedem
956 488 1002 543 cui
1018 507 1075 544 non
1095 490 1188 562 potuit
1205 489 1391 546 Bellarminus
1410 489 1492 545 aliter
1509 488 1684 560 respondere,
1704 504 1786 560 quam

92 578 283 648 apostoticam
315 578 490 648 approbatis.
533 579 661 648 Reliqua
687 594 753 632 aero
782 583 848 631 roto
876 573 929 629 uss·
956 573 1031 645 quod
1049 574 1152 631 natira
1164 576 1787 647 jurisiitiuseealesiastieiadslupustinnm

93 664 262 731 mundoque
284 661 494 717 matrimonium
524 662 684 731 impediant
708 661 929 716 contrabendum
956 677 1012 714 non
1025 663 1192 730 peruenerit.
1216 662 1331 719 Utinam
1342 680 1408 719 vero
1421 663 1520 719 notitia
1539 662 1613 717 illius
1629 661 1702 732 juris
1718 680 1788 720 uun·

93 754 121 801 st
141 756 247 817 quanto
271 749 451 813 manifestim
474 756 539 803 sum
562 751 679 815 amasa,
710 756 786 802 tanto
810 754 931 818 propter
956 762 1040 818 quam
1058 748 1096 803 ad
1117 749 1262 805 ecclesiam
1279 750 1456 821 pervenisset,
1480 766 1543 805 cum
1571 749 1666 805 diune
1689 755 1719 805 et
1739 766 1788 804 ns·

90 836 221 903 plurium
237 836 407 890 scandalum
424 844 451 890 et
468 835 623 905 exemptum
641 834 742 889 durior
755 833 930 906 poenitentia
957 834 1041 890 turali
1057 834 1117 906 juri
1133 835 1304 907 adversetur,
1330 843 1362 892 nt
1387 842 1484 909 postea
1498 835 1682 893 ostendemus.
1720 835 1789 892 Cre·

94 923 350 989 tramprmsoritsss
378 922 527 986 debeam,
556 938 613 975 nan
643 928 736 976 tamen
769 920 930 973 rmeindere
956 921 1050 991 gorius
1068 920 1147 992 epist
1166 927 1206 978 39.
1225 928 1254 978 et
1271 922 1391 978 habetur
1407 941 1432 980 o.
1452 923 1523 980 Sunt
1532 922 1580 994 qui
1588 927 1643 979 cte.
1653 927 1694 979 27.
1711 940 1738 994 q.
1757 929 1787 978 2:

90 1015 208 1077 possent
238 1008 421 1061 matrimonia
445 1015 514 1077 past
542 1015 694 1063 emuncta.
741 1004 830 1077 Atqui
856 1005 930 1060 aiax
958 1006 1033 1062 Sunt
1051 1010 1103 1076 qni
1118 1009 1222 1077 dieunt,
1251 1010 1399 1079 relipionis
1422 1010 1518 1078 pratia
1536 1008 1672 1079 eonjupia
1690 1008 1790 1062 debere
1895 996 1902 1003 ⁸

95 1094 156 1149 sola
180 1093 314 1149 ecclesiae
336 1093 531 1148 coornatione
555 1094 615 1148 voti
641 1092 793 1149 solennitas
826 1097 869 1147 est
882 1091 929 1154 iu·
958 1093 1084 1163 dissoloi,
1114 1110 1209 1148 onum
1233 1097 1377 1150 sciendum
1400 1104 1455 1165 est,
1482 1097 1510 1151 si
1533 1096 1579 1151 ies
1595 1096 1648 1149 lac
1667 1094 1791 1149 bumana

94 1184 194 1249 venta,
225 1180 322 1251 ntique
347 1178 430 1234 etiam
458 1195 492 1234 ex
516 1181 575 1234 solo
600 1179 734 1236 ecclesiae
754 1178 865 1234 decreto
882 1177 930 1232 de·
958 1180 1101 1245 concessit,
1120 1181 1165 1235 lea
1182 1190 1275 1236 tamen
1292 1183 1391 1238 dimna
1404 1182 1557 1252 probibuit.
1592 1183 1699 1236 Perse
1717 1184 1790 1237 enim

94 1266 217 1338 pendet,
245 1265 319 1337 quod
348 1269 442 1321 votum
462 1264 576 1321 solenne
591 1266 776 1321 continentiae
794 1264 932 1319 matrimo-
957 1267 1062 1321 sardas
1070 1268 1234 1338 dicitquod
1244 1269 1488 1339 Demeonjsenait
1506 1275 1655 1324 tomonon
1667 1277 1788 1339 separet.

98 1354 176 1407 nium
200 1359 264 1423 post
291 1350 358 1406 illud
379 1358 551 1407 contractum
579 1352 687 1406 irritum
711 1351 828 1419 reddat,
857 1349 931 1422 qnod
959 1360 984 1410 4.
1003 1353 1239 1425 Distinguendum
1256 1355 1329 1411 inter
1345 1354 1463 1410 concilia
1483 1356 1637 1409 ornatiora
1654 1364 1681 1409 st
1697 1372 1790 1410 reeen-

97 1456 154 1494 non
172 1438 258 1493 iaciat
274 1444 369 1492 votum
392 1436 519 1508 simplex,
536 1438 711 1494 Lombardus
729 1445 754 1494 l.
781 1441 850 1491 sent.
869 1434 932 1491 dist.
959 1441 1041 1494 tiara.
1080 1440 1240 1498 Vetustiora
1268 1446 1366 1512 utpote
1391 1439 1557 1497 Toletannm
1584 1448 1614 1497 et
1638 1441 1789 1498 Chalcedo-

99 1531 143 1580 at.
173 1524 377 1579 matrimonium
406 1530 471 1594 post
499 1530 594 1579 votum
619 1524 735 1595 simplex
760 1528 932 1578 conuectum
959 1541 1044 1580 nense
1061 1542 1238 1598 nequequam
1257 1526 1327 1582 illud
1350 1533 1485 1595 statuunt,
1512 1527 1587 1598 quod
1607 1527 1791 1583 Bellarminm

98 1611 163 1666 ideo
181 1627 237 1664 non
255 1610 346 1666 dirimi
359 1610 466 1678 asserit,
488 1611 557 1679 quia
573 1610 796 1681 naspksmtum
811 1609 934 1679 protare·
959 1612 989 1667 in
1006 1612 1046 1667 eis
1065 1612 1150 1667 statui
1168 1614 1278 1677 meent,
1298 1618 1330 1669 ut
1348 1614 1374 1668 d.
1393 1614 1411 1667 l.
1428 1613 1605 1678 ostendimus,
1629 1613 1679 1670 sed
1695 1615 1789 1685 poeni·

96 1717 156 1753 non
169 1706 271 1767 potest.
310 1704 334 1751 t.
351 1696 500 1752 Distinctio
521 1696 583 1765 illa,
613 1697 687 1768 quod
704 1703 799 1750 votnm
816 1694 932 1765 simplex
958 1696 1074 1753 mutiam
1095 1703 1206 1754 tantum
1231 1699 1401 1756 nubentibus
1424 1705 1488 1771 post
1513 1704 1609 1755 votum
1625 1699 1807 1772 inJangtmt3.

95 1786 133 1840 sit
162 1790 271 1839 tantum
298 1785 450 1854 promissio
480 1787 517 1839 de
544 1787 659 1851 fruare,
693 1789 788 1837 votum
820 1782 932 1836 solenne
958 1784 1120 1855 recentiora,
1139 1791 1217 1842 utet
1240 1786 1402 1857 pontificum
1425 1787 1538 1842 decreta
1566 1804 1623 1843 uon
1643 1804 1788 1844 mommur.

97 1871 216 1926 ‹lanatio
234 1872 270 1924 dc
287 1878 449 1940 praesente,
473 1877 551 1927 caret
568 1870 642 1926 omni
660 1869 842 1925 fundamento
860 1867 931 1923 Scri·
958 1869 1116 1941 Cyprianus
1133 1877 1256 1927 noemam
1278 1872 1372 1942 potius
1391 1871 1535 1929 confirmat
1552 1873 1724 1940 seutentiam,
1749 1873 1790 1929 uti

95 1964 205 2029 pturae.
255 1955 374 2021 Quando
402 1956 476 2011 enim
505 1956 649 2028 promissio
680 1968 832 2027 perpetuae
866 1971 931 2010 con·
958 1956 1055 2011 itidem
1088 1957 1116 2013 d.
1137 1956 1154 2010 1.
1173 1958 1428 2013 demomtravimus⁴
1476 1958 1521 2014 Ac
1536 1976 1672 2031 perquam
1695 1958 1791 2015 absur-

97 2043 234 2098 tinentiae
256 2041 345 2097 libera
362 2042 505 2098 voluntate
523 2042 628 2099 fitDeo
648 2041 847 2099 excellentioris
865 2040 931 2096 boni
959 2042 1026 2097 dum
1046 2047 1097 2112 est,
1134 2042 1208 2115 quod
1232 2044 1417 2099 Bellarminus
1434 2043 1460 2098 h.
1480 2045 1498 2100 l.
1523 2044 1628 2111 scribit,
1664 2046 1791 2115 qrsamois

96 2129 190 2201 gratia
221 2132 315 2199 (quam
341 2128 552 2198 promissionem
579 2134 674 2184 votum
701 2128 844 2199 simplex),
872 2134 931 2181 tum
957 2128 1012 2193 ilii,
1030 2147 1092 2183 eum
1109 2129 1208 2198 quibus
1225 2146 1327 2184 sacrm
1345 2130 1468 2199 cirpines
1488 2132 1669 2199 mitram,
1686 2149 1744 2186 non
1760 2147 1791 2184 se

96 2234 155 2272 non
180 2222 290 2270 tantum
316 2221 360 2271 est
386 2214 531 2285 promissio
559 2215 595 2270 de
620 2213 729 2282 futuro,
762 2213 812 2269 sed
849 2213 931 2269 mam
957 2217 1076 2270 maritos
1093 2232 1191 2270 earum
1209 2217 1342 2285 diemout,
1373 2224 1466 2271 tamen
1494 2218 1571 2272 Mna
1597 2218 1736 2286 indiciam
1754 2219 1792 2270 ris

96 2302 211 2357 donatio
237 2301 273 2356 de
297 2308 455 2372 praesente,
483 2302 549 2373 quia
572 2302 635 2356 talis
655 2317 773 2372 persona
792 2317 825 2355 ex
843 2299 930 2370 hypo·
957 2301 1017 2357 tilis
1037 2301 1196 2373 Opprimat
1210 2304 1332 2372 fecisset,
1348 2304 1376 2356 n·
1392 2319 1422 2357 ee
1439 2305 1557 2358 maritos
1579 2319 1678 2357 aarum
1699 2305 1791 2373 proti-

98 2388 169 2444 thesi
190 2387 400 2442 Pontificiorum
419 2388 506 2443 tradit
523 2406 553 2444 se
571 2387 601 2442 in
626 2404 755 2459 sponsam
774 2386 883 2442 Christo
903 2390 932 2440 et
957 2389 1013 2442 teri
1027 2388 1186 2445 noluissent.
1230 2389 1305 2446 Num
1321 2405 1387 2445 vero
1407 2389 1482 2446 idem
1500 2389 1647 2460 flagitium,
1666 2388 1692 2442 si
1709 2388 1789 2459 virgo

97 2473 241 2545 spirituale
260 2474 463 2529 matrimonium
481 2491 543 2528 cum
566 2490 598 2528 eo
624 2472 777 2539 contrahit3
806 2470 931 2542 quamvis
959 2490 1039 2529 sacra
1057 2480 1193 2531 scortator
1212 2479 1240 2530 et
1252 2474 1275 2529 si
1287 2476 1493 2530 matrimonium
1509 2475 1608 2530 ineat?
1632 2474 1790 2546 Cyprianus

96 2577 164 2631 ergo
189 2577 244 2615 non
269 2560 404 2615 accedant
426 2558 606 2614 solennitates
632 2574 666 2613 ex
684 2558 817 2614 eeclesiae
833 2557 934 2612 consti·
958 2560 1061 2617 ibidem
1079 2559 1150 2615 illud
1169 2560 1272 2616 diserte
1295 2566 1386 2633 negat.
1423 2561 1533 2627 Basilii,
1552 2560 1740 2631 chrysostomi
1761 2566 1790 2615 et

98 2647 207 2702 tutione
233 2647 377 2710 inventae,
410 2645 463 2715 ipsi
489 2652 583 2699 mmen
611 2646 655 2711 (ut
679 2645 719 2698 slc
740 2643 850 2715 loquar)
867 2642 930 2697 sub·
957 2646 1099 2702 Ambrosii
1128 2647 1205 2702 dicta
1229 2646 1356 2702 nituntur
1379 2648 1427 2703 ills
1451 2647 1612 2719 hypothesi,
1637 2647 1712 2718 quod
1740 2663 1790 2718 per

99 2733 220 2788 stantiae
238 2733 295 2787 voti
315 2732 384 2785 nihil
401 2731 518 2799 decedit,
537 2731 585 2785 sed
603 2748 654 2801 per
671 2730 739 2785 illud
767 2730 865 2785 efficax
885 2731 932 2785 ob·
948 2734 1111 2805 ,coelibatus
1128 2733 1326 2804 professionem
1347 2734 1525 2805 desponsatio
1553 2734 1629 2789 facta
1658 2734 1694 2788 sit
1720 2732 1790 2788 inter

98 2819 197 2891 ligatio
215 2816 417 2886 introducitur,
446 2833 510 2871 cum
526 2815 706 2872 solennitates
726 2815 783 2871 sint
798 2816 933 2871 duntaxat
958 2820 1099 2876 Christum
1117 2826 1147 2876 et
1163 2819 1299 2892 virginem
1318 2820 1448 2888 votivam,
1466 2820 1516 2875 sed
1530 2819 1699 2892 hypothesin
1711 2819 1788 2875 illam

97 2914 242 2963 externum
253 2904 366 2976 aliquod
376 2904 504 2959 accidens
515 2902 749 2959 substantiamrei
760 2909 931 2959 nonmutsn·
957 2907 994 2962 ab
1014 2906 1174 2979 Augustino
1192 2906 1338 2976 confutari,
1355 2906 1525 2963 ostendimus
1542 2924 1593 2963 suc
1610 2907 1680 2963 loco.

99 3000 144 3049 tes
161 3009 214 3048 nec
234 2992 383 3048 variantes.
406 2991 550 3050 Vidithoc
562 2991 753 3061 Bellarminus,
770 2990 933 3063 ideohypo·
993 2998 1053 3051 tlt.
1090 2993 1233 3048 Posterius
1251 2993 1401 3049 deductum
1420 2999 1516 3048 estex
1538 2993 1647 3048 rationi
1670 2991 1891 3087 sapasim·

97 3081 202 3137 thetica
214 3079 353 3150 loquitur:
374 3080 408 3133 Si
422 3095 455 3132 ea
468 3079 625 3150 seripturis
637 3086 687 3132 ant
701 3080 824 3133 evidenti
834 3080 934 3148 aliqua
959 3096 1076 3151 quarum
1094 3080 1170 3152 prior
1187 3081 1375 3136 demonstrare
1393 3078 1484 3148 debet,
1502 3080 1648 3134 maiomam
1664 3081 1792 3148 potuim
1893 3072 1899 3084 '

97 3168 208 3221 rarione
227 3166 418 3220 demonstrari
433 3172 535 3234 posset,
553 3165 770 3219 eatumsaionne
785 3165 901 3234 differre
915 3185 934 3219 a
959 3174 1050 3221 votnm
1080 3167 1193 3221 soleam
1229 3168 1397 3221 constituere
1431 3167 1657 3236 impedimentum
1693 3166 1792 3220 matri·

98 3252 234 3321 simplici,
247 3254 323 3320 quod
335 3253 366 3304 in
379 3251 430 3305 iilo
447 3252 484 3304 sit
495 3252 610 3305 donatio
624 3253 823 3320 depromenti,
839 3253 869 3305 in
881 3253 934 3305 isto
960 3254 1081 3307 moniam
1092 3254 1244 3324 dir-insensr
1261 3253 1394 3322 posterior
1407 3252 1628 3324 probaredebet.
1648 3252 1793 3307 sedanam
1901 3286 1904 3291 ·

99 3357 166 3394 aero
182 3339 334 3409 prammsio
353 3344 458 3391 tantum
476 3338 630 3408 defuturo,
647 3356 704 3392 non
719 3344 828 3407 oportet
845 3338 934 3392 alitem
960 3339 1090 3393 tabnuse
1118 3356 1219 3407 praem
1250 3347 1278 3393 st
1300 3341 1397 3408 justas
1428 3340 1461 3392 isi
1491 3338 1584 3407 ipsum
1604 3339 1793 3393 constituendi

98 3427 239 3479 rationem
252 3440 394 3493 qnamere.
417 3423 505 3495 Atqui
518 3423 703 3479 Bellarminus
716 3431 813 3494 postea
826 3424 934 3496 quaerit
961 3443 1072 3480 causas
1114 3425 1173 3482 Nos
1198 3430 1346 3495 utrumque
1370 3441 1513 3496 negamus,
1542 3423 1687 3480 audiamus
1706 3424 1792 3496 igitur

45 3542 85 3586 m,
100 3511 236 3567 maenam
256 3510 347 3577 aliam,
366 3509 497 3566 videlieet
514 3510 656 3566 decretum
676 3510 818 3566 ecclesiae.
858 3510 934 3582 Ergo
960 3510 1120 3567 Bellarmini
1138 3500 1324 3582 probationes.
1358 3517 1381 3567 1.
1399 3511 1792 3580 Eocimmabantiqnissimis

100 3597 236 3671 agnoscit,
259 3596 463 3652 distinctionem
481 3596 557 3651 illam
576 3613 627 3651 nec
643 3614 677 3652 ex
704 3596 863 3667 Scripturis,
882 3614 934 3653 nec
946 3616 949 3623 ·
961 3598 1130 3666 temporibus
1148 3606 1207 3651 tum
1224 3597 1255 3651 in
1272 3597 1408 3665 conciliis,
1437 3604 1495 3651 tum
1516 3614 1571 3668 per
1586 3614 1707 3651 summos
1720 3614 1792 3665 pon·

102 3684 225 3740 evidenti
243 3683 338 3754 aliqua
353 3682 461 3739 ratione
480 3683 661 3738 demonstrari
679 3701 768 3754 posse.
960 3684 1049 3749 tilitas
1068 3684 1119 3737 itae
1139 3684 1245 3737 statuit.
1280 3684 1416 3739 Fortasse
1429 3684 1513 3738 etant
1524 3682 1576 3737 boa
1588 3684 1624 3738 de
1636 3682 1792 3753 aposmtua

136 3777 196 3827 645.
239 3769 391 3825 Videamus
419 3768 522 3840 duplex
547 3768 706 3824 Bellarmini
732 3775 933 3842 argumentum.
960 3771 1115 3825 traditione
1133 3770 1286 3825 deseendit.
1327 3769 1403 3824 Nom
1424 3769 1591 3838 Cyprianus,
1618 3768 1749 3823 Basilius
1767 3775 1793 3822 st

45 3856 59 3915 ἶ.
102 3857 184 3912 Prius
202 3858 358 3913 desumtum
385 3862 427 3912 est
445 3857 659 3911 tranetoritate
680 3857 797 3927 triptici,
822 3858 935 3913 coneili-
960 3856 1135 3920 Ambrosius,
1155 3856 1205 3925 qai
1222 3855 1275 3909 troc
1294 3855 1519 3925 impedimentum
1535 3862 1698 3922 ornassent,
1727 3862 1792 3908 ante

45 3946 88 4028 ᾖξ’
102 3963 201 4011 mmm,
229 3943 398 4013 pontificum
426 3951 452 3996 et
478 3950 605 4012 patrum,
630 3944 667 3997 ad
686 3959 769 4014 quam
787 3945 818 3998 ia
835 3960 934 4013 perime
960 3959 994 3996 ea
1014 3942 1136 3996 eoncilia
1155 3958 1256 4009 eosque
1268 3942 1414 4011 pontifices
1431 3941 1564 4005 emeram,
1583 3960 1602 3995 a
1621 3941 1720 4010 quibus
1737 3940 1789 3995 boe
1821 3954 1825 3963 ·

101 4030 309 4101 respondemus,
342 4035 365 4088 1.
391 4028 516 4099 concilia,
542 4029 687 4100 pontifices
712 4034 741 4085 ct
765 4034 860 4100 patres
879 4044 934 4082 non
961 4031 1102 4083 maetam
1112 4029 1226 4094 factum
1243 4028 1362 4091 ridetur,
1381 4035 1407 4081 et
1425 4027 1492 4081 ideo
1509 4027 1631 4082 canalia
1656 4035 1681 4080 et
1696 4026 1791 4097 persti-

100 4123 217 4186 possunt
242 4132 345 4170 novum
372 4116 497 4187 aliquem
523 4115 589 4171 fidei
614 4115 762 4171 articulum
779 4120 857 4171 extra
875 4131 934 4170 ver-
955 4118 1027 4183 fiaes
1055 4132 1112 4168 non
1141 4122 1200 4168 tam
1229 4114 1296 4168 noai
1319 4114 1434 4183 aiiqmd
1448 4114 1587 4183 statuisse,
1614 4130 1699 4182 quam
1715 4120 1793 4168 ruas
1896 4112 1901 4127 '

102 4202 168 4257 bum
189 4202 309 4257 condere
328 4218 381 4258 nec
398 4201 451 4257 sub
469 4202 597 4272 opinione
610 4201 782 4258 necessitatis
795 4207 823 4257 et
843 4201 1102 4263 cultustciecretum
1126 4201 1273 4255 innooasse
1305 4208 1355 4254 aut
1380 4201 1543 4254 declarasse
1567 4201 1698 4255 remandi
1720 4206 1790 4256 suat.
1804 4210 1919 4255 xvtttt.

101 4289 207 4361 aliquid
239 4288 396 4347 instituere.
454 4289 496 4343 Ex
526 4289 611 4345 verbo
639 4288 725 4360 igitur
755 4270 1181 4358 demonstrari'Respondemus:
1205 4292 1226 4342 l.
1246 4285 1321 4342 Vera
1333 4285 1450 4342 ecclesia
1462 4290 1560 4357 utpote
1576 4284 1678 4341 Christi
1689 4301 1792 4356 sponsa

106 4375 336 4447 primoomnium
355 4374 509 4447 oportebat,
529 4375 598 4431 talia
619 4376 751 4446 conjugia
771 4392 832 4431 esse
850 4375 935 4431 irrita.
961 4390 1057 4429 vocem
1074 4373 1169 4445 sponsi
1188 4373 1232 4427 sui
1251 4373 1280 4427 in
1299 4371 1469 4444 propheticis
1488 4378 1517 4429 et
1547 4373 1706 4444 apostolicis
1725 4371 1791 4428 scri·
1882 4420 1888 4436 ,

104 4470 129 4520 2.
150 4463 210 4520 Nec
228 4461 405 4516 conciliorum
423 4461 542 4530 decreta,
561 4479 613 4518 nec
638 4469 747 4534 patrum
770 4461 847 4517 dicta
866 4461 936 4517 citra
962 4461 1050 4531 pturis
1068 4467 1211 4514 sonantem
1229 4459 1308 4513 audit
1325 4465 1353 4515 et
1369 4459 1505 4531 sequitur,
1523 4458 1560 4514 ab
1579 4475 1615 4514 ea
1631 4459 1655 4514 si
1667 4458 1792 4529 discedit,

100 4547 240 4621 pontificis
252 4547 370 4603 Romam
389 4548 582 4604 securitatem
600 4549 636 4604 ad
651 4551 699 4621 jus
718 4548 934 4604 ecclesiasticum
946 4578 950 4627 Ι
962 4547 1096 4603 hactenus
1115 4564 1170 4602 non
1190 4546 1259 4603 facit
1272 4561 1354 4601 verae
1372 4545 1508 4601 ecclesiae
1521 4545 1652 4602 officium.
1685 4551 1710 4602 2.
1728 4544 1793 4601 Jam

100 4635 332 4690 intmdueendum
352 4633 428 4705 apud
442 4633 601 4689 Pontificios
617 4635 768 4706 quidquam
787 4633 890 4699 velem,
904 4640 935 4689 ut
962 4650 1027 4689 vero
1044 4649 1080 4688 ne
1100 4633 1182 4688 unico
1203 4632 1315 4703 quidem
1334 4631 1495 4701 Scripturas
1517 4631 1592 4688 dicto
1610 4630 1722 4702 probari
1733 4636 1794 4702 pot·

100 4739 151 4778 suo
181 4723 243 4777 loco
274 4721 529 4786 demonstravimus,
559 4721 694 4791 potuisset
718 4722 804 4792 igitur
830 4720 934 4775 Bellar·
961 4726 1011 4785 est,
1043 4725 1138 4775 votum
1154 4719 1266 4775 solenne
1283 4717 1472 4775 continentiae
1486 4734 1546 4773 esse
1566 4717 1794 4788 impedimentum

102 4810 194 4864 minus
216 4808 335 4865 concilia
353 4814 382 4865 et
400 4813 493 4879 patres
511 4807 646 4875 omittere,
675 4807 726 4863 vel·
749 4812 825 4863 certe
844 4806 933 4877 ponti·
960 4806 1165 4862 matrimonium
1183 4805 1320 4861 dirimam
1362 4803 1466 4860 Contra
1495 4811 1589 4861 autem
1608 4803 1732 4860 Christus
1751 4805 1793 4860 di·

103 4896 187 4951 ficum
212 4896 325 4951 decreta
351 4895 440 4967 primo
471 4896 532 4951 loco
562 4895 706 4950 collocare.
743 4900 765 4952 3.
789 4893 934 4960 Quaedam
960 4898 1032 4950 serto
1059 4891 1228 4963 pronuntiat,
1263 4893 1340 4961 qaod
1364 4891 1444 4945 Deus
1461 4891 1614 4959 conjurant,
1635 4892 1717 4944 hansa
1736 4907 1795 4944 non

102 5002 154 5054 pro
175 4989 270 5040 nostra
287 4982 426 5039 sententia
444 4999 477 5038 ex
503 4981 630 5053 patribus
657 4988 686 5037 et
703 4980 827 5037 conciliis
845 4981 933 5036 addu-
960 4987 1071 5050 separet
1096 4979 1194 5035 Matth.
1218 4985 1256 5035 19.
1274 4995 1300 5032 r.
1319 4984 1344 5034 6.
1374 4984 1398 5035 3.
1417 4976 1521 5033 Votum
1534 4976 1708 5049 illegitimum
1739 4994 1795 5032 non

100 5070 190 5125 ximus
208 5068 335 5139 superius
356 5068 386 5122 in
398 5068 558 5139 quaestione
576 5068 632 5136 illa,
651 5085 690 5122 aa
706 5076 800 5122 votam
818 5069 933 5123 solenne
960 5073 1052 5139 potest
1064 5065 1218 5122 convellere
1229 5063 1430 5119 ordinationem
1443 5063 1574 5119 divinam.
1600 5063 1688 5134 Atqui
1699 5070 1794 5118 votum

98 5158 236 5227 impediat
255 5156 464 5210 matrimonium
478 5155 704 5211 contrahendum.
740 5154 771 5210 Si
788 5154 861 5210 enim
879 5170 935 5210 nou
960 5154 1145 5209 confluentiae
1165 5152 1194 5206 in
1212 5151 1337 5223 personis
1359 5150 1494 5221 peculiari
1519 5150 1568 5206 illo
1588 5150 1661 5205 dono
1679 5167 1734 5205 non
1751 5149 1794 5203 in·

100 5242 217 5314 impedit
243 5241 447 5297 matrimonium
478 5241 705 5306 contrahendum,
732 5241 816 5312 longe
842 5241 933 5296 minus
961 5240 1073 5296 sancus
1102 5243 1145 5295 eet
1171 5237 1355 5309 illegitimum,
1382 5241 1415 5291 ut
1442 5253 1493 5291 suo
1523 5236 1585 5292 loco
1614 5235 1793 5292 ostendimus.

101 5328 253 5385 dissolvere
277 5333 371 5399 potest
402 5332 581 5384 conuactum.
628 5325 804 5398 Augmtinus
832 5327 934 5383 diserte
960 5327 1036 5398 Ergo
1054 5343 1110 5380 non
1128 5328 1220 5395 potest
1240 5324 1396 5379 convellere
1419 5322 1541 5379 dirmam
1571 5321 1695 5393 conjugii
1721 5319 1793 5375 ordi-

99 5415 208 5485 statuit,
225 5432 273 5470 eos
284 5415 544 5486 prasrs'terpeecare,
562 5413 825 5482 qatnntentespost
842 5422 934 5467 ratum
959 5412 1106 5468 nationem.
1152 5415 1178 5466 4.
1207 5408 1393 5464 Bellarminus
1429 5400 1589 5464 dubitanter
1623 5405 1793 5478 pronuntiat,

101 5505 220 5558 invicem
247 5503 391 5568 dirimant,
419 5501 500 5572 cujus
529 5499 667 5556 secantis
698 5500 799 5558 citatur
825 5500 855 5556 in
868 5484 1085 5571 jureisartasse
1103 5498 1140 5551 sie
1161 5496 1319 5566 apostoliea
1349 5495 1502 5551 traditione
1533 5496 1587 5549 hoe
1615 5494 1792 5548 ducendae.
