4020 6022
212 230 295 306 ns¹
801 216 924 276 accus
939 214 1145 276 amemus
1166 218 1335 289 numme

209 376 379 432 scortatione
401 392 431 429 re
451 376 601 447 pollam
646 374 702 431 Sed
720 374 773 429 bac
792 373 822 428 in
839 391 871 431 re
888 390 907 429 a
925 373 1040 429 circum
1075 374 1140 429 odio
1158 376 1282 447 priorum
1300 377 1463 434 maritorum
1482 378 1858 447 adulterassementieutur,
1880 388 1913 438 ut

210 467 305 535 specta
325 462 421 532 jndice
439 461 475 515 ed
493 461 714 518 circumstantiae
732 460 880 533 diligenter
897 459 1042 517 attenden·
1071 461 1107 517 ad
1126 479 1212 518 noras
1235 463 1348 535 nuptias
1368 464 1461 520 aditus
1479 465 1602 537 patefiat
1621 472 1646 523 6.
1664 484 1724 538 cap.
1745 467 1851 523 Literis
1872 474 1909 526 lt.

210 550 292 615 dum,
318 565 408 623 neque
432 548 506 604 enim
532 546 653 603 exclusio
678 547 728 602 illa
753 554 888 603 nocturne
908 545 1044 602 adulterm
1071 553 1138 603 extr.
1175 547 1211 603 de
1244 550 1511 620 praesumtionibus:
1547 554 1594 607 Ec
1623 555 1748 609 cmlcnta
1778 563 1807 609 et
1836 565 1910 610 certa

211 653 323 691 causam
347 634 482 700 dedisset,
508 633 561 688 nisi
586 632 709 689 animum
725 633 901 690 adulterandi
916 647 1045 690 securus
1071 635 1230 704 mspicione
1265 638 1466 701 fornicationne
1497 647 1592 708 potest
1622 641 1762 696 emmtia
1795 642 1910 697 diwanii

213 724 294 778 domo
312 721 427 777 trulimt
467 720 553 777 Hisce
569 726 688 792 quatuor
706 720 796 775 causis
812 719 919 775 Baldns
935 719 997 774 libr.
1019 724 1042 774 1.
1069 723 1261 791 promulpcri,
1291 724 1334 777 ita
1359 725 1472 794 quidm
1500 733 1531 779 ut
1557 727 1602 780 cir
1627 726 1775 782 licentiam
1802 728 1908 797 balcet

211 809 307 866 consil.
333 814 391 865 382.
429 807 557 879 Vigelius
582 807 618 863 de
643 806 762 863 matrim.
785 823 812 863 c.
835 812 859 863 8.
882 806 949 864 Alb.
967 805 1044 861 Gou-
1072 809 1248 863 mmmaala
1268 809 1417 880 [adultere]
1439 813 1564 866 ducendi
1587 812 1690 882 clmm,
1714 815 1836 870 muliere
1852 819 1909 871 nne

211 896 267 951 tilis
287 895 334 950 lib.
351 901 376 952 6.
394 894 429 949 de
446 900 524 965 nupt
545 911 568 950 c.
592 900 631 950 12.
660 891 1042 966 Hemmingiurd.1.etrlii
1072 910 1121 963 ope
1130 895 1258 964 conjucti
1267 902 1432 954 renuncnte.
1446 914 1470 952 c.
1486 896 1631 962 Quaedam
1642 916 1706 955 cum
1715 899 1861 958 trabeate.
1869 908 1907 958 32.

211 981 318 1036 addunt
356 986 382 1037 5.
413 981 440 1035 si
467 998 538 1036 uror
566 980 691 1035 aedidit
715 980 807 1034 cirum
830 981 993 1045 defunctum
1017 986 1043 1032 el
1072 984 1228 1051 quaesti:
1268 982 1412 1045 Quaedam
1436 1000 1499 1037 eum
1515 986 1609 1048 fratre
1627 986 1684 1039 riri
1700 988 1749 1040 sui
1768 988 1905 1055 dorrniur't,

210 1068 305 1138 nupsit
334 1067 401 1131 alii,
436 1084 493 1120 non
520 1066 600 1121 eleba
622 1084 642 1120 a
664 1066 769 1121 marito
792 1081 904 1120 reuerw
923 1071 1044 1135 propter
1073 1068 1211 1120 waren
1234 1074 1288 1134 eet,
1308 1076 1340 1122 nt
1358 1070 1485 1123 walteri
1508 1088 1651 1140 nunqrram
1673 1073 1811 1143 conjurio
1829 1092 1907 1144 copu-

210 1154 381 1208 ariulterium
399 1154 501 1223 abjici,
527 1170 590 1206 eum
607 1169 664 1206 non
683 1150 797 1206 malitia
813 1153 865 1205 sect
881 1152 1045 1219 ipnorantia
1071 1152 1175 1216 lentur,
1193 1152 1242 1207 illi
1257 1169 1331 1227 uero,
1350 1155 1433 1223 eujue
1448 1172 1520 1208 uror
1536 1163 1668 1225 stuprata
1684 1166 1734 1225 est,
1749 1159 1834 1214 licita
1846 1177 1907 1214 con·

208 1241 379 1311 peccaverit.
420 1238 567 1295 conforme
591 1237 656 1293 huic
680 1237 792 1293 videtur
813 1238 831 1294 l.
855 1236 935 1292 miles
957 1243 998 1294 11.
1016 1234 1044 1309 §-
1069 1237 1153 1307 juria
1171 1255 1227 1292 non
1245 1246 1389 1306 necentur.
1425 1240 1504 1295 Idem
1522 1243 1653 1298 statuitur
1667 1244 1774 1315 incsp.
1806 1244 1908 1317 Siquis

212 1327 313 1382 Mulier
330 1331 369 1382 12.
388 1325 420 1380 ff.
433 1324 470 1379 ad
488 1325 579 1397 legem
593 1325 650 1381 Jul.
666 1324 702 1380 de
716 1323 849 1380 rinna:
868 1324 969 1377 mulier
983 1341 1045 1377 arm
1074 1323 1185 1377 viduam
1192 1330 1245 1380 etc.
1253 1340 1312 1395 cap.
1323 1324 1378 1390 Qui
1386 1325 1527 1382 dormierit
1533 1332 1585 1382 etc.
1595 1345 1656 1400 cap.
1665 1328 1851 1386 Concubuisti
1859 1338 1908 1388 etc.

212 1414 350 1467 werten
375 1413 466 1466 cirum
482 1413 608 1466 cudmset
626 1412 685 1465 oita
702 1413 832 1476 sunnam
848 1426 923 1475 ecee,
946 1410 1001 1464 alii
1017 1426 1046 1463 re
1074 1411 1133 1467 o.Si
1144 1410 1206 1482 quis
1218 1416 1909 1486 cumnovercaetc.cans.etquaest.iisd.Aliicon-

209 1500 320 1569 y‘uncit5
340 1516 404 1552 moa
420 1498 540 1553 maritus
556 1514 683 1553 reserate
699 1506 757 1566 σας
776 1514 889 1567 quaero,
907 1497 979 1567 quid
995 1499 1047 1551 act-
1073 1504 1117 1551 tra
1135 1502 1275 1563 statuunt,
1299 1496 1383 1551 ctiam
1403 1499 1513 1554 nocenti
1531 1500 1605 1570 parti
1625 1502 1836 1558 concedendum
1854 1520 1908 1558 ma

210 1603 307 1641 cerne
336 1601 398 1639 ccm
421 1583 565 1639 mulierem
590 1586 767 1639 metuendum
791 1584 849 1639 citi
889 1584 1048 1653 Respondit
1075 1582 1242 1651 trimonium,
1264 1588 1286 1639 1.
1301 1583 1368 1654 quia
1385 1583 1484 1654 prioris
1501 1587 1626 1657 conjugii
1643 1588 1792 1643 vinculum
1810 1595 1853 1645 est
1869 1607 1910 1644 so·

211 1674 405 1744 Papinianus,
426 1681 484 1727 tam
495 1673 577 1742 juris
594 1673 771 1743 quemfecit
787 1671 975 1742 pumilionem
990 1690 1048 1725 mo·
1075 1671 1173 1738 lutum
1211 1675 1235 1724 2.
1253 1675 1405 1741 perpetuae
1422 1672 1547 1726 remtatm
1567 1679 1610 1728 est
1628 1674 1726 1745 regula
1745 1676 1910 1747 apostolice:

213 1761 282 1817 ceri.
319 1760 396 1814 Nam
415 1759 443 1813 ri
459 1760 544 1829 lonpo
564 1767 689 1829 ternpore
705 1767 862 1828 transacto,
882 1759 944 1813 rme
961 1758 1049 1812 ullius
1077 1756 1112 1810 Si
1126 1773 1156 1809 se
1173 1774 1230 1809 non
1247 1757 1403 1820 continent,
1423 1758 1545 1822 nolana
1574 1766 1597 1816 3.
1618 1761 1705 1816 satius
1725 1768 1779 1829 est,
1799 1761 1911 1818 bonaso

213 1847 308 1918 stupri
322 1846 507 1916 prolatione,
519 1846 615 1914 salsis
637 1846 796 1899 rumoribus
823 1845 948 1914 inducta,
968 1846 1051 1915 quan
1077 1841 1207 1913 conjugio
1225 1858 1286 1897 eam
1305 1841 1446 1910 devinciri,
1467 1861 1550 1915 quam
1562 1846 1780 1902 scortationibus
1794 1854 1824 1903 et
1836 1849 1911 1904 adul·

213 1934 308 1987 colecta
339 1932 437 2004 priori
471 1931 581 1986 uinculo
614 1931 748 2001 lepitime'a
779 1932 886 2004 nuptir'r
920 1931 1050 1984 emundis
1076 1927 1152 1982 teriis
1170 1926 1257 1983 libere
1269 1927 1423 2000 indulgere.
1459 1930 1665 1987 Bidenbachins
1678 1933 1714 1988 de
1728 1950 1808 1988 caus.
1821 1935 1911 1990 matri·

209 2022 312 2091 juncta
330 2027 379 2087 ert,
396 2020 474 2087 prod
488 2017 701 2087 cammaron,
719 2019 864 2087 deceptam
878 2017 1049 2082 confutare,
1077 2030 1149 2070 mon.
1176 2013 1197 2073 f.
1216 2018 1258 2073 81.
1294 2013 1353 2070 Nos
1375 2031 1438 2070 cum
1461 2015 1517 2071 illis
1534 2017 1664 2081 facimus,
1693 2018 1742 2090 qui
1761 2021 1855 2076 media
1873 2021 1911 2075 iu·

214 2107 287 2161 nilrit
312 2105 439 2160 uindicta
465 2105 581 2174 <lionam
606 2104 701 2158 ridor·
720 2111 827 2174 potcet;
859 2104 962 2175 promi
983 2106 1050 2167 ficta
1077 2099 1241 2171 gradiuntur
1259 2101 1313 2170 via,
1342 2107 1510 2171 satuentes,
1536 2120 1587 2159 nec
1605 2113 1706 2159 umere
1723 2111 1776 2161 aut
1794 2108 1850 2162 cito
1866 2126 1910 2162 no·

214 2193 315 2249 mariti
337 2210 414 2247 more
436 2198 630 2262 ornamentum
651 2190 796 2254 faciendae
820 2190 925 2260 nuptiis
944 2191 1049 2260 proba·
1078 2188 1151 2243 centi
1168 2204 1304 2258 personae
1314 2188 1473 2259 nuptiarum
1485 2208 1619 2245 novarum
1632 2196 1802 2261 potestatem
1813 2193 1910 2249 facien·

215 2281 288 2334 iitrrr
300 2279 485 2349 promtam,
504 2297 567 2333 cum
582 2279 634 2332 loc
647 2280 727 2343 facto
738 2278 883 2347 pudicitia
898 2278 1050 2341 laboretur,
1078 2275 1152 2342 dam,
1172 2292 1223 2331 uec
1241 2277 1368 2331 absolute
1381 2283 1410 2333 et
1421 2278 1587 2348 simpliciter
1598 2279 1804 2352 denegandam.
1823 2282 1911 2336 Primo

215 2368 367 2421 isendicore
386 2366 466 2420 debet
480 2382 537 2436 pro
555 2364 676 2419 admisu
686 2364 812 2419 criminis
826 2365 969 2433 qualitate.
995 2363 1050 2419 Sed
1078 2362 1163 2434 igilur
1188 2363 1380 2435 magistratum
1411 2364 1481 2418 serio
1509 2365 1675 2419 monendum
1701 2382 1764 2420 esse
1788 2367 1910 2431 dicimus,

214 2455 244 2508 in
269 2469 337 2508 casu
360 2451 407 2507 illo
434 2451 597 2506 desertionis
619 2467 675 2506 non
695 2450 749 2505 nisi
766 2450 945 2522 magistratus
963 2457 991 2505 et
1004 2451 1050 2519 ju·
1079 2454 1110 2501 ut
1127 2447 1227 2519 capitis
1245 2448 1411 2520 supplicium
1429 2449 1557 2506 adulterii
1576 2450 1678 2507 delicto
1698 2454 1859 2523 consutuat,
1873 2454 1911 2509 sic

214 2539 284 2594 dicis
306 2554 443 2594 consensu
467 2537 613 2608 impetrato
637 2552 726 2592 novae
750 2536 865 2607 nuptiae
883 2536 957 2607 parti
975 2536 1050 2591 inno·
1078 2534 1182 2589 nullus,
1196 2535 1260 2590 huic
1285 2534 1439 2606 quaestioni
1466 2535 1578 2592 relictus
1606 2537 1659 2592 erit
1683 2539 1806 2609 amplius
1829 2540 1909 2596 locus.

214 2626 288 2682 esnti
314 2625 440 2680 desertae
469 2622 662 2679 concedendae
680 2628 759 2685 sunt,
784 2629 817 2679 ut
843 2626 940 2694 postea
958 2640 1050 2678 mone·
1079 2626 1104 2676 2.
1123 2619 1250 2676 Graviter
1266 2622 1349 2677 etiam
1366 2640 1432 2692 pars
1449 2639 1550 2677 nocens
1568 2624 1715 2691 mouenda,
1735 2629 1770 2679 ut
1784 2626 1910 2697 merissi-

91 2718 201 2764 xvim.
214 2712 296 2768 bitur.
334 2710 454 2765 Addunt
477 2709 590 2782 quidam
609 2714 634 2765 6.
655 2710 689 2762 ob
708 2710 878 2763 adelarium
896 2728 952 2763 non
965 2726 1049 2778 poree
1077 2724 1153 2761 mum
1171 2725 1251 2763 suum
1270 2707 1401 2764 delictum
1420 2724 1476 2762 non
1493 2715 1610 2764 aeterna
1626 2715 1735 2765 tautum
1746 2720 1845 2780 morte,
1864 2712 1909 2768 sed

215 2797 368 2854 dicorts‘rcm
392 2797 471 2864 fieri,
494 2797 522 2850 ci
542 2795 659 2849 maritae
682 2795 944 2867 proprioarbitrio
963 2814 1049 2850 cauca
1077 2794 1159 2849 etiam
1185 2795 1320 2865 corporali
1351 2793 1487 2864 supplicio
1505 2794 1621 2865 dignum
1638 2796 1710 2852 serio
1728 2805 1866 2869 agnoscat
1883 2808 1910 2854 et

214 2887 339 2940 nondum
365 2883 479 2952 copnita
505 2890 532 2937 et
550 2882 734 2951 judicialiter
753 2889 818 2935 acta
836 2899 948 2937 onmem
967 2882 1049 2936 adul-
1076 2881 1105 2935 in
1123 2880 1196 2936 veris
1213 2879 1398 2936 conscientiae
1416 2880 1575 2950 pavoribus,
1593 2881 1684 2937 caruis
1702 2882 1910 2953 afflictionibus,

214 2981 302 3027 teram
320 2970 462 3039 abjecerit
497 2968 682 3024 concedimus
701 2968 819 3038 omniuo,
842 2967 917 3040 quod
934 2969 1050 3023 maritus
1076 2966 1219 3022 laboribus
1236 2972 1264 3022 et
1286 2966 1401 3038 Jejuniis
1430 2967 1506 3022 vivat
1530 2985 1615 3039 seque
1633 2968 1780 3041 indignam
1797 2972 1909 3042 judicet,

121 3108 125 3119 .
214 3077 269 3115 non
292 3056 394 3112 debeat
419 3054 532 3126 propria
562 3056 728 3110 auctoritate
757 3072 870 3110 uxorem
895 3056 1048 3110 adulteram
1075 3054 1120 3109 cui
1142 3053 1206 3108 nori
1230 3053 1396 3109 matrimonii
1420 3059 1543 3125 potestas
1566 3055 1654 3110 detur.
1694 3062 1717 3112 3.
1743 3056 1822 3113 Dum
1848 3076 1911 3130 pars

213 3145 350 3217 abjicere,
378 3141 426 3197 sed
439 3141 544 3212 judicis
565 3141 731 3196 seutentiam
750 3148 779 3196 et
797 3156 897 3195 causae
915 3140 1049 3212 cognitio·
1075 3141 1206 3195 innocens
1224 3147 1302 3195 extra
1320 3139 1584 3211 conjugiumadhuc
1603 3140 1680 3210 vivit,
1709 3142 1808 3216 sicque
1818 3160 1911 3201 recen

212 3248 275 3286 nem
300 3228 455 3301 postular03
471 3243 606 3298 negamus
626 3243 707 3296 vero,
732 3245 764 3283 ex
787 3243 820 3281 eo
837 3226 939 3281 inferri
958 3244 1048 3298 posse,
1074 3227 1221 3283 ciliationis
1246 3227 1341 3298 aliqua
1368 3244 1431 3296 spes
1462 3233 1603 3297 superest,
1633 3228 1744 3284 nocenti
1773 3231 1811 3285 ad
1844 3231 1911 3287 alias

213 3317 287 3388 quod
305 3317 354 3386 jus
377 3313 492 3384 petendi
515 3319 628 3385 propter
652 3314 744 3368 uxoris
765 3312 912 3368 divortium
931 3313 1047 3369 maritus
1075 3313 1186 3386 nuptias
1199 3314 1371 3370 transvolare
1382 3314 1542 3386 neutiquam
1554 3315 1731 3370 coucedatur.
1768 3324 1796 3375 t.
1806 3318 1911 3384 Quodsi

214 3401 322 3456 amittat
345 3417 395 3472 per
419 3398 569 3453 violentam
593 3398 736 3455 adulterae
758 3396 798 3451 tri
826 3399 979 3475 αὐτοφώρῳ
1002 3400 1047 3455 de·
1076 3417 1119 3456 res
1142 3401 1204 3471 ipsa
1234 3401 1379 3469 ostendat,
1407 3401 1603 3457 conscientiam
1626 3403 1687 3472 ejus
1706 3402 1862 3473 periclitari
1885 3410 1912 3459 et

214 3488 365 3559 prehensas
381 3485 579 3550 exclusionem,
606 3485 769 3556 pracsertim
786 3485 809 3538 si
826 3486 930 3540 crimen
948 3485 985 3540 sit
1001 3504 1047 3541 no
1075 3486 1327 3557 praesentissimum
1354 3485 1468 3541 exitium
1491 3486 1647 3555 imminere,
1675 3488 1729 3543 nisi
1753 3489 1781 3544 ei
1804 3490 1909 3561 prospi-

213 3573 323 3631 torium.
339 3590 363 3629 c.
377 3569 554 3644 significasti.
568 3577 636 3628 extr.
656 3572 691 3626 de
707 3571 846 3627 divortiis:
865 3573 1048 3642 significans,
1075 3573 1177 3637 cietur,
1197 3573 1376 3630 concedenda
1393 3578 1474 3628 erunt
1491 3573 1613 3628 secunda
1631 3580 1704 3644 rota,
1723 3575 1776 3631 sed
1793 3578 1909 3633 serratio
1920 3599 1966 3641 xri

213 3662 291 3733 quod
313 3659 432 3729 quidam
454 3673 541 3711 neore
564 3674 617 3710 sua
639 3658 700 3711 sine
717 3658 832 3727 judicio
850 3659 986 3714 ecclesiae
1004 3660 1047 3713 di·
1075 3659 1150 3714 hisce
1176 3659 1392 3715 conditionibus:
1420 3666 1442 3715 1.
1470 3676 1507 3715 ue
1526 3677 1646 3731 persona
1675 3676 1778 3716 nocens
1797 3665 1911 3735 propria

213 3748 312 3814 micea,
337 3764 393 3817 pro
420 3762 452 3799 eo
477 3745 554 3814 quod
572 3753 732 3814 suparatum
750 3745 806 3798 eibi
818 3750 932 3814 fremat,
957 3746 1048 3817 ipsam
1076 3747 1243 3801 auctoritate
1271 3746 1308 3800 ad
1336 3763 1437 3801 novum
1462 3747 1666 3802 matrimonium
1691 3754 1831 3819 transeat,
1863 3751 1911 3805 sed

212 3834 345 3886 incestum
364 3851 427 3886 cum
441 3833 563 3901 quodam
578 3831 788 3899 consanyuineo
805 3848 857 3885 suo
874 3834 1048 3903 commulcet,
1076 3833 1253 3904 magistratus
1288 3838 1316 3887 et
1350 3832 1530 3888 ecclesiastici
1565 3833 1710 3888 ministerii
1745 3850 1911 3891 consensum

212 3920 323 3974 stmulo
354 3921 413 3985 feeit
435 3925 556 3989 propter
583 3920 634 3972 lroc
667 3920 959 3975 excommunicationi
985 3939 1047 3976 cora·
1075 3920 1151 3990 prius
1170 3924 1297 3989 expetat;
1316 3923 1389 3975 zue
1405 3935 1467 3972 cum
1485 3919 1534 3974 illo
1552 3920 1714 3976 contrahere
1732 3923 1910 3992 permittatur

213 4007 343 4071 strictus,
367 4022 461 4059 omnm
487 4004 588 4058 mulier
606 4021 663 4058 non
682 4006 834 4070 continuit,
857 4008 911 4061 scd
927 4007 1048 4062 sobolem
1076 4006 1292 4068 matrimonium,
1317 4021 1380 4058 cum
1396 4022 1452 4074 quo
1472 4007 1608 4060 commisit
1626 4007 1810 4077 adulterium
1836 4016 1861 4065 3.
1881 4016 1910 4064 ut

215 4095 249 4147 de
279 4093 340 4148 alio
371 4092 432 4146 uiro
459 4092 594 4161 smoepit,
627 4108 678 4145 nec
711 4093 802 4145 minere
828 4094 957 4163 postulat
986 4095 1048 4149 ciro
1075 4093 1147 4149 seria
1163 4107 1298 4163 personae
1315 4108 1381 4146 reae
1398 4092 1569 4163 poenitentia
1586 4109 1636 4163 pcr
1655 4101 1762 4148 certum
1779 4096 1910 4167 temporis

215 4180 341 4249 restitui,
370 4180 513 4247 ademere,
535 4194 565 4232 se
592 4179 628 4232 ab
645 4179 699 4233 ecto
723 4180 829 4248 injuste
852 4182 999 4235 dimissam
1021 4190 1048 4235 et
1075 4180 1195 4250 spatium
1219 4179 1295 4250 prius
1317 4179 1488 4249 exploretur3
1516 4184 1539 4234 4.
1565 4186 1598 4234 ut
1621 4179 1714 4235 ecdem
1732 4179 1909 4239 fortunarum

217 4270 335 4321 eundem
359 4266 415 4320 sibi
438 4263 587 4319 naariam
611 4264 799 4319 adulterandi
817 4266 937 4323 dedisce.
976 4267 1047 4322 Con·
1074 4283 1107 4320 ac
1131 4265 1262 4320 domicilii
1289 4272 1396 4322 mutare
1411 4264 1543 4336 jubeatur
1565 4272 1650 4337 atque
1675 4283 1708 4322 eo
1727 4284 1759 4323 se
1778 4269 1909 4337 conferat,

216 4354 364 4408 muntiom
381 4361 445 4406 tuae
463 4352 558 4406 tnta
570 4354 779 4422 respondemur,
795 4354 897 4422 quodes'
908 4354 1047 4407 notorium
1074 4352 1121 4408 ubi
1144 4353 1204 4422 ejus
1233 4351 1376 4421 turpitudo
1400 4369 1456 4407 non
1485 4352 1613 4407 innotuit.
1652 4353 1760 4409 Eadem
1781 4361 1825 4410 est
1847 4374 1908 4412 sen-

216 4448 265 4506 sst,
279 4440 423 4495 mulierem
441 4440 534 4508 ipsam
550 4439 723 4494 adulterium
736 4439 912 4508 samniticae,
931 4442 972 4494 ad
986 4458 1046 4494 eam
1073 4439 1161 4494 tenna
1178 4438 1295 4493 Lutheri
1313 4439 1342 4491 in
1359 4437 1420 4493 libr.
1439 4438 1474 4493 de
1491 4439 1540 4493 vit.
1558 4439 1698 4511 eonJugal.
1714 4447 1783 4497 tom.
1801 4448 1827 4498 2.
1844 4444 1908 4498 Jen.

213 4527 406 4597 recipiendam
421 4526 578 4595 praefatus
595 4527 639 4579 uir
657 4526 721 4595 copi
736 4543 791 4579 non
809 4527 896 4595 debet,
912 4526 970 4581 nisi
982 4545 1044 4581 con·
1074 4525 1166 4581 Germ.
1190 4543 1216 4596 p.
1246 4530 1302 4581 155.
1327 4523 1355 4579 b.
1381 4525 1418 4594 [in
1433 4524 1494 4578 aliis
1512 4524 1576 4581 edit.
1595 4525 1615 4581 f.
1634 4526 1717 4592 166.];
1753 4529 1847 4599 &taust
1865 4532 1907 4595 bu,

214 4621 312 4679 staret,
331 4615 423 4683 ipsum
440 4630 501 4665 cum
520 4612 582 4666 alia
601 4613 772 4667 adulterium
790 4614 965 4671 commisisse.
1074 4622 1113 4669 too
1132 4615 1183 4668 bui
1202 4613 1296 4667 aubert
1313 4610 1411 4667 bleibttt
1431 4612 1486 4681 loll,
1502 4619 1577 4667 tutan
1590 4617 1619 4668 ti
1632 4612 1753 4683 rictriot
1768 4617 1832 4685 autb
1843 4615 1908 4684 uidit

249 4706 308 4756 622.
345 4697 492 4763 Quaeritur
516 4703 540 4755 6.
565 4715 603 4751 un
624 4700 706 4768 parti
727 4702 838 4753 nocenti
855 4702 1046 4757 concedendus
1072 4700 1139 4756 lunc
1159 4698 1304 4769 sseuldteit
1322 4697 1431 4768 putten?
1455 4700 1587 4767 tintuort,
1606 4699 1699 4754 batum
1717 4700 1764 4768 bot
1782 4700 1852 4758 (loti
1871 4704 1907 4758 ior

86 4786 101 4826 l
215 4788 311 4841 attus
337 4789 379 4842 ad
407 4787 547 4840 secundas
575 4786 711 4854 nuptiae!
752 4785 872 4849 Quidam
901 4787 1047 4859 ἀποτόμως
1073 4786 1153 4857 delet
1171 4786 1275 4856 arbutea
1291 4784 1330 4841 bie
1343 4784 1490 4854 tisberim
1511 4800 1542 4855 iu
1558 4785 1690 4855 itanum,
1709 4787 1761 4854 boi
1779 4790 1813 4857 sir
1831 4790 1907 4859 tiela

118 4889 170 4917 σοι·
215 4879 330 4945 negant:
359 4879 381 4927 1.
398 4871 519 4944 Indigna
537 4877 581 4927 eat
598 4889 669 4927 noro
684 4872 822 4944 conjugio,
840 4890 912 4945 quae
924 4874 1046 4930 divinem
1074 4877 1157 4944 &terr
1176 4873 1242 4941 nidi
1261 4873 1405 4940 bebutlttu.
1432 4872 1493 4940 tillo
1512 4871 1560 4939 loll
1577 4874 1637 4942 aad
1651 4875 1711 4943 norb
1724 4875 1776 4929 tsi
1788 4876 1910 4943 tretilius

215 4958 415 5015 ordinationem
437 4966 494 5013 tam
521 4958 626 5014 nelarie
648 4957 770 5013 violavit.
807 4966 831 5014 2.
855 4961 999 5025 Quomodo
1018 4961 1190 5047 initidstoert
1212 4960 1266 5013 unb
1284 4957 1414 5029 Dbtigleit
1440 4957 1480 5013 bit
1506 4957 1656 5028 bbtbttcbet
1680 4961 1771 5017 risten
1794 4976 1825 5019 tc
1861 4964 1909 5020 tto

213 5046 368 5101 maritalem
387 5052 479 5101 torum
499 5062 559 5101 eam
578 5044 790 5113 collocabimus,
815 5063 899 5115 quam
917 5064 950 5102 ex
967 5065 1046 5118 prae·
1059 5052 1061 5105 l
1074 5047 1135 5103 abet
1162 5045 1202 5100 bit
1226 5044 1358 5114 ilbtigltit
1386 5043 1486 5113 {damin
1513 5045 1567 5099 uttb
1596 5045 1672 5116 tilica
1699 5046 1730 5116 ia
1759 5050 1815 5106 aab
1844 5050 1911 5120 uidit

213 5133 316 5202 scripto
342 5132 412 5204 legis
434 5132 545 5189 dinone
572 5150 587 5187 e
615 5130 706 5188 medio
728 5132 789 5188 tolli
811 5133 920 5189 atrita
944 5135 1046 5205 privari
1074 5133 1168 5198 tibtrt,
1190 5146 1252 5200 rnen
1274 5132 1319 5201 liti
1343 5135 1386 5189 brt
1404 5134 1555 5204 tisberim
1583 5133 1613 5188 in
1631 5133 1674 5189 sin
1691 5134 1804 5191 crines
1823 5138 1910 5205 rencs

213 5237 333 5292 aequum
357 5219 433 5274 erat?
463 5225 487 5276 3.
507 5220 667 5276 abendam
690 5225 747 5288 est,
770 5226 879 5290 partem
902 5228 1047 5276 nocentem
1073 5221 1146 5278 teob
1165 5219 1267 5287 meatu
1288 5220 1342 5276 unt
1360 5219 1451 5289 fenon,
1470 5230 1511 5277 tuo
1532 5234 1559 5276 st
1579 5221 1624 5289 lid
1639 5220 1706 5290 nteit
1723 5222 1814 5290 haltra
1834 5224 1909 5287 turn,

213 5306 387 5363 commodum
413 5305 515 5361 sentire
538 5324 571 5362 ex
598 5324 649 5362 suo
674 5305 784 5363 delicto.
829 5312 855 5364 t.
879 5306 1046 5362 Criminibus
1073 5308 1133 5362 obet
1160 5311 1189 5361 el
1222 5304 1292 5362 tolita
1319 5306 1396 5376 bellet
1428 5308 1485 5362 lobi
1514 5308 1571 5362 tott
1604 5305 1653 5363 nit
1681 5306 1736 5378 ibat
1763 5322 1810 5365 unt
1839 5310 1910 5380 bilei

212 5411 269 5450 non
290 5393 374 5450 debet
399 5391 526 5462 praeberi
553 5391 728 5449 incentivum.
765 5393 805 5447 At
826 5410 876 5463 per
900 5392 1046 5462 indulgen=
1074 5393 1209 5462 tremosii
1236 5391 1329 5448 millen.
1368 5391 1561 5461 llemmingins
1592 5393 1627 5447 dc
1654 5393 1775 5449 matrim.
1803 5414 1830 5467 p.
1856 5403 1911 5455 186.

213 5480 280 5537 tiam
306 5496 440 5535 novarum
462 5477 621 5547 nuptiarum
639 5477 825 5548 praeberetur.
869 5478 1043 5536 alluderes
1072 5478 1184 5546 scribit,
1206 5477 1326 5534 eundem
1349 5495 1506 5548 processum
1536 5478 1564 5532 iu
1587 5485 1691 5535 ducatu
1719 5480 1858 5537 Saronico
1882 5488 1910 5538 et
