4020 6022
844 322 895 379 DE
912 320 1110 383 OONJUGIO.
1757 332 1817 392 285

125 480 212 535 vidui
229 488 259 536 et
275 481 358 537 amici
386 482 492 538 solenni
516 482 643 537 convivio
662 498 681 536 a
696 480 775 536 novis
793 476 959 550 conjugibus
986 481 1170 549 ceremonias,
1196 482 1295 551 quibua
1312 483 1431 537 ecclesia
1447 483 1478 537 in
1494 483 1600 554 nuptiis
1617 483 1721 551 utitur,
1741 484 1819 535 dam

125 566 303 638 vnlipsorum
315 566 722 640 parentibusercipiuntur,cui
735 564 865 621 deductio
878 580 960 634 spou-
985 567 1110 632 noveru,
1134 568 1284 622 anathema
1300 569 1344 623 sit.
1379 569 1562 625 Bellarminus
1580 587 1631 641 pro
1650 566 1820 623 manenda

126 668 175 708 sae
196 652 225 707 in
244 653 355 709 domum
375 655 468 726 sponsi
488 654 619 725 conjungi
637 652 788 717 consuerit,
807 668 856 721 per
876 650 1085 759 quam,h0mm
1112 653 1215 708 rituum
1243 654 1406 710 necessitate
1434 656 1490 710 duo
1515 660 1680 726 argumenta
1706 652 1819 727 profert

126 755 231 808 sponsa
247 740 276 794 in
290 741 491 812 possessionem
508 739 589 812 quasi
606 738 698 793 mariti
718 737 845 801 traditur,
863 744 895 790 ut
913 735 1067 821 so-,Pnus
1092 738 1247 794 desumtum
1273 746 1315 797 est
1340 758 1374 795 en
1394 749 1500 795 natura
1524 740 1701 796 sacramenti.
1741 740 1820 794 Gorn-

126 822 264 881 habitatio
293 826 448 899 conjugalis
474 833 503 882 et
532 825 653 881 omnium
683 841 775 880 rerum
804 822 961 877 communio
986 841 1067 878 mnne
1087 834 1126 878 est
1151 825 1261 898 (inquit)
1287 827 1412 882 omnibus
1428 829 1625 892 sacramentis,
1650 836 1681 880 ut
1704 833 1821 896 practer

127 908 201 966 inter
235 912 310 982 ipsos
348 917 541 985 consequatur.
581 910 728 967 Festivitas
758 910 806 964 illa
841 908 961 964 convivii
986 912 1162 966 essentialem
1186 914 1369 968 ceremoniam
1393 932 1412 968 a
1431 917 1495 968 Deo
1513 914 1684 978 institutam,
1708 914 1738 966 iss
1763 930 1821 982 qua

127 997 261 1067 nuptialis
287 999 384 1054 merito
408 1000 570 1055 observatur
596 1006 615 1054 1.
640 1006 758 1069 propter
784 996 857 1050 mus
876 994 961 1059 huius
987 999 1160 1052 sacramenti
1176 1001 1296 1054 essentia
1307 999 1442 1067 emta,
1462 1000 1649 1054 adhibeantur
1668 999 1753 1052 etiam
1767 998 1820 1053 ali·

126 1084 336 1157 antiquitatem,
361 1103 432 1158 quae
455 1104 488 1142 ex
510 1086 618 1142 Veteris
646 1092 674 1141 et
697 1084 769 1140 Nori
787 1079 960 1138 Testamenti
973 1124 975 1161 3
987 1083 1037 1151 qui
1053 1084 1109 1138 alii
1124 1085 1196 1139 situs
1213 1102 1247 1139 ec
1264 1086 1380 1157 antiquo
1393 1086 1526 1141 ecclesiae
1540 1101 1617 1139 more
1628 1085 1671 1139 cel
1684 1085 1821 1153 instituto,

128 1169 275 1241 Scriptura
289 1174 349 1243 jam
360 1179 426 1227 ante
435 1172 489 1228 fnit
503 1173 706 1240 demonstrata3
725 1175 750 1227 2,
763 1178 885 1239 propter
897 1185 961 1221 con·
987 1186 1041 1238 quo
1058 1170 1166 1239 maiori
1189 1190 1252 1226 cum
1265 1173 1372 1242 pictate
1395 1190 1429 1227 ac
1450 1173 1596 1226 devotione
1615 1179 1821 1226 sacramentum

120 1257 203 1327 juqii
219 1258 392 1328 diqnitatem,
407 1276 477 1330 quae
494 1257 617 1330 requirit,
636 1275 671 1312 ne
682 1255 893 1327 conjunctiones
905 1254 962 1307 sint
985 1256 1169 1325 pcrm'piatur.
1205 1259 1244 1311 At
1261 1259 1423 1328 coninqissm
1441 1266 1482 1312 est
1501 1264 1711 1313 sacramentum.
1740 1259 1821 1326 Erqo

127 1344 255 1400 occultae
273 1352 301 1399 et
319 1345 522 1410 clandestinae;
541 1348 568 1399 3.
582 1353 703 1415 propter
719 1343 862 1413 pateam
879 1341 960 1394 hone-
990 1341 1074 1394 etiam
1101 1344 1174 1396 tates
1201 1344 1273 1397 ritus
1300 1344 1330 1397 in
1359 1361 1392 1398 eo
1421 1346 1583 1399 necessarii.
1621 1343 1763 1399 Posterius
1788 1360 1822 1399 es

126 1437 242 1495 statem;
258 1435 283 1486 1.
303 1432 337 1484 ab
352 1440 521 1501 perpetuam
543 1431 663 1485 omnium
680 1429 802 1498 patiam
820 1432 961 1481 consueta·
987 1428 1259 1484 anctoritateusterts
1267 1432 1410 1487 ecclesiae.
1427 1430 1526 1486 Exstat
1535 1429 1619 1486 dehis
1626 1429 1725 1485 ritibus
1732 1429 1821 1500 primo

127 1517 230 1570 conen.
271 1520 417 1587 Lycurgus
437 1517 465 1571 in
492 1516 616 1588 phitidiis
634 1515 729 1584 voluit,
748 1530 863 1570 coeam
881 1529 961 1583 spon·
987 1513 1175 1570 testimoninm
1184 1517 1407 1588 Nicolaipapas,
1419 1517 1468 1589 qui
1481 1517 1553 1572 sedit
1574 1522 1640 1571 ante
1656 1531 1743 1569 annos
1763 1521 1821 1571 7110.

127 1618 192 1656 sum
214 1619 277 1658 cum
300 1621 415 1674 sponsa,
441 1620 475 1658 ne
500 1604 558 1658 sine
579 1600 743 1657 solennitate
771 1600 962 1671 ingrederetur
987 1601 1145 1669 (sat-stt)
1165 1609 1195 1657 et
1212 1601 1331 1657 habetur
1354 1618 1378 1657 c.
1393 1608 1529 1658 nostrates
1549 1607 1591 1658 30.
1610 1620 1637 1674 q.
1656 1608 1679 1656 5.
1713 1599 1822 1656 Deinde

129 1695 218 1759 nupta
251 1688 403 1744 thalamum
434 1687 534 1745 mariti.
585 1687 750 1743 Plutarchus
779 1687 808 1740 in
840 1686 961 1756 Lycurg.
987 1687 1175 1742 testimonium
1184 1689 1296 1744 isidori
1304 1689 1352 1744 lib.
1366 1695 1389 1745 2.
1403 1688 1438 1744 dc
1448 1688 1503 1742 div.
1515 1688 1563 1746 off.
1573 1705 1597 1743 c.
1616 1694 1655 1743 lt.
1670 1688 1718 1759 qui
1729 1686 1823 1741 floruit

127 1774 214 1845 Apud
257 1776 438 1829 Athenienses
477 1774 540 1845 lege
576 1772 783 1845 imperabantur
821 1770 962 1841 symposia
989 1780 1053 1827 ante
1071 1790 1157 1829 annos
1175 1775 1237 1845 plus
1256 1792 1340 1846 quam
1359 1782 1519 1847 nongentos.
1535 1775 1646 1842 (1636.)
1686 1774 1732 1828 Ad
1751 1772 1821 1829 haec

128 1861 303 1930 nuptiarum,
329 1870 389 1915 mm
412 1861 526 1916 deorum
549 1860 716 1930 nuptialium
739 1857 963 1925 mvocandorum,
991 1859 1112 1914 Sinicius
1130 1878 1210 1930 papa
1229 1861 1257 1914 in
1274 1861 1355 1931 epist.
1385 1868 1407 1918 1.
1425 1877 1486 1932 cap.
1508 1867 1532 1916 1.
1552 1867 1581 1915 et
1598 1860 1779 1915 Innocentius
1798 1858 1823 1912 Ι.

127 1954 189 2002 tum
218 1947 369 2002 testimonii
392 1964 490 2012 causa,
515 1946 676 2001 Athenaeus
701 1945 748 2000 lib.
774 1953 798 2001 5.
846 1944 901 1996 His
927 1943 962 1995 de
989 1962 1064 2017 papa
1080 1945 1110 1999 in
1132 1946 1214 2018 epist.
1240 1951 1263 2002 2.
1287 1963 1348 2017 cap.
1369 1952 1393 2003 6.
1415 1946 1617 2002 benedictionis
1636 1946 1823 2013 sacerdotalis,

128 2032 238 2101 musis,
268 2034 307 2089 ait
325 2033 527 2089 Demosthenes
556 2033 585 2086 in
614 2041 683 2091 orat.
720 2031 749 2087 in
779 2031 907 2088 Oenotor.
938 2037 964 2082 et
990 2048 1062 2104 quae
1087 2031 1257 2087 nubentibus
1282 2033 1342 2088 dari
1357 2033 1441 2104 solet,
1465 2033 1655 2090 meminerunt.
1690 2031 1824 2103 Ejusdem
1857 2106 1860 2111 .
1897 2044 1914 2097 ς

127 2121 243 2189 nummos
269 2120 440 2174 colebamus
463 2128 489 2174 et
514 2120 633 2173 manime
655 2118 829 2173 necessarios
856 2115 955 2170 insita-
991 2119 1074 2174 etiam
1090 2119 1256 2175 mentionem
1282 2120 1390 2175 faciunt
1412 2127 1513 2190 patres
1539 2120 1654 2175 concilii
1675 2118 1824 2189 Carthagi·

129 2224 205 2276 rnna,
222 2208 299 2276 qnod
326 2224 381 2260 non
400 2207 469 2260 leois
486 2223 534 2260 res
553 2214 669 2274 agatur,
694 2206 821 2283 ssdsua
836 2220 965 2259 sororum
991 2208 1084 2261 nensis
1101 2206 1152 2264 lv.
1186 2224 1303 2278 quorum
1329 2224 1401 2262 unus
1424 2206 1479 2262 fuit
1500 2208 1675 2277 Anqnstinns
1702 2224 1763 2278 cap.
1785 2210 1825 2263 1³.

130 2302 156 2347 et
169 2292 296 2355 filiarum
313 2292 426 2346 aliem
443 2294 514 2356 fidei
524 2291 712 2358 committitur,
731 2308 804 2362 qaae
816 2299 846 2345 ut
863 2291 893 2345 in
907 2297 966 2344 tuto
992 2294 1159 2347 Ambrosias
1185 2293 1214 2348 in
1239 2294 1319 2365 epist.
1342 2301 1383 2351 to.
1409 2295 1536 2351 meminit
1559 2311 1614 2350 non
1638 2293 1727 2349 solum
1744 2293 1825 2349 bene

134 2379 305 2443 collocetur,
330 2397 436 2433 summa
454 2397 525 2433 cara
537 2370 727 2449 providemus.
763 2377 819 2434 Sed
837 2376 966 2432 memine·
992 2379 1122 2434 dictionis
1149 2379 1198 2435 sed
1225 2385 1254 2436 et
1276 2379 1428 2435 velaminis.
1475 2380 1602 2452 Denique
1631 2381 1826 2436 Tertullianus

133 2464 191 2519 rint
211 2465 344 2521 convivae
362 2464 501 2536 nuptiales
518 2464 599 2527 illius,
621 2464 696 2537 quod
714 2463 817 2519 Tobiae
837 2471 861 2534 t,
881 2482 904 2518 v.
927 2469 966 2519 tt.
992 2465 1035 2520 his
1053 2465 1181 2521 omuibus
1205 2465 1345 2538 antiquior
1374 2466 1437 2522 libr.
1460 2471 1483 2521 2.
1503 2467 1540 2521 ad
1558 2483 1672 2522 uxorem
1702 2465 1827 2522 meminit

73 2562 121 2605 sos.
134 2558 164 2604 et
183 2566 244 2621 cap.
268 2557 292 2622 8,
310 2569 337 2607 r.
357 2558 397 2607 20.
416 2551 452 2607 de
470 2550 577 2607 Tobiae
593 2550 697 2621 nuptiis
712 2550 822 2620 dicitsra
840 2550 968 2621 epulatos
993 2551 1156 2620 oblationis,
1198 2569 1254 2623 qua
1287 2553 1490 2608 matrimonium
1522 2555 1549 2607 in
1580 2553 1698 2609 ecclesia
1730 2551 1827 2608 contir-

134 2637 226 2699 fnisse
252 2638 374 2709 hospites
402 2639 432 2691 in
451 2638 552 2692 timore
571 2637 707 2706 Domini,
732 2642 761 2691 et
784 2637 819 2691 de
841 2637 968 2692 convivis
995 2646 1094 2694 matur.

135 2722 272 2779 Ahmveri
297 2723 375 2782 Estb.
399 2731 427 2793 1,
456 2741 482 2782 v.
502 2730 526 2782 8.
555 2725 633 2795 quod
657 2741 736 2779 rsemo
759 2726 800 2778 ad
823 2724 969 2777 bibendum
1030 2733 1089 2785 166.
1125 2724 1213 2781 Nobis
1241 2740 1415 2796 nequaquam
1442 2725 1630 2796 improbatur,
1657 2725 1739 2780 certis
1766 2723 1825 2795 qui·

134 2812 225 2876 fucrit
250 2821 377 2877 cccmus,
409 2810 482 2867 unde
507 2810 537 2865 in
560 2810 756 2866 constitutione
781 2809 968 2866 ecclesiastica
995 2812 1113 2867 busdam
1139 2809 1240 2865 ritibus
1269 2809 1364 2865 utilem
1388 2809 1603 2866 admonitionem
1621 2809 1826 2867 continentibus

136 2897 262 2954 electoris
281 2899 402 2970 Augusti
425 2899 443 2955 l.
469 2898 494 2953 d.
519 2914 614 2953 severe
637 2897 820 2969 praecipitur,
843 2914 879 2952 ne
904 2902 968 2951 ante
995 2896 1194 2954 sacerdotalem
1220 2912 1353 2951 novorum
1381 2897 1531 2968 conjugum
1552 2896 1773 2953 benedictionem
1798 2896 1827 2950 in

135 2986 292 3057 ingressum
322 2985 419 3056 templi
440 2983 657 3053 compotationes
680 2983 872 3046 instituantur,
900 2999 969 3037 nere
995 2983 1112 3040 ecclesia
1129 2982 1240 3054 peragi,
1263 2982 1312 3037 sed
1340 2981 1409 3037 haec
1431 2982 1460 3036 in
1476 2981 1629 3038 Pontificiis
1656 2983 1731 3037 circa
1755 2982 1826 3037 hauc

137 3070 271 3143 superflui
287 3076 395 3127 sumtus
412 3071 441 3125 in
459 3071 563 3142 nuptiis
585 3069 662 3137 liant,
680 3086 715 3125 ne
734 3068 889 3140 impudicae
908 3068 969 3123 cho·
995 3069 1185 3142 quaestionem
1202 3076 1341 3129 mamus.
1370 3073 1391 3122 1.
1409 3068 1484 3140 qnod
1509 3068 1578 3122 ritus
1601 3068 1663 3122 illos
1688 3085 1782 3123 omnes
1799 3076 1828 3124 et

136 3175 201 3215 reae
220 3159 401 3213 instituantur
418 3164 469 3213 etc.
489 3174 553 3212 vere
571 3157 645 3212 enim
663 3156 800 3211 affirmare
817 3172 970 3227 possumus,
996 3155 1134 3227 singulos,
1153 3172 1222 3226 quos
1240 3155 1358 3209 ecclesia
1374 3154 1500 3208 Romana
1517 3153 1646 3210 observat
1662 3170 1695 3209 ac
1714 3172 1826 3211 servan-

136 3261 193 3300 non
212 3244 283 3316 Deo,
301 3245 352 3300 sed
371 3244 482 3300 diabolo
499 3244 633 3300 celebrari
657 3243 770 3314 nuptias
789 3242 818 3296 iu
837 3242 904 3296 luxu
920 3242 969 3296 im·
997 3242 1047 3298 dos
1064 3241 1212 3313 praecipit,
1231 3258 1287 3295 uon
1306 3239 1418 3311 quidem
1434 3242 1471 3295 ad
1490 3240 1653 3296 sacramenti
1673 3242 1828 3311 mendam,

137 3333 280 3387 moderato
301 3348 334 3386 ac
353 3330 517 3402 Sybaritica,
536 3331 564 3384 in
576 3329 651 3384 fastu
669 3330 792 3399 Persico,
809 3328 838 3383 in
856 3329 972 3401 crapula
996 3329 1045 3385 sed
1065 3338 1158 3384 mmen
1176 3336 1289 3399 propter
1306 3326 1440 3383 eeclesiae
1452 3327 1651 3382 institutionem
1662 3328 1829 3398 simpliciter

136 3418 259 3485 beluina,
276 3435 340 3474 cum
358 3418 431 3473 ludis
443 3417 567 3488 impuris,
587 3415 678 3471 verbis
692 3415 836 3472 obscoenis
850 3423 879 3471 et
895 3415 971 3487 turpi
997 3415 1169 3470 necessarios
1186 3430 1247 3470 csse
1265 3420 1391 3468 statuunt
1409 3431 1442 3468 ac
1456 3414 1566 3468 vinculo
1585 3413 1768 3471 anathematis
1781 3431 1828 3471 eos

136 3504 253 3561 lascivia
270 3504 426 3572 institutas,
451 3521 523 3576 quae
546 3520 631 3558 caum
652 3503 737 3558 etism
760 3520 816 3558 non
832 3510 972 3573 postrema
996 3502 1137 3558 innectere
1154 3501 1267 3571 audent,
1286 3501 1334 3573 qui
1351 3499 1395 3555 rel
1415 3517 1501 3555 unum
1519 3517 1552 3555 er
1573 3500 1615 3554 his
1632 3501 1733 3557 ritibus
1750 3517 1828 3574 prae·

136 3599 194 3660 cst,
226 3589 298 3661 quod
330 3590 491 3661 conjuginm
516 3588 610 3643 multis
641 3588 737 3643 infelix
762 3594 790 3642 et
820 3589 971 3644 infaustum
997 3588 1203 3645 termittendum
1232 3604 1293 3643 esse
1320 3587 1363 3643 vel
1391 3585 1574 3657 praetermitti
1600 3603 1682 3657 posse
1707 3595 1828 3644 censent

137 3677 291 3748 contingit,
324 3693 414 3747 neque
443 3677 514 3730 enim
545 3675 691 3730 honestum
728 3676 820 3731 sortiri
856 3685 972 3747 possunt
997 3676 1031 3730 ld
1052 3675 1125 3731 enim
1142 3684 1251 3747 pugnat
1275 3690 1338 3729 cum
1357 3672 1528 3743 perfectione
1545 3671 1705 3743 Scripturse
1725 3691 1829 3744 sacrae,
1842 3686 1884 3730 it.
1899 3684 1943 3729 tn

138 3764 253 3832 exitum,
266 3780 337 3834 quae
348 3781 365 3819 a
378 3770 436 3818 tam
449 3762 530 3818 foedo
543 3760 679 3832 principio
693 3762 808 3833 capiunt
819 3762 971 3832 exordium,
982 3828 985 3839 Ι
997 3777 1070 3832 quae
1093 3767 1136 3817 est
1158 3761 1242 3815 unica
1264 3758 1419 3815 necessario
1447 3766 1480 3813 ut
1507 3758 1706 3813 credendorum
1733 3760 1773 3815 sic
1798 3766 1828 3815 et

136 3866 228 3922 neque
244 3850 366 3905 divinam
391 3848 611 3904 benedictionem
635 3850 768 3920 conjuges
790 3856 908 3918 possunt
924 3842 1188 3904 er·'faciendorum
1204 3862 1314 3910 norma,
1333 3844 1418 3900 Deut.
1434 3851 1465 3914 4,
1489 3861 1514 3898 v.
1534 3851 1557 3900 2.
1582 3861 1641 3916 cap.
1669 3850 1716 3911 12,
1739 3863 1765 3900 v.
1787 3851 1828 3902 32.

135 3936 230 4009 periri,
248 3953 331 4008 quum
346 3936 398 4006 piis
416 3935 545 4006 precibus
558 3934 706 4005 implorare
718 3935 969 4006 praetermiserunt.
996 3942 1048 3990 etc.
1072 3940 1180 4006 pugnat
1202 3950 1266 3987 cum
1291 3931 1426 4003 dignitate
1449 3929 1585 3986 libertatis
1615 3929 1787 3989 Christianae
1810 3950 1828 3989 s

136 4022 274 4079 Henricus
293 4021 345 4077 111.
372 4020 570 4093 imperatorin
596 4021 701 4093 nuptiis
720 4021 778 4077 suis
796 4020 971 4092 lngelbeimii
996 4019 1105 4076 Christo
1122 4027 1180 4075 tam
1197 4035 1262 4074 caro
1285 4018 1374 4089 pretio
1399 4016 1478 4072 nobis
1495 4023 1594 4089 partae
1619 4024 1643 4074 1.
1663 4016 1783 4075 Corinth.
1803 4027 1828 4091 t,

137 4108 285 4166 celebratis
302 4107 454 4179 prohibuit,
470 4125 505 4162 ne
522 4107 688 4173 tibicinum,
706 4107 799 4163 mimis
817 4116 843 4163 et
854 4109 971 4178 scurris,
983 4080 1021 4191 lv.
1046 4112 1088 4163 23.
1120 4105 1181 4162 Gal.
1202 4112 1234 4175 5,
1261 4123 1287 4160 v.
1307 4111 1329 4160 1.
1355 4112 1464 4176 pugnat
1489 4120 1551 4159 cum
1575 4102 1667 4160 officis
1687 4110 1828 4175 pastorum

139 4215 259 4268 qnorum
277 4196 375 4266 inqens
392 4202 504 4250 caterua
522 4196 708 4265 confluxerat,
728 4196 791 4265 cibi,
809 4203 905 4264 uates,
921 4212 972 4265 pe·
983 4194 986 4239 l
998 4193 1145 4262 ecclesiae,
1171 4192 1219 4262 qui
1242 4208 1297 4247 non
1320 4189 1423 4246 debent
1439 4189 1506 4245 fidei
1522 4190 1656 4245 dominari
1681 4197 1706 4247 2.
1723 4190 1785 4246 Cor.
1806 4198 1829 4261 1,

137 4284 224 4339 asnia
241 4291 291 4338 aut
310 4283 373 4338 alia
390 4284 525 4337 darentur
542 4298 673 4349 manaa,
696 4283 749 4336 sed
765 4281 889 4336 cihmum
905 4282 972 4337 reli·
996 4299 1023 4336 v.
1041 4286 1082 4335 24.
1111 4285 1131 4336 1.
1148 4278 1224 4333 Petri
1245 4285 1274 4343 5.
1301 4296 1327 4332 v.
1347 4282 1371 4332 3.
1396 4283 1506 4350 pugnat
1528 4294 1591 4333 cum
1609 4284 1707 4333 natura
1726 4277 1829 4334 rituum

138 4372 222 4441 quior
235 4371 413 4441 pauperibus
436 4371 508 4424 darc
521 4370 622 4438 jussit,
648 4368 796 4425 &sturiae
815 4368 910 4439 Magd.
932 4375 971 4424 11.
998 4365 1258 4433 ecclesiasticorum,
1281 4365 1328 4436 qui
1353 4381 1404 4434 pro
1429 4364 1537 4419 mtione
1554 4364 1828 4435 circumstantiarum,

137 4474 198 4529 cap.
217 4462 242 4513 6.
260 4474 287 4527 p.
305 4462 364 4513 294.
997 4471 1176 4525 personarum
1202 4453 1308 4509 scilicet
1336 4470 1369 4508 ac
1396 4458 1551 4523 temporum
1579 4452 1680 4507 mutari
1705 4461 1829 4523 possunt,

65 4559 106 4600 tus
175 4548 235 4600 sot.
270 4542 351 4598 Ritus
369 4542 398 4596 iu
419 4543 570 4607 Pontificio
587 4542 706 4597 ecclesia
726 4540 842 4596 usitatos
860 4556 972 4595 enume-
998 4547 1058 4596 tum
1074 4546 1197 4596 veterum
1215 4540 1404 4611 abrogatione,
1423 4545 1483 4593 tum
1500 4554 1632 4594 novorum
1648 4537 1830 4598 institutione.

67 4613 126 4703 Ἓξ*
139 4635 184 4685 rat
200 4628 384 4684 Bellarminus
402 4628 463 4686 libr.
483 4628 518 4684 de
534 4629 689 4683 matrimon
710 4643 824 4682 sacram.
844 4642 907 4697 cap.
928 4631 970 4683 33.
984 4598 987 4681 Ι
1001 4633 1022 4682 l.
1037 4627 1098 4681 Cor.
1114 4630 1155 4683 11.
1166 4643 1191 4678 v.
1205 4630 1247 4683 34.
1284 4631 1307 4681 2.
1318 4625 1399 4691 Quod
1414 4624 1517 4680 rituum
1536 4624 1644 4680 illorum
1661 4624 1830 4679 observatio-

65 4716 96 4807 ¹2,
139 4716 193 4771 hoc
211 4715 321 4770 ordine:
340 4721 363 4772 1.
384 4716 593 4770 Benedicentar
610 4716 676 4769 noos'
692 4714 791 4784 sponsi
808 4714 838 4767 s'n
856 4712 973 4766 ecclesia
984 4693 987 4791 l
999 4730 1061 4769 nem
1079 4728 1135 4766 non
1152 4716 1260 4766 tantum
1271 4713 1321 4766 sut
1334 4714 1464 4783 opinione
1482 4712 1660 4782 necessitatis,
1679 4711 1728 4767 sed
1746 4713 1830 4767 cham

65 4777 104 4816 ν’
138 4803 335 4873 asacerdote,·
353 4804 381 4858 2.
397 4803 514 4872 offertum
522 4818 579 4870 pro
596 4800 637 4855 eis
651 4796 1150 4875 oblatioeucharistiaqlcuinsdam
1169 4797 1260 4852 cultus
1279 4798 1365 4853 divini
1385 4798 1519 4854 ecclesiae
1536 4797 1697 4854 obtrudunt
1726 4796 1832 4861 Haeret

139 4895 166 4944 3.
194 4890 330 4944 uelamine
355 4888 546 4956 obnubuntur,·
573 4890 599 4942 t.
619 4886 687 4940 oitta
704 4887 814 4955 partim
839 4886 1028 4952 candida,⁵in
1054 4883 1152 4939 animis
1179 4883 1322 4938 hominum
1352 4883 1405 4939 sub
1430 4889 1550 4955 papatus
1577 4884 1648 4956 jugo
1676 4900 1831 4955 pressorum

134 4975 247 5048 partim
272 4991 422 5046 purpurea
448 4973 532 5028 umal
553 4972 728 5041 junquntur,·
762 4977 787 5026 ὁ.
817 4973 923 5027 annulo
954 4972 1154 5027 alinveterata
1173 4969 1222 5025 illa
1236 4969 1343 5042 opinio,
1367 4970 1443 5042 quod
1467 4970 1574 5043 grande
1593 4971 1629 5027 sit
1647 4970 1832 5043 sacmlcgium,

138 5064 285 5119 sacerdote
309 5059 453 5116 benedicto
476 5076 594 5131 spem
612 5075 744 5127 sponsam
762 5061 865 5129 donat,·
883 5062 908 5115 ⁶.
928 5077 974 5113 oa·
986 5030 989 5119 l
1001 5059 1025 5114 si
1039 5057 1182 5131 quippiam
1208 5074 1242 5113 ex
1266 5055 1322 5111 illis
1346 5056 1445 5112 ritibus
1470 5056 1628 5122 omittatur,
1656 5065 1752 5114 conus
1768 5074 1833 5114 vero

139 5151 194 5204 riis
209 5148 341 5220 precibu
359 5147 520 5217 conjnqiam
544 5162 640 5199 recens
657 5152 830 5199 contractam
848 5146 974 5200 Domino
986 5134 990 5199 l
1002 5145 1112 5202 annulis
1124 5161 1157 5199 ac
1175 5143 1268 5200 fasciis
1288 5143 1342 5198 illis
1364 5143 1536 5215 nuptialibus
1557 5144 1734 5201 amcerdots
1752 5143 1833 5201 bene·

141 5236 367 5304 commendatur,·
389 5240 411 5291 7.
432 5234 622 5288 cohortatione
638 5231 812 5286 sacerdotati
829 5240 975 5287 monerttar
987 5222 990 5289 ἓ
1003 5233 1084 5288 dictis
1101 5232 1209 5300 nescio,
1233 5247 1317 5302 quam
1341 5229 1510 5300 peculiarem
1538 5233 1712 5288 sanctitatem
1729 5237 1759 5285 et
1775 5229 1833 5285 effi·

142 5324 248 5389 officii,
275 5331 305 5376 nt
330 5322 360 5376 in
382 5321 561 5376 matrimonio
587 5320 699 5373 honeste
721 5335 750 5372 se
770 5326 877 5388 pacat.
916 5317 1109 5399 Hos,caciam
1127 5315 1477 5373 citraomneverbidivini
1491 5316 1657 5391 suffragium
1669 5316 1834 5374 asscribunt

141 5410 211 5467 ritus
241 5426 335 5466 omncs
362 5414 391 5464 et
416 5407 540 5480 singulos
567 5405 721 5461 nccmsario
743 5405 892 5460 servandos
916 5412 1028 5469 esset.
1057 5403 1138 5468 Quod
1159 5403 1232 5457 ritus
1252 5402 1409 5473 plurimum
1433 5404 1585 5461 dunmiies
1609 5405 1779 5475 conjungunt
1801 5420 1834 5459 sc

142 5504 281 5567 statuum,
317 5496 392 5551 unde
428 5493 576 5551 concilium
612 5491 807 5548 'tridentinum
835 5508 904 5547 sess.
934 5496 975 5548 21.
989 5498 1088 5547 3unam
1104 5489 1276 5561 eandemque
1293 5505 1388 5544 eorum
1406 5491 1528 5546 omnium
1545 5491 1680 5547 satiem
1699 5496 1833 5545 statuunt

143 5602 242 5641 canon
263 5588 303 5645 11.
323 5582 362 5638 sic
377 5581 503 5639 detonat:
525 5581 561 5637 di
571 5581 635 5651 quis
649 5578 853 5636 tmsdimiones
863 5585 889 5633 et
900 5577 977 5634 alias
989 5552 992 5623 l
1003 5574 1213 5634 Bmediceudos
1229 5592 1290 5634 esse
1307 5576 1337 5632 iu
1356 5575 1474 5634 ecclesis
1495 5594 1580 5633 nosos
1598 5590 1715 5647 mansos
1731 5591 1764 5630 sc
1779 5572 1834 5645 piis
