4020 6022
251 202 291 260 43
831 188 954 248 nocue
973 184 1367 251 morsurusuumrus

251 364 361 414 emme,
388 348 462 422 quod
488 348 519 403 in
547 347 723 404 matrimonio
747 345 936 404 contrahendo
959 345 1033 401 filius
1050 344 1087 401 ds
1115 340 1260 397 Timotheo
1276 341 1409 412 episcopo
1427 338 1560 396 tribuitur
1578 339 1671 409 νεόιης
1692 346 1713 397 1.
1732 339 1804 396 'lim
1823 346 1890 406 tr.
1909 348 1944 401 12

251 452 282 490 re
301 452 354 491 sua
371 435 517 506 disponere
534 435 631 506 possit,
648 435 721 489 sicut
740 434 771 488 in
786 433 848 490 aliis
865 450 941 491 mere
958 431 1086 489 uirilibus
1112 428 1208 485 Tertio
1224 444 1258 483 ea
1275 427 1427 496 asstare&
1445 427 1661 486 eaameratmae.
1680 427 1812 498 Disponit
1823 427 1944 484 Densis

251 521 447 578 accessibus.
484 528 508 578 6.
526 521 573 576 Ad
592 522 682 576 locum
700 520 788 576 Erod.
805 525 848 585 tt,
867 538 892 572 r.
914 523 955 576 16.
975 516 1086 588 excipit,
1113 514 1166 570 hoc
1188 515 1280 587 capite
1305 514 1342 570 de
1363 514 1435 570 rotis
1453 530 1536 570 sexus
1560 513 1684 583 feminei,
1714 532 1747 570 ac
1772 515 1864 587 primo
1888 515 1944 572 loeo

252 609 294 662 ihi
308 625 365 662 aaa
383 609 486 678 apide
503 607 682 662 matrimonia
704 607 766 674 iam
785 613 945 672 contracto,
972 606 1025 658 sed
1050 605 1086 657 cie
1112 601 1237 658 nominat
1258 601 1396 672 cirpiacm
1421 601 1452 658 iu
1476 602 1558 658 domo
1584 602 1671 672 patris
1697 602 1727 657 in
1759 603 1944 659 maecenas

251 697 353 759 futare
377 678 583 765 caasa'staprr'
609 693 816 764 praecedentis.
854 694 922 748 Noa
942 691 1014 745 seha
1032 690 1087 745 ilia
1113 704 1165 743 sua
1195 687 1288 743 adhue
1316 688 1511 759 constitutam,
1540 689 1663 744 secundo
1688 688 1749 744 loco
1772 689 1944 758 maritatam

252 781 412 852 conjunctio
430 780 488 834 m'ri
504 796 566 833 cam
583 779 698 850 puelia,
721 795 795 850 puae
818 779 910 833 rhscio
922 784 1008 848 patre
1024 784 1086 831 crat
1112 774 1193 831 tertio
1221 774 1337 830 eidrsam
1363 782 1390 830 et
1414 776 1604 845 repudiatam.
1650 774 1726 847 Ergo
1749 775 1895 848 quaelibet
1908 776 1944 833 ie

251 871 346 936 sacta,
373 867 480 937 copula
497 866 659 934 conjugalis
668 865 746 935 suit,
773 867 825 919 red
842 871 988 935 stuprum,
1015 880 1083 933 erpa
1112 861 1188 916 mina
1205 861 1327 933 pertinet
1344 862 1381 918 ad
1400 878 1485 917 unam
1501 877 1536 917 ex
1553 861 1597 916 his
1615 861 1705 918 tribus
1721 863 1872 930 classibus,
1888 866 1944 935 ju

251 973 307 1010 aaa
318 961 360 1008 cst
370 952 523 1023 exemplam
538 952 665 1021 coaiapii
682 971 701 1006 a
716 961 801 1023 patre
818 952 945 1019 irritati,
962 953 1015 1006 sed
1024 959 1085 1004 taa-
1113 963 1176 1003 vero
1197 946 1284 1019 virgo,
1302 951 1376 1019 quae
1393 947 1430 1005 ad
1446 963 1534 1003 annos
1551 948 1706 1019 pubertatis
1727 950 1872 1021 pervenit,
1891 967 1944 1007 non

251 1049 307 1094 tam
330 1040 459 1110 eanjaqr's'
473 1040 577 1108 fateri
595 1051 653 1109 pra
675 1038 796 1092 arbitrio
817 1040 920 1107 patris.
958 1037 1085 1108 Respon·
1111 1039 1203 1104 potest
1229 1033 1328 1091 referri
1354 1034 1391 1090 ad
1419 1034 1569 1091 secuudum
1596 1052 1649 1091 nec
1678 1036 1791 1092 tertiam
1818 1036 1944 1107 classem,

251 1127 363 1183 demus:
395 1131 503 1197 perstat
529 1124 706 1181 nihilominus
735 1129 931 1196 argumentum
958 1128 1084 1179 nostrum
1111 1137 1177 1192 ergo
1194 1120 1361 1192 adprimam
1379 1121 1499 1192 pertinet
1515 1127 1544 1177 et
1560 1138 1611 1194 per
1631 1139 1803 1195 consequens
1821 1123 1944 1196 quodde

250 1213 368 1269 firmum.
405 1211 435 1268 Si
452 1212 482 1265 in
502 1210 591 1283 patris
609 1214 748 1281 potestate
765 1210 946 1282 relinquitur,
963 1226 999 1265 an
1018 1209 1085 1265 velit
1111 1207 1169 1262 voti
1188 1206 1257 1262 irriti
1274 1206 1396 1263 faciendi
1412 1212 1551 1279 potestate
1570 1207 1611 1263 ihi
1631 1209 1794 1281 disponitur,
1813 1211 1944 1266 etiamad

250 1298 336 1353 liliam
363 1303 571 1368 constupratam
598 1297 747 1369 stupratori
774 1297 804 1352 id
833 1296 942 1368 petenti
967 1297 1082 1363 elocare,
1111 1309 1173 1348 eam
1199 1299 1314 1364 spectat
1354 1292 1460 1358 Quarto
1486 1310 1520 1348 ea
1548 1296 1732 1367 oppositione.
1776 1296 1889 1354 Mulieri
1918 1297 1944 1352 in

251 1384 349 1456 utique
364 1386 394 1440 in
413 1384 519 1456 nuptiis
536 1383 612 1440 filiae
632 1382 720 1455 patris
743 1400 893 1439 consensus
921 1382 974 1439 erit
990 1398 1084 1438 neom·
1111 1379 1301 1435 adolescentia
1317 1395 1369 1434 sua
1386 1379 1535 1450 opponitur
1553 1397 1611 1437 non
1630 1398 1679 1450 ea,
1697 1400 1769 1453 quae
1786 1399 1875 1440 annos
1894 1401 1944 1456 pu·

251 1472 349 1527 sarius.
389 1469 471 1535 Quod
498 1470 570 1542 juris
595 1470 681 1525 hahet
703 1470 733 1525 in
758 1468 843 1524 filiam
868 1473 1085 1540 constupratam,
1111 1465 1226 1523 bartatis
1247 1465 1350 1538 attigit,
1369 1465 1419 1521 sed
1436 1466 1566 1522 maritata
1583 1468 1717 1524 stridua.
1753 1470 1830 1542 lingo
1848 1471 1878 1526 in
1896 1487 1943 1543 ge

250 1557 324 1612 idem
347 1556 420 1627 juris
444 1555 530 1612 habet
545 1573 576 1612 re
602 1556 695 1611 adhuc
712 1556 822 1628 integra
838 1555 868 1610 in
888 1555 1012 1611 eandem
1048 1556 1085 1610 Et
1111 1568 1177 1608 uere
1195 1551 1361 1624 intelligitur
1374 1552 1473 1608 mulier
1483 1552 1606 1609 nondum
1618 1555 1718 1625 nuptui
1738 1555 1812 1614 data
1843 1556 1944 1622 Quinte

251 1642 313 1715 quie
331 1643 454 1713 patietur
477 1641 530 1696 sibi
556 1642 730 1713 persuaderi,
755 1641 828 1697 iuter
852 1647 1039 1712 stupratorem
1057 1644 1087 1696 et
1112 1655 1145 1693 ere
1173 1640 1326 1706 maaiserta
1348 1641 1390 1693 ad
1417 1641 1569 1694 absurdam
1600 1641 1776 1700 deductione.
1815 1644 1847 1699 Si
1873 1645 1944 1700 enlm

250 1733 459 1800 constupratam
478 1728 666 1784 intercessisse
684 1728 853 1800 quandoque
875 1727 1085 1799 promissionem
1111 1724 1191 1795 virgo
1216 1725 1253 1780 ad
1278 1724 1435 1796 pubertatis
1458 1743 1545 1783 anuos
1570 1727 1685 1809 veniens
1709 1727 1789 1785 fieret
1806 1730 1852 1785 eui
1864 1731 1944 1802 juris,

251 1814 441 1887 conjugalem,
472 1831 536 1869 cum
565 1814 729 1887 quotidiana
760 1818 878 1870 testeum
905 1813 1085 1885 experientis,
1111 1817 1144 1866 ut
1161 1828 1262 1882 pareus
1281 1828 1338 1866 non
1354 1812 1444 1883 possit
1461 1812 1580 1884 amplius
1599 1819 1694 1870 votum
1717 1815 1804 1886 ipsius
1824 1832 1944 1888 pronun·

251 1901 431 1973 promissione
448 1899 498 1955 illa
514 1907 646 1973 tanquam
673 1900 817 1956 blanditiis
834 1901 952 1976 maxime
972 1898 1079 1955 idoneis
1110 1896 1182 1953 tiara
1205 1897 1328 1967 irritum,
1360 1897 1504 1954 deterioris
1531 1899 1603 1956 iuret
1628 1902 1806 1968 conditionis,
1833 1904 1944 1976 quando

252 1988 288 2043 ad
309 2003 473 2043 consensum
492 1986 521 2041 in
539 1992 666 2055 stuprum
691 1986 799 2058 puellas
817 1986 967 2042 solicitsri?
992 1984 1084 2051 Quare
1107 1984 1168 2055 jam
1186 1983 1295 2040 elacata
1312 1990 1355 2039 est
1371 1984 1425 2039 sub
1442 1991 1580 2056 potestate
1600 1986 1664 2056 riri,
1687 2003 1771 2058 quam
1790 1989 1860 2044 dum
1879 2007 1944 2046 non·

252 2091 316 2128 cum
335 2072 380 2128 lex
399 2090 456 2128 non
473 2071 643 2144 distingunt,
670 2089 707 2128 an
733 2072 922 2129 intercesserit
940 2071 1084 2144 promissio
1111 2070 1177 2125 dum
1195 2069 1302 2126 elacata
1319 2076 1362 2126 est
1378 2070 1431 2126 suh
1450 2078 1588 2142 potestate
1603 2075 1743 2144 parentis,
1769 2075 1838 2147 quin
1848 2084 1885 2134 -et
1896 2093 1944 2148 pa·

252 2159 473 2226 matrimonialis,
490 2162 558 2220 'nec
572 2175 621 2222 ue,
645 2159 694 2214 sed
713 2157 839 2215 absolute
864 2175 899 2214 ac
923 2157 1085 2230 simpliciter
1109 2172 1173 2211 rens
1190 2154 1264 2212 filiae
1282 2156 1346 2227 plus
1362 2157 1434 2227 juria
1453 2157 1484 2213 iu
1502 2159 1633 2214 maritum
1657 2161 1835 2229 transferret,
1861 2179 1943 2236 quem

251 2245 361 2317 parenti
378 2245 497 2301 liberum
518 2244 676 2316 relinquat,
696 2261 733 2300 an
750 2251 957 2317 constupratam
976 2249 1083 2315 stupra·
1109 2241 1323 2314 obtinuitque
1339 2243 1454 2298 maritus
1471 2249 1565 2315 potest
1581 2249 1676 2300 rotam
1694 2248 1755 2316 ejus
1770 2246 1865 2304 fecere
1885 2251 1944 2305 irri-

251 2332 306 2389 tari
323 2332 424 2388 elocari
444 2330 525 2399 velit,
545 2348 601 2402 uec,
615 2348 665 2401 ne,
683 2331 806 2404 quinimo
825 2348 889 2386 cum
905 2348 939 2387 ex
958 2331 1084 2387 libertate
1110 2333 1169 2382 tum
1187 2346 1213 2385 r.
1234 2335 1258 2385 9.
1276 2330 1352 2401 quod
1369 2347 1470 2401 parens
1483 2332 1568 2401 juxta
1591 2331 1760 2403 hypothesin
1778 2334 1941 2392 Bellarmini

249 2418 431 2475 recusationis
455 2419 530 2489 patri
555 2416 654 2473 relicta
679 2419 756 2474 haud
784 2418 899 2475 obscure
929 2417 1083 2489 colligatur,
1109 2431 1166 2470 non
1182 2422 1301 2486 poterat,
1318 2433 1383 2472 cum
1399 2423 1494 2472 tamen
1507 2418 1573 2488 jure
1587 2418 1671 2474 etiam
1688 2419 1824 2475 canomco
1837 2427 1944 2479 ceruum

249 2511 433 2578 stupratorem
452 2521 514 2560 eam
532 2504 586 2558 sibi
602 2522 715 2560 uxorem
734 2511 841 2575 petere,
865 2521 948 2577 qnam
965 2504 1083 2561 omnali·
1110 2501 1153 2573 sit,
1173 2505 1250 2572 quad
1266 2520 1347 2558 nemo
1362 2505 1432 2575 pias
1449 2505 1525 2574 iaris
1541 2507 1583 2559 ad
1600 2507 1690 2561 aliam
1703 2508 1836 2571 conferre
1843 2510 1944 2579 pessit,

250 2599 293 2648 tar
311 2589 457 2663 cognovit3
486 2590 550 2645 ideo
569 2607 621 2645 ncc
638 2607 688 2646 nos
706 2590 789 2646 facile
811 2590 982 2663 distinguere
1000 2590 1083 2646 dehe-
1109 2605 1193 2657 quam
1211 2589 1268 2643 eidi
1293 2599 1447 2660 competere
1471 2591 1660 2660 disuescatur.
1680 2609 1705 2650 c.
1728 2591 1819 2651 Nemo
1838 2603 1892 2653 eto.
1911 2597 1944 2654 ds

249 2695 327 2743 mus,
358 2677 408 2732 sed
427 2677 475 2747 jus
499 2676 607 2746 patriae
629 2677 776 2747 potestatis
799 2670 909 2747 prisnei
928 2677 1083 2749 relinquere
1109 2674 1142 2731 R.
1161 2675 1189 2732 J.
1208 2675 1238 2729 iu
1251 2681 1275 2732 6.
1308 2676 1486 2748 Deniqusex
1502 2680 1638 2734 adversas
1648 2681 1745 2749 partis
1758 2683 1944 2747 caesariana.

249 2765 403 2836 integrum,
431 2780 488 2834 qua
509 2763 545 2819 dc
567 2781 598 2819 re
623 2762 738 2819 heterius
755 2764 845 2834 plura.
882 2770 907 2820 6.
926 2765 973 2820 Ad
991 2767 1083 2822 locum
1109 2761 1251 2818 Cornelius
1268 2779 1287 2818 a
1306 2762 1463 2833 lapidem
1480 2771 1658 2823 commentar.
1682 2783 1757 2823 num
1775 2772 1818 2825 66.
1836 2785 1865 2840 p.
1884 2775 1943 2828 9²5.

249 2852 334 2909 Num.
353 2850 395 2909 36.
415 2849 526 2920 excipit,
543 2851 633 2919 issem
652 2850 734 2905 iliam
745 2852 933 2907 determinare
953 2853 990 2906 de
1003 2851 1082 2922 silia-
1108 2849 1244 2921 agnoscit,
1263 2851 1341 2918 quad
1358 2850 1480 2905 amairms
1498 2851 1611 2906 amaiao
1628 2853 1755 2917 siliarum
1772 2862 1838 2909 sota
1856 2857 1944 2912 irrita

250 2941 308 3002 bas,
328 2953 400 3007 perae
417 2939 542 2991 eamdam
555 2945 745 3007 percussam
757 2941 799 2993 ad
815 2955 905 2992 amcos
915 2939 1083 3008 pubertatis,
1108 2936 1206 2998 facore
1219 2935 1347 3003 possea
1360 2953 1477 3005 pareas,
1495 2939 1610 2994 etiamsi
1618 2941 1734 3006 suerint
1751 2943 1942 3014 praedoctae,

249 3034 314 3080 aate
331 3042 468 3096 quoram
484 3025 586 3078 haheat
600 3025 848 3095 plattamratioais
859 3027 1083 3095 judiciamcam
1108 3020 1181 3075 siem
1210 3022 1305 3076 amaia
1337 3024 1434 3078 acoris
1462 3033 1526 3079 rota
1552 3025 1670 3081 irritare
1692 3029 1787 3097 pomis
1813 3031 1943 3088 martra.

249 3113 279 3166 ia
298 3118 372 3167 testa
398 3111 441 3166 Iris
456 3112 596 3180 addatar,
624 3127 697 3181 qaae
720 3111 751 3165 ia
768 3112 851 3166 doma
864 3120 1014 3182 pareatum
1034 3112 1083 3167 lta·
1109 3114 1132 3163 t.
1149 3106 1306 3179 Distinguit
1322 3110 1436 3166 taudem
1461 3111 1534 3165 iater
1560 3114 1767 3170 matrimonium
1789 3124 1887 3170 ratum
1907 3124 1943 3172 ac

250 3199 319 3252 bitot
342 3204 368 3252 et
392 3215 465 3268 qaae
488 3205 529 3252 est
547 3197 641 3252 addae
665 3198 696 3252 ia
720 3205 812 3253 aetate
827 3198 974 3268 paediam
993 3199 1083 3254 aliam
1108 3195 1175 3248 Dea
1193 3203 1314 3264 cratem
1351 3198 1402 3250 Ad
1418 3198 1471 3252 troc
1485 3199 1611 3270 (inarsit)
1633 3208 1664 3255 at
1679 3202 1891 3257 matrimonium
1907 3203 1944 3258 rit

249 3302 314 3338 cera
344 3300 404 3339 esse
427 3286 565 3339 ratium
588 3302 698 3350 earam,
730 3302 804 3355 qaae
827 3304 931 3340 aaaam
949 3287 1081 3340 duodeci·
1107 3298 1202 3336 aarum
1218 3288 1246 3336 at
1262 3290 1372 3349 ratam,
1394 3301 1451 3338 aaa
1469 3285 1652 3355 requirantur
1668 3288 1730 3343 alia
1746 3287 1843 3344 media
1858 3306 1943 3361 prac-

250 3389 325 3426 mam
342 3371 554 3440 compleverint,
581 3387 631 3424 eas
648 3371 721 3425 assim
740 3372 820 3441 effici
836 3373 975 3442 suijuris
992 3390 1028 3426 ac
1045 3375 1081 3427 dc
1108 3373 1151 3421 ter
1168 3367 1286 3432 libonem
1305 3370 1454 3439 coajapam
1472 3387 1640 3427 consererem.
1682 3375 1716 3429 Ut
1734 3382 1824 3429 ames·
1845 3377 1944 3446 ccaja·

246 3474 375 3527 persana
391 3474 445 3511 aaa
471 3464 498 3510 ct
513 3456 630 3522 uetitus,
650 3458 700 3527 arsi
719 3458 888 3512 muratae
908 3459 993 3512 tiberi
1009 3467 1082 3527 aaut,
1108 3454 1186 3523 aium
1202 3455 1239 3509 sit
1255 3456 1321 3510 Dea
1339 3465 1449 3528 aratam
1466 3466 1494 3512 ct
1509 3457 1581 3526 ipsis
1600 3460 1765 3529 coajapidas
1783 3462 1870 3528 atiie,
1886 3478 1941 3518 ma

247 3560 303 3613 pro
321 3543 440 3597 arbitrio
457 3543 607 3613 drhpm
619 3560 714 3613 porse,
751 3543 918 3615 Responsio:
939 3545 1011 3602 Sane
1028 3545 1082 3602 Rp.
1109 3539 1162 3593 dt'a
1185 3558 1205 3594 a
1231 3543 1296 3597 Deo
1321 3543 1450 3598 instituta
1477 3551 1542 3598 suat
1563 3553 1715 3618 parentum
1736 3555 1763 3602 et
1786 3550 1942 3604 amiam

250 3630 377 3685 binorum
403 3628 577 3700 quorundam
603 3627 673 3684 haec
697 3637 739 3686 est
765 3631 874 3702 opinio,
903 3632 979 3703 quod
1002 3639 1083 3704 pater
1108 3628 1244 3693 comalio,
1263 3637 1376 3685 mama
1399 3631 1579 3701 deliberatio,
1602 3635 1760 3688 sacmdotis
1786 3636 1943 3692 marcis

250 3715 400 3771 dissolvere
418 3715 507 3787 possit
523 3720 619 3770 votum
636 3714 723 3782 tiliae,
750 3718 887 3787 qstamdr'a
910 3736 967 3774 aaa
983 3721 1080 3775 adole·
1108 3721 1134 3768 ct
1150 3715 1184 3769 id
1197 3732 1284 3785 pcaas
1302 3717 1371 3787 atis,
1390 3735 1462 3787 qaae
1477 3720 1528 3788 qai
1543 3721 1665 3790 spermit,
1683 3739 1738 3776 aaa
1752 3730 1848 3792 potest
1865 3732 1941 3778 certo

249 3802 334 3867 ecrit,
359 3803 393 3856 id
414 3809 454 3856 est
476 3808 625 3871 antequem
649 3820 738 3859 aanor
759 3805 861 3876 sipiati
878 3805 915 3859 sit
934 3813 1022 3875 aata,
1048 3822 1082 3861 ea
1105 3805 1306 3874 proamstiarc,
1321 3821 1401 3859 mrem
1415 3808 1576 3876 coajapr'am
1587 3808 1650 3862 Dea
1665 3809 1791 3878 placere,
1811 3810 1879 3866 ticet
1897 3829 1942 3866 eo·

249 3889 323 3945 enlm
346 3893 438 3945 aetate
461 3887 637 3961 postmodum
660 3888 747 3945 liliam
766 3906 817 3961 pro
834 3891 920 3946 ridrm
936 3892 981 3946 rel
999 3910 1080 3964 repu-
1108 3891 1172 3944 dem
1190 3897 1312 3961 tempore
1325 3893 1418 3961 possit
1435 3910 1491 3947 aaa
1510 3893 1663 3965 ambipere,
1690 3896 1758 3964 qaia
1783 3897 1820 3950 sit
1844 3913 1942 3953 ceram

250 3975 328 4031 dista
343 3974 454 4045 haberi,
474 3974 523 4030 sed
542 3975 646 4030 rectius
664 3974 774 4045 dicitu,
792 3978 867 4049 quod
880 3995 931 4050 per
953 3978 1082 4034 mulieres
1108 3985 1135 4031 et
1147 3978 1263 4047 sternam
1286 3985 1369 4047 atqua
1395 3997 1414 4032 a
1433 3981 1498 4033 Deo
1516 3980 1668 4036 certissime
1689 3983 1853 4040 institutam.
1888 3984 1942 4042 Re·

249 4061 278 4115 in
306 4061 388 4115 domo
417 4061 503 4131 patris
523 4060 650 4137 wita,
678 4063 709 4115 ia
731 4065 866 4133 pueritiis
892 4066 960 4134 sart,
990 4065 1081 4121 adhuc
1108 4063 1289 4135 spondemus:
1306 4063 1430 4120 membra
1440 4063 1524 4137 hujus
1536 4065 1719 4123 distinctionis
1737 4085 1794 4124 non
1810 4071 1942 4127 suntsihi

250 4147 414 4203 constitutas
437 4146 478 4203 ibi
502 4145 532 4201 in
562 4163 665 4219 genere
683 4148 876 4222 intelligantur
897 4167 991 4208 omncs
1008 4152 1082 4209 filiae
1108 4150 1226 4206 invicem
1248 4150 1390 4222 opposita,
1421 4150 1471 4207 sed
1496 4151 1588 4223 potius
1612 4160 1760 4211 mutuose
1784 4156 1942 4216 includunt

248 4234 371 4291 nondum
389 4231 489 4304 nuptui
507 4233 602 4304 datae,
630 4235 687 4291 sire
705 4235 761 4291 sint
789 4236 862 4292 infra
879 4255 965 4295 annos
982 4239 1082 4310 puber·
1109 4235 1198 4292 Omne
1215 4237 1511 4292 enimmatrimouinm
1528 4255 1623 4294 verum
1641 4256 1674 4294 ac
1687 4247 1779 4296 retum
1797 4248 1841 4298 est
1857 4244 1942 4299 etiam

248 4321 316 4378 tatis
334 4319 425 4376 adhuc
444 4320 618 4391 constitutae,
637 4323 695 4378 sire
713 4340 759 4378 eos
777 4340 987 4395 supergressae,
1008 4325 1082 4396 quod
1108 4324 1138 4377 in
1157 4338 1189 4377 se
1205 4340 1239 4379 ac
1266 4339 1317 4394 per
1341 4340 1372 4379 se
1392 4323 1452 4378 Deo
1472 4331 1591 4396 gratum,
1616 4332 1713 4397 utpote
1731 4327 1768 4383 ab
1786 4329 1848 4399 ipso
1865 4328 1942 4385 iusti·

249 4407 399 4480 prohamus
422 4405 511 4477 primo
535 4422 568 4461 aa
592 4409 656 4478 ipsa
685 4411 761 4464 cocis
785 4410 999 4480 sipaificatioae,
1024 4411 1080 4484 '523
1108 4415 1208 4479 tutum,
1228 4416 1257 4466 et
1274 4410 1396 4466 vicissim
1415 4411 1619 4467 matrimonium
1634 4415 1715 4483 juxta
1737 4414 1813 4485 leges
1830 4416 1943 4473 divinae

248 4493 330 4557 euim,
347 4509 366 4547 a
384 4508 439 4564 quo
459 4482 564 4570 niatu),
587 4493 703 4564 dicitur,
731 4511 788 4550 non
814 4496 903 4551 solum
932 4497 1023 4552 inlam
1054 4504 1083 4554 et
1109 4496 1291 4553 institutionis
1314 4503 1486 4552 conuectum
1512 4505 1555 4554 est
1579 4515 1673 4554 rerum
1693 4507 1722 4557 et
1738 4509 1830 4558 ratum
1848 4505 1943 4560 matri·

127 4597 131 4604 ·
248 4577 843 4652 pner,sedctiamadolesoeus,quinonduni
853 4582 1082 4650 demostenem,
1109 4585 1241 4639 monium.
1276 4582 1468 4639 subsumimus
1495 4601 1561 4640 vero
1586 4586 1621 4641 de
1644 4587 1816 4644 matrimonio
1842 4589 1943 4648 libero

248 4664 277 4719 id
294 4665 403 4736 estqui
420 4664 512 4721 adhuc
532 4665 693 4721 insedibus
711 4667 834 4739 paternis
853 4669 946 4741 degit,
963 4671 1082 4727 neodem
1109 4688 1170 4727 rum
1195 4671 1254 4726 sine
1277 4677 1424 4742 parentum
1448 4687 1584 4727 censensu
1608 4678 1764 4744 contracto,
1791 4677 1868 4748 quod
1886 4693 1943 4734 uon

248 4752 386 4807 contraxit
398 4751 604 4808 matrimonium
618 4752 680 4810 doh.
696 4759 719 4823 1,
736 4772 762 4811 r.
779 4759 818 4812 19.
836 4756 906 4813 Joel.
922 4763 943 4826 1,
956 4775 981 4814 r.
994 4763 1018 4815 6.
1031 4765 1083 4814 eto.
1109 4757 1145 4814 sit
1166 4759 1248 4829 juxta
1265 4757 1342 4829 leges
1360 4757 1470 4814 divinae
1495 4759 1676 4814 institutionis
1709 4776 1761 4816 nco
1782 4763 1866 4834 juxta
1888 4764 1942 4821 Dei

249 4837 378 4894 Secundo
408 4856 441 4895 aa
466 4837 553 4893 LXX
578 4840 763 4910 interpretum
791 4843 924 4908 caricae,
944 4843 985 4898 illi
1009 4844 1082 4900 enim
1108 4844 1223 4900 verbum
1240 4844 1348 4901 initum.
1385 4843 1461 4916 Ergo
1478 4861 1535 4901 non
1554 4852 1597 4900 est
1612 4862 1707 4902 rerum
1730 4855 1758 4902 et
1774 4856 1867 4904 ratum
1884 4869 1944 4908 ma-

248 4922 428 4982 ro'ddidarunt
444 4927 475 4980 ἐν
493 4928 523 5001 τῇ
548 4926 654 4995 νεότητι
680 4925 771 4995 αὐτῆς,
796 4928 826 4982 ia
843 4929 998 4999 juveutute,
1021 4931 1081 5001 jam
1107 4929 1275 4986 samonum.
1303 4929 1809 5004 Abeurdutigituroatssellarmiuua‚
1828 4937 1943 5008 quando

247 5008 340 5080 νεῦιης
357 5013 548 5082 complectitur
564 5012 648 5068 ctiam
666 5029 754 5069 annos
773 5014 928 5086 pubertatis
945 5032 979 5071 ac
992 5023 1080 5073 totam
1107 5015 1213 5082 assent,
1231 5018 1343 5087 liberas,
1361 5019 1410 5089 qui
1426 5019 1487 5074 siae
1500 5027 1648 5089 pareatum
1670 5038 1805 5077 causeam
1830 5033 1944 5081 comma·

248 5095 473 5169 adolescentiam,
490 5100 565 5155 unde
584 5100 610 5156 ei
627 5101 882 5174 opponituryipcs.
909 5101 1000 5158 Thus.
1024 5104 1043 5162 1.
1056 5111 1080 5162 6.
1107 5104 1188 5170 ham,
1212 5121 1270 5159 aaa
1284 5121 1369 5175 passe
1386 5113 1461 5160 certo
1475 5108 1663 5174 prooemiare
1680 5125 1761 5163 suam
1781 5111 1944 5181 cassiopim

247 5201 274 5254 p.
295 5188 352 5240 tot
371 5190 503 5259 reptasse
525 5187 640 5256 νεότητα
662 5191 716 5262 μὲν
735 5191 783 5243 καὶ
805 5192 892 5265 γῆρας
916 5186 982 5245 ἄνευ
1001 5187 1081 5259 ditri-
1106 5192 1171 5246 Dea
1193 5191 1326 5260 placere,
1356 5200 1383 5247 et
1402 5199 1495 5247 tamea
1519 5195 1615 5249 eodem
1636 5201 1759 5263 tanrpare
1776 5214 1865 5267 paese
1885 5216 1944 5254 aar

247 5273 304 5323 lar
332 5271 423 5340 μηδὲν
451 5271 603 5329 δύνασθαι.
640 5272 807 5330 Plutarchus
833 5273 863 5328 in
888 5273 937 5329 lib.
963 5291 999 5330 au
1021 5276 1080 5333 seni
1106 5278 1260 5348 ambipera,
1290 5279 1357 5349 qaia
1382 5280 1420 5332 sit
1435 5295 1532 5334 ceram
1549 5288 1574 5334 et
1597 5283 1708 5344 firmam
1735 5289 1819 5352 atquc
1839 5302 1858 5338 a
1879 5287 1944 5342 Dea

246 5371 319 5427 resp.
345 5372 451 5429 capese.
480 5356 664 5433 πειθαρχικὸν
689 5359 706 5429 ἡ
733 5358 834 5427 νεότης,
861 5359 1030 5434 ἡγεμονικὸν
1050 5365 1081 5419 δὲ
1105 5365 1257 5420 σονείεείωσ
1274 5366 1439 5421 institoriam.
1478 5365 1622 5432 Quomom
1641 5368 1714 5423 enim
1733 5368 1794 5426 Deo
1812 5387 1870 5427 non
1883 5373 1944 5446 pla·

246 5440 278 5497 sd
300 5446 393 5515 γῆρας.
430 5443 510 5499 Idem
531 5444 695 5517 comprobat
725 5445 885 5519 Scripturas
910 5465 984 5506 usus.
1032 5448 1079 5508 sis
1107 5457 1193 5519 cerat,
1223 5455 1297 5524 quod
1320 5451 1357 5509 ab
1380 5451 1440 5522 ipso
1462 5450 1634 5525 institutum,
1663 5472 1727 5510 cum
1756 5455 1816 5528 ipse
1840 5458 1944 5535 diliget
