4020 6022
841 294 894 351 DE
915 294 1115 354 coetuum.
1764 304 1827 361 443

135 449 177 502 et.
203 451 309 517 quaest
330 452 357 501 t:
389 448 425 503 es·
449 449 550 505 mulier·
574 450 738 515 infirmitate
762 456 892 520 coneptu
908 466 966 503 nan
994 450 1104 520 requiri
1119 450 1221 518 noluit,
1247 466 1310 504 eum
1337 451 1449 504 admset
1467 448 1602 512 mmeria,
1624 450 1727 518 forma
1744 456 1829 521 atque

133 532 256 586 valuerit
286 534 348 588 uiro
379 535 498 590 debitum
522 538 657 606 reddere,
688 539 759 607 quid
786 538 848 607 ejus
873 536 968 601 saciat
995 535 1119 594 intentio.
1157 536 1284 607 sicergo
1300 541 1393 607 patres
1412 535 1453 590 illi
1470 534 1573 607 patrati
1591 539 1757 605 patestatem
1775 535 1828 591 sibi

134 619 316 688 conjupatisi
344 622 455 675 Bonum
473 631 551 691 esset,
570 625 598 677 si
613 625 654 678 sie
670 632 854 693 permaneret,
873 632 904 677 ut
919 623 966 676 ab·
993 623 1169 694 arripuerunt
1204 622 1378 695 conjugium,
1408 622 1482 693 quod
1513 637 1607 675 coram
1633 623 1692 676 Deo
1730 629 1828 687 ratum,

133 705 283 760 stinentiae
299 717 422 776 uacaret,
440 711 493 763 esd
511 711 579 779 quia
597 710 649 763 hoc
666 728 832 780 maerorum
852 717 901 777 est,
917 709 968 763 itte
994 726 1104 778 rerum,
1131 708 1285 780 legitimam
1303 715 1332 764 et
1349 708 1488 777 divinum,
1504 706 1626 763 faciendi
1649 707 1769 778 irritum,
1789 724 1826 762 sn

134 790 184 858 oui
198 808 254 844 non
266 794 374 860 poterit
385 812 415 848 se
428 796 578 864 continere,
591 796 677 849 nubat
691 795 790 864 mopsi,
809 814 864 849 non
876 803 968 849 tamen
994 794 1181 850 characterem
1207 795 1313 850 bestiae
1338 794 1368 848 in
1388 793 1478 849 fronte
1503 810 1563 848 sese
1580 808 1680 866 gerere
1701 799 1730 849 et
1745 793 1826 849 Anti·

133 877 161 929 ei
176 877 298 931 subsidii
315 896 394 948 opem
419 881 581 946 subtrahat,
604 899 689 950 quam
711 882 862 952 infirmitas
883 897 967 951 prae·
994 880 1090 936 christi
1107 880 1246 951 mancipia
1263 897 1323 937 esse
1343 880 1569 935 demonstrarent.

133 964 229 1031 pedit,
255 982 312 1018 non
336 973 429 1020 tamen
456 968 629 1022 detestabilis
650 968 736 1037 culpa
756 969 885 1022 secludit.
924 966 967 1023 De
1030 972 1089 1022 665.
1123 966 1171 1022 Ab
1196 966 1401 1037 impedimentis
1419 965 1474 1020 illis
1491 965 1696 1021 matrimonium
1714 972 1824 1021 conus·
1839 972 1926 1011 cerne

135 1065 191 1120 quo
208 1049 343 1120 rescripto
361 1050 512 1108 Gratianus
534 1053 639 1109 ibidem
663 1054 754 1120 addit,
779 1055 856 1123 quod
877 1053 969 1107 saeris
994 1053 1115 1108 bendum
1135 1053 1360 1123 prohibentibus,
1377 1057 1548 1107 contractum
1566 1068 1630 1107 sero
1650 1051 1823 1107 dissolventi·
1838 1024 1933 1116 ffi'fp'ffl

135 1136 296 1200 canonibsu,
316 1137 372 1191 imo
391 1139 565 1208 apostolieae
583 1148 609 1194 et
626 1141 804 1210 esaupelicae
821 1139 967 1193 doetrinae
996 1138 1047 1193 bus
1064 1141 1146 1210 (quae
1164 1138 1313 1210 improprie
1332 1140 1404 1194 inter
1420 1155 1518 1194 causas
1530 1138 1642 1194 divortii
1659 1138 1825 1205 referuntur)
1839 1127 1944 1228 fflffi·

132 1223 245 1291 penitus
268 1224 425 1279 inueniatur
449 1228 606 1280 aduersum.
652 1226 716 1282 Vid.
734 1227 828 1296 script.
847 1224 967 1281 Wirten·
994 1224 1142 1280 transitum
1167 1225 1284 1280 faenus
1313 1225 1350 1279 ed
1375 1243 1476 1280 causas
1500 1224 1618 1278 diuortii
1638 1225 1758 1294 proprie
1785 1225 1899 1279 riesisse.

136 1306 214 1379 berg.
233 1309 315 1364 theol.
335 1317 433 1365 contra
450 1311 551 1366 Pistor.
577 1329 605 1377 p.
625 1316 668 1369 et.
690 1310 850 1367 Hassiaeor.
871 1318 968 1366 cenna
996 1313 1096 1380 dictas,
1116 1329 1188 1383 quae
1206 1313 1242 1367 sb
1255 1311 1396 1382 aliquibus
1408 1315 1623 1365 annumerantur
1637 1310 1746 1365 duabus
1762 1310 1827 1380 illis,

135 1393 253 1449 cundem
270 1413 297 1466 p.
316 1402 357 1452 90.
375 1396 530 1452 Turnovius
549 1396 610 1453 libr.
629 1403 652 1452 3.
676 1397 712 1453 de
738 1397 855 1453 matrim.
882 1414 907 1454 c.
928 1401 969 1453 35.
997 1415 1066 1467 quas
1092 1398 1219 1468 superins
1255 1398 1461 1465 constituimus,
1490 1397 1632 1452 adulteria
1665 1397 1773 1452 scilicet
1798 1404 1829 1452 et

136 1497 181 1551 qu.
202 1487 226 1538 l.
997 1485 1156 1539 desertioni.
1198 1484 1294 1540 Prima
1315 1484 1426 1539 divortii
1446 1500 1532 1538 causa
1549 1499 1567 1537 a
1585 1481 1754 1554 quibusdam
1771 1489 1827 1537 sta·

170 1573 228 1624 664.
263 1566 433 1625 Enumerata
451 1569 660 1625 illsduodecim
672 1569 879 1641 impedimenta,
897 1584 969 1640 quae
995 1569 1083 1624 tuitur
1113 1571 1278 1638 infidelitas.
1324 1570 1368 1625 De
1393 1585 1429 1625 ea
1451 1567 1592 1624 Pontificii
1621 1570 1662 1623 sic
1689 1575 1827 1626 statuunt:

134 1655 341 1709 matrimonium
353 1656 572 1709 contradendum
585 1657 741 1726 impediunt
758 1664 785 1709 et
796 1663 968 1709 contractum
999 1657 1140 1726 Conjupia
1161 1659 1318 1723 infidelium
1340 1658 1415 1712 solui
1427 1664 1545 1727 possunt
1568 1658 1664 1726 quoad
1678 1658 1828 1720 macutum,

135 1741 279 1810 dimotum,
298 1741 413 1812 quidam
431 1741 564 1797 minutius
583 1740 718 1797 definiunt
735 1746 764 1796 et
780 1756 971 1796 numerumea
996 1742 1024 1794 si
1040 1743 1114 1797 alter
1133 1745 1282 1812 ooniupum
1300 1752 1476 1799 canrmtatur
1500 1746 1542 1797 ad
1560 1745 1644 1808 tidem
1663 1751 1690 1797 et
1707 1743 1782 1798 aiter
1801 1745 1830 1798 ei

135 1827 243 1883 ratione
272 1836 392 1898 augent,
422 1827 497 1881 unde
526 1826 667 1883 Lutherus
704 1826 733 1881 in
758 1827 819 1883 libr.
858 1826 893 1882 de
923 1827 969 1882 vit
996 1829 1068 1883 nolit
1086 1829 1248 1884 cohabitare
1271 1831 1331 1883 sine
1360 1830 1470 1899 injuria
1496 1829 1641 1886 mentoris.
1687 1828 1828 1900 Oonjupia

55 1919 122 1963 ‚tta
136 1913 248 1984 conjug.
276 1918 342 1968 tom.
376 1919 399 1969 2.
429 1913 543 1969 Jeneru.
575 1912 702 1969 German
731 1913 751 1968 i.
786 1919 841 1969 152.
864 1913 969 1981 scribit,
995 1932 1061 1968 uero
1089 1915 1217 1978 fidetium
1240 1923 1343 1984 negant
1365 1915 1438 1970 solui
1459 1933 1544 1985 posse
1568 1917 1664 1984 moad
1688 1916 1828 1970 uriconium

130 2016 240 2070 papam
259 1999 453 2067 duodeuiginti
471 2017 571 2052 causas
591 2000 620 2052 iu
639 2017 690 2055 suo
711 2000 777 2067 iure
795 2001 970 2066 oonfiuaiese,
995 2018 1159 2071 paaeunque
1179 2019 1211 2055 ea
1229 2019 1333 2073 causa,·
1357 2002 1460 2071 quodsi
1482 2002 1621 2055 alterutra
1638 2020 1711 2072 pars
1736 2019 1756 2055 a
1769 2004 1828 2067 tide

134 2085 232 2154 andus
251 2086 377 2140 omnibus
395 2086 602 2140 matrimonium
615 2086 659 2139 uei
676 2085 806 2156 dissipat,
824 2086 869 2140 oei
882 2085 967 2156 impe·
997 2087 1144 2142 Catholioa
1160 2089 1281 2152 recedat,
1298 2088 1410 2152 fidelem
1429 2090 1526 2158 quoad
1541 2088 1773 2143 cohabitationem
1792 2089 1828 2143 ai

134 2173 192 2236 dit,
211 2189 281 2241 quas
296 2172 361 2237 scre
385 2188 480 2225 omnes
497 2189 528 2225 se
545 2172 665 2240 rejicere
682 2173 768 2226 addit
786 2171 847 2239 (ubi
865 2188 968 2227 connu-
996 2177 1095 2229 eadem
1114 2176 1233 2230 dissolri
1253 2193 1339 2245 posee
1361 2183 1522 2240 autumant,
1560 2175 1745 2231 Bellarminus
1764 2176 1827 2234 libr.

133 2264 222 2312 meret
249 2257 448 2328 impedimenta
483 2264 620 2330 quatuor,
650 2275 722 2329 quae
751 2258 968 2314 contrahendum
996 2261 1032 2318 de
1049 2260 1204 2317 matrimon.
1228 2277 1289 2331 cap.
1309 2266 1348 2316 lt.
1370 2257 1398 2334 ξ.
1419 2267 1444 2317 2.
1468 2277 1532 2331 cap.
1553 2267 1592 2317 14.
1619 2257 1647 2336 ἕ.
1664 2269 1688 2317 5.
1713 2261 1766 2317 hoc
1784 2270 1828 2319 est

133 2342 301 2413 impediunt,
330 2349 502 2400 contractum
522 2361 587 2400 vero
610 2362 667 2400 non
697 2344 867 2413 dissolvunt,
897 2361 968 2416 quae
995 2352 1108 2418 propter
1139 2346 1330 2403 infidelitatem
1355 2349 1585 2416 praecedentem,
1616 2347 1729 2418 quando
1754 2355 1828 2405 nter·

133 2436 198 2484 suut
213 2430 348 2484 melesius
364 2431 485 2499 neutum,
505 2438 612 2500 tempus
625 2432 769 2497 feriatum,
787 2433 967 2498 eoruuetudo,
995 2451 1050 2505 que
1079 2434 1181 2504 conjux
1205 2433 1294 2504 primo
1317 2440 1360 2487 est
1384 2430 1503 2488 infidelis
1524 2437 1554 2488 et
1577 2439 1674 2503 postea
1696 2433 1767 2489 alter
1791 2435 1827 2491 ad

133 2518 262 2585 dejectus
290 2518 366 2572 risus
394 2518 439 2572 uel
469 2517 612 2587 cuddae).
666 2518 712 2575 Sic
741 2517 967 2588 impedimentum
994 2518 1078 2574 fidem
1097 2519 1275 2582 convertitur,
1295 2517 1452 2574 concedunt
1468 2518 1616 2573 divortium
1628 2519 1720 2590 quoad
1733 2519 1826 2575 vincu-

132 2606 277 2674 quartum,
296 2603 371 2674 quod
383 2610 427 2658 est
443 2606 588 2672 coenatio,
612 2621 675 2660 cum
693 2611 723 2659 et
741 2606 967 2675 consanguinita·
994 2606 1067 2674 lum,
1085 2609 1199 2676 propter
1219 2602 1411 2659 infidelitatem
1426 2612 1598 2673 eequmtem,
1623 2603 1735 2676 quando
1753 2611 1827 2661 uter·

131 2698 186 2744 tem
212 2696 241 2744 et
258 2692 430 2757 affinitatem
454 2691 662 2762 complectatur,
693 2691 722 2745 in
751 2691 806 2746 duo
837 2691 969 2762 specialia
994 2709 1048 2763 que
1067 2692 1168 2762 corrjux
1185 2690 1275 2761 primo
1293 2696 1336 2745 est
1360 2688 1452 2745 fidelis
1480 2697 1509 2745 et
1533 2696 1631 2760 postea
1647 2690 1718 2747 alter
1736 2708 1755 2747 a
1770 2693 1826 2749 lide

132 2776 525 2849 impedimentsaqaibusdam
535 2777 778 2848 subdistinguitur.
789 2778 860 2833 Item
868 2793 969 2849 cogna-
993 2777 1120 2845 discedit,
1140 2777 1296 2833 concedunt
1316 2775 1464 2831 divortium
1483 2776 1577 2848 quoad
1588 2782 1679 2832 torum
1696 2784 1726 2834 et
1743 2779 1827 2836 coha-

135 2863 204 2919 tioni
216 2864 345 2919 naturali
355 2864 467 2919 additur
478 2864 608 2935 cognatio
617 2864 778 2933 spiritualis
786 2881 820 2919 ex
830 2863 967 2934 baptismo
994 2864 1163 2919 bitationem.
1191 2862 1249 2918 Nos
1268 2868 1416 2933 utrumque
1434 2876 1577 2934 negamus,
1597 2863 1716 2935 ideoque
1734 2865 1826 2921 Ponti·

133 2957 162 3006 et
182 2949 401 3018 confirmatione,
423 2966 461 3005 ac
485 2950 614 3021 cognatio
634 2949 736 3019 tepolis
761 2967 795 3005 ex
818 2950 967 3021 adoptione
992 2950 1061 3006 liciis
1082 2948 1262 3021 opponimus,
1289 2953 1311 3003 1.
1330 2947 1438 3001 Ctristi
1468 2949 1637 3003 duisionem
1662 2949 1951 3021 Mstth.19,xvtttt.

133 3043 209 3105 orta,
243 3052 300 3108 qua
329 3036 437 3092 ratione
472 3036 631 3108 quindecim
661 3042 741 3092 erunt
768 3036 967 3107 impedimenta
991 3055 1018 3091 v.
1038 3043 1069 3092 6:
1086 3037 1169 3100 Quod
1185 3037 1267 3090 Deus
1283 3034 1435 3105 conjunxit,
1454 3033 1535 3089 bomo
1551 3052 1608 3087 non
1625 3044 1747 3105 separet.
1783 3038 1824 3092 at

132 3122 297 3178 dirimentia
331 3122 515 3179 Bellarminm
530 3121 592 3180 libr.
611 3124 647 3178 de
667 3123 821 3180 matrimon.
841 3141 902 3195 cap.
927 3129 966 3181 18.
992 3123 1070 3179 Deus
1104 3122 1188 3178 etiam
1222 3119 1348 3176 infideles
1379 3120 1531 3190 conjunxit
1579 3119 1663 3192 Ergo.
1713 3123 1826 3196 Excipit

131 3209 212 3264 addit
229 3211 383 3264 carentiam
399 3210 559 3265 ususiiberi
569 3210 694 3281 arbitrii,
713 3227 785 3282 quae
801 3226 857 3264 non
876 3209 967 3265 minue
992 3209 1192 3278 Bellarminus,
1221 3205 1428 3262 matrimonium
1458 3206 1535 3260 iliud
1567 3225 1624 3262 nou
1658 3208 1759 3265 dirimi
1790 3213 1827 3266 ab

131 3312 216 3366 quam
234 3297 397 3364 ignorantia
414 3301 443 3350 ct
459 3295 568 3350 coactio
583 3295 705 3352 libertati
716 3312 867 3351 consensus
880 3311 967 3367 oppo-
993 3297 1109 3361 nomine,
1125 3298 1178 3349 sed
1194 3312 1214 3349 a
1227 3296 1305 3358 Deo,
1322 3295 1436 3361 mando
1447 3292 1548 3360 fidelis
1564 3294 1600 3347 ab
1618 3295 1730 3362 infideli
1746 3313 1827 3367 sepa·

131 3382 222 3450 nitur,
244 3400 278 3438 ex
298 3397 353 3453 quo
378 3380 475 3447 infert,
497 3399 618 3453 pueros,
644 3383 774 3449 furiosos
792 3384 827 3444 etl
844 3391 968 3436 amenter
992 3391 1084 3447 ratur,
1102 3382 1193 3451 enjus,
1210 3379 1308 3448 inquit,
1327 3379 1507 3447 interpretem
1520 3380 1653 3434 babemus
1670 3383 1825 3452 apostolum

131 3469 296 3523 contrahere
314 3485 372 3522 non
388 3485 485 3538 poree,
511 3486 573 3522 cum
598 3469 784 3523 deliberatum
806 3486 968 3525 remensum
994 3469 1126 3524 Paulum
1164 3465 1222 3523 Sed
1239 3466 1274 3521 de
1291 3465 1353 3520 loco
1371 3464 1420 3519 illo
1438 3467 1590 3535 apostolico
1602 3467 1726 3524 dicemus
1743 3471 1826 3540 paulo

131 3554 232 3608 tabem
251 3563 396 3623 nequeant,
415 3571 472 3625 qua
489 3554 524 3609 de
535 3571 566 3609 re
577 3553 644 3625 quid
657 3555 836 3610 statuendum
854 3555 899 3620 sit,
917 3573 967 3612 suo
993 3561 1065 3627 post
1116 3558 1141 3612 2.
1168 3554 1308 3624 Ejusdem
1334 3552 1502 3605 exclusivum
1531 3553 1698 3611 acuamus
1727 3555 1825 3613 Matth.

132 3640 194 3696 loco
212 3640 267 3696 fuit
283 3641 447 3711 expositum.
492 3640 600 3695 Ibidem
618 3647 725 3710 monet,
750 3642 883 3696 eccleciae
901 3645 967 3697 ueti-
995 3650 1019 3709 5,
1043 3661 1071 3698 r.
1089 3647 1130 3697 32.
1158 3657 1220 3710 cap.
1240 3646 1285 3708 te,
1303 3657 1327 3692 v.
1346 3644 1376 3694 9:
1400 3638 1461 3701 ,Qut
1483 3640 1623 3693 dimiserit
1639 3660 1755 3697 uuarem
1770 3646 1828 3699 nisi

131 3736 200 3795 tum,
214 3728 248 3780 id
263 3735 303 3781 est
310 3727 540 3797 prohibitionem,
560 3743 595 3779 ne
609 3728 790 3781 ritatrimania
802 3729 966 3797 elamfiant,
993 3732 1026 3783 ob
1037 3728 1271 3797 seruientium,
1289 3725 1458 3783 noemam.
1493 3726 1582 3796 Atqui
1601 3726 1753 3784 infidelitas
1769 3748 1826 3786 non

132 3832 195 3866 eum
215 3814 333 3869 debeant
362 3814 393 3866 in
410 3814 488 3880 facie
507 3812 643 3867 melesius
673 3821 699 3866 et
729 3829 826 3867 coram
855 3816 969 3870 testibus
994 3821 1038 3870 est
1053 3813 1215 3880 fornicatio,
1241 3811 1367 3881 quamvis
1388 3809 1462 3865 euim
1481 3810 1511 3865 in
1528 3813 1638 3883 scriptis
1657 3814 1826 3886 propheticis

133 3899 284 3968 celebrari,
308 3899 400 3964 secuse
423 3899 492 3952 olim
514 3899 742 3968 impedimentum
770 3907 877 3953 mutum
898 3921 969 3973 pro·
994 3899 1153 3956 idololatria
1170 3897 1359 3952 iomicationis
1371 3904 1401 3952 et
1412 3896 1540 3953 adulterii
1553 3898 1704 3969 spiritualis
1715 3903 1827 3959 nominc

133 3986 244 4053 tridens,
268 3984 353 4039 hodie
375 4001 441 4039 nero
465 4000 524 4039 esee
541 3985 626 4038 etiam
651 3985 878 4054 impedimentum
897 3988 969 4041 diri
995 3987 1171 4058 indigitetur,
1197 3989 1291 4038 tamen
1315 3982 1383 4054 quia
1400 3981 1527 4038 Christus
1553 3984 1614 4056 agit
1635 3985 1671 4043 de
1689 3989 1824 4059 corporali

133 4088 209 4125 mens
226 4078 345 4141 propter
368 4070 484 4123 cumdii
504 4071 664 4125 Tridentini
687 4073 875 4140 sancnonem,
901 4090 968 4133 sess.
995 4076 1131 4130 duntaxat
1148 4070 1321 4140 scortatione,
1338 4086 1411 4141 qnae
1427 4071 1561 4126 unitatem
1573 4072 1665 4127 carnis
1677 4073 1781 4131 dirimit
1799 4082 1828 4132 et

134 4163 177 4214 tr.
195 4157 314 4228 ideoque
337 4156 406 4211 illud
431 4155 475 4210 vel
497 4157 687 4212 reducendum
710 4175 771 4213 esse
797 4159 834 4214 ad
853 4159 968 4230 impedi·
994 4161 1130 4217 essentiae
1165 4157 1331 4213 matrimonii
1361 4157 1536 4229 adversatur,
1567 4158 1630 4214 ideo
1658 4178 1714 4217 non
1737 4169 1829 4233 potest

133 4249 257 4299 mentum
278 4242 414 4313 quintum,
433 4241 507 4312 qnod
527 4248 571 4297 est
590 4244 704 4311 crimen,
723 4244 767 4299 vel
784 4262 835 4314 pro
854 4245 968 4316 impedi·
994 4248 1046 4302 hoc
1064 4246 1099 4301 ad
1117 4243 1311 4300 infidelitatem
1339 4243 1451 4314 referri,
1481 4261 1553 4317 quae
1578 4246 1712 4302 unitatem
1738 4249 1829 4304 carnis

133 4336 226 4386 mento
247 4336 285 4385 13.
308 4328 475 4383 habendum.
500 4345 561 4399 cap.
583 4334 624 4384 31.
648 4329 783 4384 rationem
800 4330 968 4400 redditurus,
994 4332 1155 4403 nentiquam
1173 4329 1283 4385 dirimit
1325 4329 1436 4400 Excipit
1452 4329 1602 4400 cnjeunus
1621 4331 1650 4386 in
1679 4340 1702 4389 1.
1723 4332 1783 4391 Cor.
1802 4342 1826 4393 t.

133 4433 220 4490 quare
240 4422 333 4487 patres
351 4414 508 4470 Tridentini
534 4415 736 4471 clandestinum
754 4417 967 4486 matrimonium,
996 4420 1138 4476 Christum
1162 4419 1274 4473 dedase
1300 4418 1458 4472 libertatem
1484 4418 1554 4472 solis
1580 4419 1650 4472 uiris
1668 4421 1830 4476 dimittendi

136 4502 213 4575 quod
237 4504 266 4556 in
290 4501 407 4558 concilio
427 4501 608 4556 Lateranenai
635 4519 696 4558 can.
724 4509 764 4559 51.
788 4511 896 4559 tant-um
917 4523 968 4576 pro
993 4523 1081 4559 causa
1105 4504 1307 4572 fornicationis
1334 4521 1449 4571 uxores,
1479 4521 1535 4557 non
1569 4513 1662 4559 omem
1695 4509 1828 4563 moruus

132 4590 330 4661 impedimento
352 4588 518 4657 probibente
544 4588 675 4657 habetur,
709 4594 879 4649 statuerunt.
908 4608 968 4646 esse
994 4592 1154 4647 dimittendi
1181 4592 1271 4657 uiros,
1298 4591 1422 4645 Paulum
1450 4598 1544 4645 autem
1568 4591 1689 4647 locutum
1711 4610 1770 4649 esee
1791 4597 1829 4649 de

133 4677 360 4746 impedimentum
379 4676 523 4741 dirimens,
540 4675 644 4729 nullam
656 4673 756 4731 afferre
766 4683 860 4746 potest
876 4677 967 4747 aliam,
993 4696 1089 4746 cauea,
1108 4694 1179 4747 quae
1195 4677 1234 4730 eit
1250 4677 1402 4731 communis
1412 4677 1475 4730 uiro
1491 4685 1519 4731 et
1535 4679 1625 4744 ueori,
1642 4687 1669 4733 et
1681 4679 1752 4735 hane
1770 4698 1829 4737 esee

133 4782 217 4836 quam
243 4763 318 4833 quod
342 4761 468 4833 putribus
496 4760 552 4815 illis
578 4761 617 4816 ita
641 4761 786 4831 placuerit.
833 4764 964 4818 Potuisse
993 4765 1114 4820 soluisse
1130 4764 1335 4818 consutionem
1358 4763 1477 4818 atterius
1502 4765 1630 4834 conjupis
1653 4766 1688 4819 ab
1706 4765 1828 4830 infideli·

131 4849 243 4920 (inquit)
263 4849 408 4903 ecetesiam
420 4849 486 4902 haee
500 4849 682 4903 matrimonia
693 4849 817 4917 irrdore,
837 4852 968 4905 dubitare
992 4860 1055 4906 tate.
1091 4848 1147 4904 Sed
1165 4848 1235 4905 haec
1253 4848 1379 4919 exceptio
1398 4849 1504 4905 ratione
1521 4851 1609 4921 partis
1625 4852 1738 4921 prioris
1756 4853 1827 4911 falsa

132 4955 188 4990 non
213 4942 319 5004 potest,
344 4935 392 5005 qui
409 4935 515 5003 eredit,
534 4935 662 5004 potuisse
686 4936 802 4988 eandem
822 4936 967 4990 eeclmiam
993 4943 1045 5002 est,
1063 4936 1137 5008 qnod
1156 4935 1216 5006 ipse
1235 4933 1419 4990 Bellarminus
1437 4936 1578 5008 agnoscit,
1603 4953 1667 4994 cum
1685 4957 1753 4996 uxor
1770 4960 1827 4998 non

132 5022 250 5076 irritare
267 5021 472 5074 matrimonium
493 5021 520 5073 in
539 5021 621 5074 certis
638 5022 775 5088 proditus
794 5024 967 5090 cognationis
993 5023 1083 5077 minus
1113 5021 1204 5075 virum
1235 5020 1391 5076 adulterum
1420 5022 1576 5093 relinquere
1608 5025 1707 5095 possit,
1743 5044 1827 5099 quam

133 5109 177 5163 oet
211 5108 245 5161 oh
277 5115 370 5161 uotum
396 5107 511 5160 solenne
536 5107 739 5172 continentiae,
765 5115 814 5160 aut
836 5109 905 5162 attis
931 5103 1108 5171 delmeritus
1128 5123 1240 5162 uxorem
1260 5107 1414 5162 adulteram
1438 5108 1592 5178 dimittere;
1614 5111 1721 5168 ratione
1736 5122 1827 5184 paste-

132 5195 239 5263 causis,
263 5211 325 5247 cum
350 5194 448 5247 eadem
465 5193 502 5246 eit
527 5193 651 5247 ornnium
669 5193 752 5247 ratio.
799 5192 836 5248 Et
853 5199 967 5265 postea:
995 5194 1082 5249 rioris
1100 5193 1171 5264 petit
1197 5191 1373 5264 principium.
1417 5194 1508 5249 Aliter
1530 5195 1617 5267 igitur
1640 5197 1825 5256 Bellarminus

135 5281 170 5335 St
189 5280 336 5333 essentiam
352 5278 526 5333 matrimonii
544 5287 667 5348 spectes,
683 5287 749 5333 ante
766 5280 883 5334 concilii
902 5282 968 5335 Tri·
995 5280 1105 5351 excipit,
1125 5279 1266 5335 Christum
1284 5280 1364 5348 loqeu
1380 5281 1416 5334 de
1427 5280 1608 5336 matrimonio
1627 5284 1701 5338 inter
1712 5286 1826 5353 fideier,

133 5368 244 5421 dentini
262 5369 413 5434 dec-retum,
428 5383 532 5430 oerum,
550 5374 659 5436 ratum,
677 5365 833 5436 legitimum
851 5374 878 5420 et
895 5368 968 5423 diui·
993 5368 1117 5423 Paulum
1147 5367 1184 5420 de
1211 5367 1389 5421 matrimonio
1417 5374 1559 5423 contracto
1586 5370 1660 5424 inter
1689 5370 1825 5439 infidelem

131 5473 199 5508 num
227 5462 289 5508 erat
316 5454 476 5522 conjupium
499 5452 719 5517 clandestinum,
745 5452 818 5507 nitet
841 5453 915 5508 enim
943 5456 971 5508 ei
995 5453 1049 5510 Sed
1069 5453 1154 5524 prius
1176 5452 1263 5524 gratis
1287 5453 1404 5519 dicitur,
1438 5453 1504 5524 quia
1526 5454 1651 5512 Christus
1675 5456 1704 5511 in
1723 5474 1827 5524 unere

133 5546 233 5597 deerat
252 5559 360 5611 eorum,
378 5557 450 5611 quae
469 5542 511 5595 ad
524 5540 670 5595 essentiam
693 5539 869 5593 neatrimonii
884 5541 966 5596 Deus
979 5484 984 5599 i
995 5541 1117 5613 loquitur
1142 5539 1177 5596 de
1200 5540 1387 5611 matrimonio,
1404 5541 1486 5613 cujus
1505 5540 1663 5599 firmitatem
1681 5543 1827 5605 indissolu-
