4020 6022
755 286 759 295 ·
814 263 868 319 Dll
886 260 1086 321 ooutuero.
1659 339 1663 345 ι
1721 278 1780 335 451

45 491 53 502 ¹
91 419 142 475 ubi
159 421 276 477 affertur
293 423 453 493 exemplum
469 421 600 492 'l'heclaa
621 420 727 489 Alexii,
744 416 925 492 Euphrasius,
955 433 1063 474 summa
1094 419 1179 476 animi
1205 420 1243 475 ad
1270 419 1403 492 pietatem
1420 420 1602 477 contentione.
1647 421 1688 479 At
1715 424 1784 479 haec

92 504 247 573 Caeciliae,
265 509 384 565 duorum
409 509 540 577 militum,
570 508 709 564 Leobardi
742 516 771 564 st
788 505 925 578 Gregorii.
951 506 1045 561 omnia
1067 513 1124 562 tam
1150 507 1180 562 in
1203 508 1355 579 conjugata
1379 525 1463 580 quam
1489 508 1596 564 coelibe
1620 508 1679 565 vita
1694 510 1783 565 locum
1797 511 1908 555 XVI-2⁸⁷·

89 591 315 664 Respondemus:
352 603 375 652 1.
406 612 463 652 non
494 596 640 668 exemplis,
674 595 725 652 sed
753 593 864 666 legibus
897 593 925 646 111
951 591 1054 649 habere
1072 600 1197 664 possunt.
1248 602 1273 651 3.
1296 593 1418 649 Thomas
1435 593 1495 665 ipse
1521 594 1660 666 disputat,
1689 614 1783 649 mona·

88 679 204 737 civitate
222 681 277 737 Dei
296 682 456 739 vivendum.
496 690 520 741 1.
538 683 573 738 ln
591 682 645 739 hoc
670 682 732 753 ipso
751 681 844 753 capite
862 680 925 736 Bel·
951 679 1051 733 sticans
1065 697 1122 734 non
1140 697 1199 735 esse
1206 681 1420 750 perfectionem,
1432 682 1485 734 sed
1495 689 1598 735 statum
1609 683 1786 752 perfectioni

88 765 223 823 larminus
258 770 341 826 affert
368 771 525 842 exemplum
556 769 689 826 Theonoe
721 768 846 837 abbatis,
876 767 925 839 qni
953 766 1142 835 commendas
1164 769 1411 823 accommodatum.
1448 766 1556 822 Gereon
1574 772 1704 837 testatur,
1734 786 1785 824 suo

89 850 149 908 eine
175 870 312 911 consensu
337 856 448 921 uxoris,
474 873 538 911 cum
566 873 623 928 qua
639 872 690 926 per
708 838 1076 927 quinquenniumltempore
1099 867 1199 907 noram
1222 852 1309 910 fuisse
1332 870 1440 921 rocem,
1472 857 1550 923 quod
1574 855 1729 909 monastica
1749 855 1786 909 sit

88 937 118 992 in
148 941 279 1012 conjugio
309 943 430 1012 vixerat,
465 943 670 998 matrimonium
708 948 926 997 consummatum
951 946 1041 993 1111111
1066 941 1274 1010 perfectionis;
1304 940 1472 995 Anshelmus
1502 940 1585 1008 dicit,
1611 960 1698 995 renam
1726 959 1786 997 esse

90 1024 182 1096 solrit,
200 1034 229 1083 et
248 1029 285 1082 ad
304 1028 374 1084 illud
391 1029 551 1100 respondet,
567 1030 620 1084 loc
639 1045 698 1084 esse
713 1044 845 1081 unumer
864 1026 926 1082 allis
952 1042 1047 1080 ceram
1071 1027 1234 1096 relipicnem
1259 1046 1279 1081 a
1301 1028 1414 1082 Onrs'sto
1437 1029 1592 1082 instinctam
1617 1037 1643 1083 et
1661 1030 1787 1083 omuibus

82 1112 177 1179 sucus
193 1123 367 1182 scncmnrm,
399 1132 471 1185 quae
488 1123 554 1170 sunt
571 1115 764 1183 admiseris,
791 1113 926 1168 1111111111-
955 1112 1125 1168 Christianis
1142 1131 1319 1183 communem,
1335 1114 1462 1183 reliquas
1479 1132 1544 1169 vero
1563 1121 1645 1170 vocat
1657 1116 1787 1182 factitias

88 1201 188 1255 tanda.
240 1200 415 1255 (ri-edendum
441 1201 515 1255 enim
550 1209 604 1268 est,
627 1200 775 1270 peculiari
800 1199 927 1269 Spiritus
952 1206 977 1252 et
1000 1201 1035 1253 ab
1059 1200 1213 1255 dominibus
1238 1201 1434 1271 introductas‚·
1463 1201 1594 1256 Erasmus
1617 1201 1646 1256 in
1670 1202 1786 1273 praefat.

89 1287 182 1340 sumti
198 1288 346 1342 admons'tu
364 1288 398 1342 id
408 1291 524 1359 jactum
541 1305 601 1343 esse
621 1294 741 1358 praeter
758 1303 926 1345 communem
953 1285 1055 1341 11111111.
1073 1286 1129 1341 mil
1147 1286 1249 1343 Christ
1268 1306 1296 1359 p.
1315 1293 1362 1344 22:
1392 1288 1429 1340 ln
1448 1286 1594 1357 affectibus
1623 1296 1663 1342 est
1682 1289 1788 1344 01111111·

93 1374 223 1427 ordinem
248 1392 283 1428 ac
300 1375 396 1443 tepens.
438 1373 473 1428 Id
493 1375 585 1446 ipsum
608 1390 659 1428 nos
678 1373 716 1429 ad
733 1374 860 1444 exempla
877 1372 926 1428 ad·
950 1371 1097 1441 perfectio,
1112 1392 1169 1428 non
1186 1374 1216 1428 in
1236 1374 1310 1428 citae
1328 1390 1444 1442 penere,·
1477 1375 1508 1427 in
1526 1375 1629 1429 animis
1647 1382 1701 1437 est,
1729 1394 1786 1430 non

93 1458 178 1515 ducta
197 1459 364 1530 respondere
383 1476 537 1530 possemus,
554 1460 637 1515 sirel
647 1459 765 1515 maxims
779 1464 926 1528 constaret,
952 1461 983 1513 in
1006 1459 1112 1529 palliis
1139 1467 1189 1514 aut
1212 1461 1289 1514 cibis
1341 1467 1366 1516 4.
1395 1460 1516 1529 Tantum
1543 1477 1609 1515 vero
1633 1459 1725 1531 abest,
1754 1468 1786 1516 ut

90 1561 125 1601 ea
156 1562 216 1601 esse
242 1563 307 1600 cere
325 1555 487 1601 sanctorum
511 1547 646 1618 exempla
694 1552 717 1602 3.
737 1545 859 1602 Theclae
885 1544 925 1599 hi-
953 1545 1118 1614 monastica,
1148 1545 1239 1618 qualis
1260 1551 1304 1601 est
1320 1546 1403 1601 hodie
1420 1545 1473 1601 sub
1495 1552 1617 1617 papatu,
1645 1546 1681 1601 sit
1696 1551 1785 1601 status

90 1631 177 1686 stoma
193 1638 237 1688 est
255 1632 433 1703 supposititia
451 1639 479 1689 et
499 1632 627 1698 conficta,
646 1639 678 1689 ut
697 1650 731 1688 cx
743 1630 925 1701 Tertulliano,
953 1631 1145 1704 perfectionis,
1176 1639 1207 1688 ut
1224 1632 1261 1687 sit
1278 1633 1372 1704 potius
1391 1632 1487 1688 schola
1506 1631 1666 1703 multiplicis
1692 1650 1786 1704 super-

90 1717 262 1789 Hieronymo
274 1725 303 1775 et
313 1718 427 1775 Gelasio
440 1720 610 1776 ostendimus
626 1719 765 1791 superius.
792 1718 925 1785 41111111,
953 1719 1072 1775 stitionis
1103 1725 1132 1775 et
1148 1718 1331 1777 idololatriae.
1377 1720 1517 1775 'Iribunnt
1548 1719 1622 1774 enim
1659 1720 1785 1775 monachi

90 1805 266 1876 Euphrasius
296 1810 324 1861 et
356 1805 495 1862 Caeciliae
525 1807 651 1878 exemplu
681 1806 770 1878 petita
800 1811 866 1860 sunt
892 1821 926 1861 ex
953 1807 1005 1862 sibi
1023 1812 1130 1861 tantam
1149 1806 1364 1878 perlectionem,
1383 1810 1459 1878 quod
1477 1807 1641 1860 nanceium
1655 1825 1711 1877 pro
1728 1808 1788 1860 suis

91 1891 220 1948 Simeone
258 1892 465 1964 Motaphraste,
500 1893 549 1965 qui
583 1909 657 1948 nono
691 1897 755 1963 post
783 1891 926 1947 Christum
949 1893 1075 1963 peccatis
1092 1895 1263 1959 sausfacsre
1275 1895 1393 1962 possint,
1411 1896 1463 1948 sed
1479 1895 1561 1947 strom
1581 1902 1669 1962 msera
1687 1911 1785 1962 super-

92 1984 190 2033 natum
218 1978 313 2034 seculo
330 1979 412 2047 vixit,
443 1980 489 2034 cni
508 1985 643 2051 quantum
661 1978 727 2034 fidei
748 1977 926 2035 tribuendum
953 1981 1124 2050 scopationis
1151 1980 1182 2033 in
1204 1980 1280 2036 alios
1298 1981 1437 2044 conferre,
1451 1979 1526 2051 quod
1544 1980 1787 2034 insanctissimum

91 2065 143 2129 sit,
172 2070 250 2136 patet
275 2081 310 2120 ex
333 2064 388 2118 hoc
408 2064 516 2135 jndicio
538 2065 625 2136 ipsius
645 2064 808 2121 Bellarmini
825 2065 873 2120 lib.
892 2066 927 2120 de
953 2065 1055 2122 Christi
1085 2064 1214 2122 meritum
1252 2073 1281 2123 et
1318 2064 1536 2122 satisfactionem
1573 2071 1615 2121 est
1649 2067 1787 2136 injurium.

91 2150 185 2222 script
215 2151 282 2206 eccl.
305 2167 369 2223 cap.
396 2150 517 2207 desim.
546 2150 670 2222 Metaph.
718 2152 927 2206 Observandum
954 2155 1137 2209 Monasteria
1165 2151 1273 2221 (scribit
1303 2154 1429 2208 Buccrus
1468 2153 1496 2207 in
1534 2152 1638 2208 defens.
1677 2151 1788 2210 reform.

92 2246 134 2293 est
149 2238 266 2310 (inquit),
284 2255 303 2291 a
320 2238 516 2310 Metapiraste
533 2237 657 2307 smptus
670 2239 767 2309 fursee
792 2239 927 2294 historias
953 2241 1049 2298 Herm.
1067 2239 1265 2311 archiepiscop.
1297 2239 1559 2311 Colonc.1³8.p.
1586 2245 1659 2302 444.)
1670 2241 1788 2309 jamdu-

92 2328 128 2380 de
145 2325 379 2380 censoriarum
392 2325 489 2380 multis
503 2325 657 2379 additw
669 2326 794 2396 proprio
805 2326 926 2395 ingenio,
955 2329 1022 2381 dum
1054 2328 1090 2380 ab
1118 2327 1237 2397 antiqua
1266 2343 1329 2381 cere
1358 2327 1514 2380 monastica
1538 2326 1652 2380 uisendi
1676 2326 1789 2381 ratione

93 2431 149 2466 non
167 2419 197 2465 ut
215 2427 261 2465 res
279 2419 372 2480 gestae
384 2412 524 2481 suerunt,
552 2413 605 2464 sed
630 2420 662 2466 ut
684 2413 747 2480 peri
767 2421 927 2482 potuerunt.
954 2423 1012 2468 tam
1033 2415 1115 2483 lonpe
1134 2421 1306 2468 recesserunt
1332 2421 1444 2481 tamque
1467 2413 1563 2466 multis
1585 2413 1789 2482 superstitiosis

91 2501 163 2555 Item
186 2499 280 2553 videri
300 2501 440 2568 cumdem
465 2497 601 2553 distortas
624 2507 786 2553 sanctorum
811 2499 928 2553 additas
955 2519 990 2555 ac
1006 2501 1096 2566 falsie
1116 2501 1235 2555 1111111111
1254 2507 1443 2570 conspurcata
1460 2508 1538 2569 sunt,
1563 2508 1592 2553 ut
1611 2516 1689 2553 nemo
1707 2491 1798 2553 Clari-⁹

93 2605 112 2640 a
125 2586 340 2656 posterioribus,
358 2594 385 2639 ct
405 2604 462 2641 non
475 2603 569 2641 11111111
582 2603 643 2641 esse
657 2587 782 2656 ejusdem
794 2585 929 2655 1111111111,
955 2589 1113 2643 stianorum
1128 2589 1183 2658 pia
1199 2596 1290 2642 mente
1312 2588 1463 2656 praeditus
1482 2587 1513 2639 in
1537 2587 1676 2655 ejusmodi
1692 2603 1787 2639 mona·

94 2675 162 2742 puin
193 2673 370 2727 inueniuntur
397 2673 472 2727 111111
499 2673 615 2742 aliquae
634 2674 825 2738 [mastonem
858 2689 930 2742 meae
956 2676 1029 2730 stica
1058 2675 1133 2745 uita,
1171 2675 1266 2745 qualis
1295 2675 1399 2729 nostris
1430 2673 1598 2743 temporibus
1627 2689 1662 2725 ac
1693 2691 1788 2728 mona-

90 2768 159 2830 post
177 2760 281 2814 obitum
299 2758 514 2828 Metoplrrastae
531 2761 667 2814 niaermt.
719 2759 828 2817 Similia
845 2759 930 2815 habet
955 2763 1050 2817 storiis
1070 2770 1119 2832 est,
1136 2762 1295 2832 tranquilla
1313 2760 1480 2814 conscientia
1497 2760 1588 2813 cicere
1600 2760 1700 2828 possit,
1716 2761 1789 2814 adeo

93 2847 231 2902 Batonius
259 2846 289 2900 in
314 2845 407 2902 annal.
434 2845 471 2901 ad
496 2862 561 2901 ann.
586 2846 766 2903 (1111111859.
815 2855 840 2904 4.
864 2847 928 2902 Duo
955 2857 986 2902 ut
1003 2851 1131 2903 decerem
1150 2848 1321 2903 monasteria
1343 2849 1374 2900 in
1388 2847 1523 2915 piurimis
1543 2847 1580 2900 sit
1596 2855 1789 2915 arpumentum

92 2934 133 2989 illi
159 2933 262 2989 milites
287 2948 343 2987 non
368 2947 467 2988 uxores
495 2933 671 2989 matrimonio
699 2939 761 2989 rato
789 2934 843 2989 sibi
863 2952 927 2992 con·
955 2953 1037 2991 cerae
1052 2936 1170 3009 pietatis
1189 2942 1215 2988 et
1231 2935 1397 3003 copadionir
1418 2934 1537 2998 Christi,
1555 2951 1611 2988 nors
1630 2933 1789 2988 ducatricis·

93 3021 213 3091 junctae,
230 3019 279 3076 sed
296 3035 412 3091 sponsas
431 3018 611 3091 reliquerunt.
648 3026 672 3076 5.
693 3018 822 3094 Gregorii
839 3021 928 3079 'Iuro-
955 3025 1009 3079 nis.
1053 3031 1076 3080 5.
1100 3022 1145 3078 De
1168 3027 1243 3078 statu
1267 3021 1359 3076 minus
1387 3019 1511 3091 perfecto
1534 3019 1571 3075 ad
1595 3020 1788 3090 perfectiorem

93 3108 149 3164 nici
184 3106 306 3163 1111111111
344 3114 374 3161 11
411 3106 540 3179 Gregorii
576 3107 710 3180 dialogis,
729 3125 829 3179 parum
863 3107 930 3165 fidei
955 3110 1073 3166 transire
1101 3110 1181 3174 licet,
1214 3109 1237 3163 si
1267 3113 1377 3180 praesto
1409 3109 1447 3162 sit
1477 3107 1604 3180 legitima
1634 3123 1667 3161 ac
1693 3106 1788 3162 divina

92 3194 279 3258 tribuendum,
298 3198 330 3249 nt
346 3193 442 3249 multis
460 3195 617 3250 confirmari
634 3202 736 3267 posset.
954 3197 1072 3267 vocatio,
1090 3196 1160 3252 alias
1177 3195 1251 3251 enim
1272 3196 1325 3251 erit
1342 3195 1490 3250 temeraria
1502 3211 1536 3250 ac
1554 3192 1704 3249 desultoria
1721 3193 1787 3248 levi·

128 3287 188 3337 619.
222 3281 349 3337 Tertium
388 3288 584 3353 argumentum
630 3282 755 3338 continet
790 3282 928 3354 duplicem
955 3291 1006 3351 tas,
1024 3286 1047 3339 si
1065 3284 1127 3356 quis
1146 3299 1179 3337 ex
1197 3288 1273 3338 statu
1292 3283 1380 3350 vitae,
1406 3282 1434 3334 in
1452 3298 1534 3352 quern
1554 3279 1686 3334 divinitus
1704 3279 1787 3334 collo·

53 3419 60 3432 ,
92 3369 235 3425 rationem.
278 3367 359 3423 Prior
388 3368 428 3423 sio
460 3367 559 3424 habet:
595 3369 711 3438 Semper
742 3378 784 3424 est
820 3370 927 3424 licitum
955 3377 1034 3426 catus
1056 3375 1107 3438 cst,
1134 3368 1240 3440 absque
1265 3368 1409 3423 imatione
1438 3365 1475 3421 ad
1504 3367 1589 3421 alium
1618 3366 1787 3421 transvolare

92 3456 215 3510 transim
241 3456 278 3509 de
294 3463 371 3509 statu
396 3455 489 3509 minus
503 3456 635 3525 perfecto
662 3458 705 3509 ad
715 3458 928 3526 perfectiorem,
955 3459 1057 3529 cupiat
1093 3457 1134 3511 At
1154 3455 1202 3527 qui
1220 3454 1250 3509 in
1270 3454 1444 3509 matrimonio
1468 3462 1530 3510 rato
1549 3453 1659 3522 11111111,
1677 3470 1733 3508 non
1751 3453 1787 3508 ad

92 3543 121 3597 si
136 3542 171 3595 id
180 3542 273 3612 possit
291 3542 360 3612 fleri
384 3542 445 3595 sine
463 3542 552 3597 uilius
570 3542 741 3598 detrimento.
783 3543 823 3597 At
840 3552 929 3598 status
955 3545 1135 3606 coelibatum,
1163 3543 1213 3598 sed
1237 3542 1273 3597 ad
1297 3542 1458 3613 conjugium
1481 3559 1499 3596 a
1518 3541 1580 3596 Deo
1605 3546 1672 3595 eunt
1689 3539 1787 3596 vocati.

92 3627 222 3699 eonjupii
249 3634 291 3682 est
323 3628 516 3697 imperfectior
542 3635 619 3683 statu
634 3628 800 3699 [relipionss.
847 3632 929 3701 Erpa
956 3639 980 3689 6.
997 3630 1129 3696 Quamvis
1147 3630 1263 3685 maritae
1280 3646 1298 3684 a
1315 3630 1375 3684 viro
1392 3634 1458 3684 ante
1476 3627 1600 3699 conjugii
1617 3643 1789 3682 consumma·

88 3716 196 3790 poterit
214 3715 250 3768 ab
266 3732 323 3769 uno
341 3716 383 3769 ad
401 3715 491 3769 alium
504 3716 573 3785 ficri
589 3717 741 3781 transitus,
762 3719 878 3787 mmndo
896 3718 930 3771 id
956 3718 1060 3773 tionem
1079 3717 1204 3773 desertas
1229 3731 1286 3770 non
1304 3719 1383 3771 tanta
1403 3713 1538 3770 inferatur
1557 3713 1668 3783 injuris,
1685 3720 1791 3784 quanta

87 3805 145 3875 fiat
169 3801 240 3869 (tisri
262 3802 360 3873 possit)
383 3802 444 3856 une
461 3803 550 3857 ullius
577 3804 757 3870 detrimento,
783 3805 820 3873 fit
837 3811 927 3858 autem
955 3803 1080 3875 conjugii
1097 3819 1148 3874 per
1159 3802 1288 3873 copulam
1306 3801 1446 3856 carnalem
1464 3799 1602 3871 cognitas,
1621 3816 1677 3854 non
1696 3805 1789 3854 tamen

93 3890 155 3944 sine
182 3888 272 3942 uiliore
303 3888 487 3957 detrimento,
514 3892 629 3958 quando
657 3890 865 3944 matrimonium
889 3898 930 3943 est
955 3909 989 3946 ex
1007 3907 1040 3946 eo
1056 3890 1122 3945 licet
1138 3889 1284 3961 colligere,
1307 3887 1381 3959 quod
1407 3887 1490 3959 plane
1515 3886 1592 3941 nulla
1609 3885 1744 3941 mferatur
1762 3892 1791 3940 et

92 3981 196 4044 ratum,
212 3975 265 4028 sed
282 3976 407 4028 nondum
426 3983 654 4040 consummatum·
671 3995 739 4031 nam
755 3993 817 4030 cum
833 3977 930 4030 matri-
955 3976 1032 4050 quod
1048 3977 1130 4032 liceat
1147 3992 1209 4031 eam
1227 3975 1368 4042 deserere,
1394 3973 1459 4045 quia
1481 3970 1551 4027 fides
1576 3971 1602 4028 ei
1621 3972 1687 4027 data
1705 3972 1790 4027 riola·

92 4060 216 4115 monium
251 4067 290 4116 est
323 4068 557 4129 consummatum,
592 4062 697 4132 duplex
733 4063 928 4116 detrimentum
955 4073 1009 4123 tur.
1056 4064 1102 4120 sic
1132 4064 1220 4133 major
1240 4063 1344 4133 injuria
1375 4060 1493 4116 infertur
1523 4059 1650 4130 conjugi,
1677 4076 1710 4114 ex
1734 4075 1791 4131 qua

93 4147 204 4215 oritm,
230 4146 257 4200 si
282 4147 453 4201 dirimatur:
485 4165 572 4201 unum
595 4148 676 4218 proli
690 4149 756 4218 jam
777 4155 861 4202 natae
884 4149 928 4203 uel
955 4152 1057 4207 liberos
1075 4151 1199 4206 desertor
1214 4149 1350 4220 suscepit,
1373 4165 1430 4202 non
1448 4152 1541 4200 tamen
1560 4163 1593 4201 ex
1612 4163 1645 4200 eo
1664 4145 1731 4201 licet
1750 4146 1791 4200 in·

92 4240 255 4304 conceptae,
286 4249 359 4303 queue
390 4250 448 4287 non
475 4234 582 4304 poterit
613 4242 671 4288 tam
699 4236 765 4289 bene
794 4237 928 4305 educari,·
955 4238 1042 4302 ferre,
1065 4238 1141 4309 quod
1163 4236 1245 4307 plane
1264 4234 1342 4289 nulla
1358 4233 1496 4289 inferatur
1512 4233 1551 4300 ei,
1576 4249 1609 4287 ex
1627 4248 1683 4303 qua
1700 4232 1791 4287 nullos

92 4321 215 4375 aiterum
232 4320 290 4390 ipsi
307 4321 431 4395 conjupi,
448 4337 521 4392 queue
538 4329 632 4376 manet
649 4321 743 4391 iipata
764 4338 814 4376 nec
838 4330 930 4392 potest
956 4325 1079 4396 nucepit
1102 4323 1218 4387 liberos,
1246 4328 1275 4378 et
1298 4321 1373 4393 quod
1400 4319 1517 4391 proinde
1543 4318 1649 4374 licitum
1676 4319 1729 4390 ipsi
1755 4317 1791 4372 eit

92 4407 181 4462 alteri
205 4407 325 4475 nubere,
354 4415 382 4461 et
399 4409 514 4476 picando
543 4408 627 4463 mium
649 4416 763 4481 posset,
793 4427 849 4464 non
871 4417 929 4463 tam
955 4429 1017 4468 eam
1037 4413 1171 4466 deserere.
1206 4415 1230 4464 7.
1250 4408 1281 4464 si
1297 4407 1341 4462 vel
1362 4407 1479 4463 maxime
1494 4406 1571 4461 nulla
1582 4405 1694 4476 injuria,
1712 4404 1788 4460 nulla

92 4495 251 4563 commode,
284 4511 347 4549 cum
373 4512 430 4548 non
452 4495 489 4549 sit
513 4495 639 4565 amplius
656 4495 746 4566 sirpo.
796 4496 837 4550 Ar
857 4497 930 4551 nihii
956 4497 1121 4571 ignominia,
1141 4495 1248 4551 nullum
1268 4494 1402 4548 damnum
1420 4510 1453 4547 ex
1477 4509 1509 4547 eo
1528 4493 1557 4546 in
1574 4493 1721 4563 conjugem
1742 4492 1788 4545 de·

90 4582 190 4635 iorum
222 4579 362 4635 inuenitur
391 4582 422 4634 in
448 4584 628 4637 matrimonio
651 4601 712 4650 ‚non
731 4591 929 4639 consummato.
955 4589 1057 4641 sertam
1086 4583 1269 4645 redundaret,
1308 4584 1401 4633 tamen
1438 4595 1456 4633 a
1491 4578 1639 4633 violatione
1671 4578 1789 4634 foederis

91 4666 317 4737 Respondemus:
340 4674 363 4725 1.
376 4667 532 4740 Praecepta
550 4669 715 4739 prophetica
732 4675 760 4724 st
776 4669 930 4741 apostolica
956 4671 1112 4743 conjugalis
1143 4669 1275 4722 divinitus
1313 4664 1467 4721 confirmati
1504 4664 1701 4721 abstinendum
1720 4670 1788 4735 erat,

92 4752 127 4807 ds
146 4752 238 4810 studio
256 4752 433 4824 perfectionis
446 4755 674 4828 suntgeneralia,
692 4772 744 4811 nec
766 4756 802 4811 ad
821 4763 928 4812 certum
955 4757 1074 4813 Malach.
1101 4761 1132 4821 2,
1160 4773 1187 4811 1.
1218 4759 1258 4810 14.
1292 4751 1391 4809 11111111,
1420 4757 1466 4819 19,
1494 4769 1522 4807 1.
1550 4757 1574 4806 6.
1619 4757 1641 4806 l.
1666 4750 1788 4807 Corinth.

92 4840 231 4912 quendam
260 4841 336 4896 ritae
373 4847 477 4898 statum
511 4842 713 4914 restringenda
765 4843 849 4899 Dent
889 4846 929 4908 18,
956 4853 1023 4913 1,1.
1045 4850 1085 4899 19.

94 4943 118 4983 1.
142 4931 184 4982 13.
219 4932 241 4982 1.
258 4925 329 4999 Reg.
347 4933 373 4993 8,
390 4946 415 4982 1.
437 4933 463 4986 6.
494 4928 594 4989 Μ111111.
615 4936 640 4995 5,
659 4947 685 4985 1.
698 4935 742 4987 48.
775 4935 797 4986 1.
810 4929 873 4988 (lor.
889 4936 929 4997 14,
991 4936 1049 4987 689.
1084 4928 1232 4984 Posterior
1255 4925 1327 4982 ratio
1349 4924 1475 4997 aequalis
1499 4929 1543 4979 est
1569 4928 1706 4983 monetae.
1752 4928 1790 4980 In

90 5031 118 5070 1.
136 5017 177 5070 20.
215 5013 286 5084 Eph.
306 5019 377 5084 4,1.
398 5019 438 5072 19.
459 5020 510 5071 etc.
548 5020 573 5074 2.
597 5014 673 5072 Vera
699 5015 929 5087 1111111ἱοῦ11τί-
955 5018 1133 5073 matrimonio
1154 5014 1293 5069 invenitur
1314 5011 1420 5080 duplex
1436 5010 1586 5077 vinculum,
1603 5029 1689 5064 unum
1706 5012 1790 5083 spiri·

91 5099 244 5155 stianorum
260 5117 317 5156 non
335 5101 463 5157 consistit
482 5101 512 5157 in
530 5107 645 5158 externa
662 5107 751 5158 status
768 5104 929 5173 mutatione,
956 5105 1041 5173 tecle,
1061 5100 1265 5173 411οά111111
1283 5114 1419 5153 consensu
1435 5097 1572 5165 nascitur,
1590 5097 1710 5152 alterum
1729 5115 1790 5151 ccr-

91 5186 188 5243 sedin
203 5187 332 5244 interiore
352 5189 608 5261 regenerationem
626 5189 820 5260 renovatione,-
850 5190 928 5245 vide-
955 5193 1029 5261 nale,
1048 5192 1125 5261 quod
1142 5188 1233 5243 oritrm
1248 5203 1281 5241 ec
1297 5184 1409 5255 copula,
1426 5186 1478 5238 scd
1494 5184 1571 5238 istud
1587 5185 1703 5239 carnale
1722 5183 1790 5237 diri-

90 5274 155 5330 licet
184 5275 213 5329 in
243 5290 309 5330 vera
339 5275 376 5330 ad
404 5275 496 5330 Deum
526 5275 721 5347 conversione,
751 5276 780 5329 in
803 5275 929 5346 justitiae
954 5279 1040 5332 mitur
1071 5293 1129 5348 per
1169 5281 1284 5329 mortem
1322 5271 1513 5342 corporalem,
1548 5286 1614 5342 ergo
1652 5268 1791 5325 vinculum

92 5361 195 5417 Christi
220 5360 362 5432 perfectas
388 5379 438 5433 per
455 5379 549 5419 veram
566 5363 651 5419 fidem
670 5361 868 5433 imputatione,
899 5362 928 5416 in
955 5363 1100 5437 spirituale
1135 5360 1226 5416 dirimi
1264 5358 1348 5415 debet
1380 5374 1430 5428 per
1460 5363 1576 5412 mortem
1610 5355 1791 5428 spiritualem.

91 5447 191 5505 1111111
206 5448 324 5505 hominis
341 5448 607 5519 mortificationem
620 5448 837 5520 imperfectionis
848 5447 928 5505 nobis
957 5453 1038 5507 Palis
1058 5458 1099 5505 ert
1115 5450 1271 5504 monastica
1286 5445 1439 5518 professio,
1458 5461 1515 5514 prm
1528 5445 1608 5499 torno
1621 5444 1674 5499 toti
1688 5444 1791 5497 mundo

89 5541 118 5594 11
133 5535 263 5607 operibus
279 5536 380 5592 nostris
397 5536 492 5593 adhuc
511 5536 687 5596 adhaerentis
708 5535 865 5608 1311111111,
896 5535 926 5591 in
952 5538 1160 5612 quodammodo
1177 5536 1305 5591 moritur.
1341 5531 1567 5602 Respondemus:
1596 5537 1619 5587 1.
1640 5529 1790 5587 Vinculum

1401 5634 1461 5691 29*
