4020 6022
198 370 238 428 50
780 361 902 420 Locus
920 358 1122 419 VICRSIMUS
1143 360 1310 426 QUINTUS

198 517 302 586 impias
322 516 352 569 in
372 517 466 570 Deum
484 523 510 570 et
530 515 722 585 iniquissimas
745 516 776 568 in
793 515 917 569 homines
931 514 1030 586 primo
1057 532 1158 571 acures
1177 520 1259 582 duas,
1279 534 1350 586 qaae
1372 518 1471 571 ambae
1494 518 1670 587 offenderant
1688 515 1812 568 animam
1832 515 1951 606 lca-{12¹3

198 603 261 656 loco
279 609 407 655 numerat
426 618 496 669 eam,
523 603 601 669 quod
623 602 758 671 conjugia
781 601 854 655 inter
870 600 1031 655 adolescere·
1057 601 1105 654 aci
1123 609 1148 655 et
1168 604 1308 656 Rebeccae
1320 610 1474 672 parentum
1493 605 1569 673 ejus,
1585 602 1711 672 proinde
1730 601 1825 654 inuitis
1839 618 1897 670 pa·
1913 616 1951 656 nl

198 688 274 741 tulos
305 695 457 756 parentum
492 687 603 756 injussu
630 695 775 741 contracta
798 689 887 757 firma
912 694 1032 756 rataque
1058 689 1181 741 rentibus
1200 690 1326 758 accepit,·
1343 667 1371 742 et
1388 707 1488 742 rarssus
1512 705 1573 758 cap.
1589 691 1632 743 28.
1653 688 1762 757 accepit
1782 667 1951 760 tertiamffi

199 781 338 829 mamant.
374 771 518 828 Hactenus
534 772 725 829 Bellarminus.
765 771 987 843 Respondemus:
1009 777 1032 828 1.
1059 779 1157 827 contra
1186 777 1336 828 emendem
1349 783 1499 844 parentum
1522 775 1706 837 uoluntatem,
1734 789 1785 825 nec
1802 779 1897 825 tamen
1911 781 1951 811 ⁶¹²¹*

199 858 244 912 In⁴
260 857 336 914 hisce
361 858 452 912 nullus
475 856 708 913 animadvertitur
740 858 886 913 dissensus.
931 857 1033 913 Omnes
1058 858 1146 912 Isaac
1166 870 1201 913 ea
1218 861 1352 928 conjugia
1369 861 1495 913 irritavit
1514 867 1540 912 et
1559 859 1710 932 Scriptura
1728 858 1898 930 sinqriicitsr

199 944 272 999 enim
291 948 425 1008 statuunt,
444 944 576 1016 conjugia
594 944 741 1001 liberorum
760 946 820 1001 sine
838 961 973 1000 consensu
985 960 1033 1014 pa·
1058 953 1254 1014 unoresuocat,
1274 963 1346 1016 quus
1357 947 1400 1000 ita
1412 949 1512 1000 ductae
1523 949 1649 1012 sacrarat.
1677 946 1791 999 Deinde
1804 944 1899 997 Jacob

200 1037 307 1086 rentum
326 1037 470 1085 contracta
485 1047 546 1086 esse
564 1030 709 1102 illegitima
725 1039 809 1102 atque
828 1032 919 1095 irritam
937 1047 1031 1086 omnes
1062 1031 1132 1085 Gen.
1153 1034 1198 1087 29.
1219 1034 1515 1087 recommemorata
1535 1050 1630 1101 ursam,
1644 1033 1731 1101 juata
1744 1030 1898 1084 consitium

202 1117 314 1179 docent,
340 1120 469 1186 parentes
486 1117 556 1172 talia
572 1118 747 1172 matrimonia
764 1134 848 1188 posse
863 1117 1031 1183 rescindere,
1055 1125 1207 1189 parentum
1225 1136 1348 1186 suorum,
1365 1120 1506 1172 sedatius
1524 1126 1581 1172 tres
1599 1118 1804 1188 etpraesertim
1825 1116 1901 1168 duas

202 1202 259 1257 alia
279 1218 344 1257 vero
363 1202 490 1273 quaestio
508 1209 559 1267 est,
578 1219 614 1256 an
631 1203 661 1258 ia
680 1202 847 1274 specialibus
868 1201 1033 1274 quibusdam
1059 1203 1182 1257 ancillas
1200 1205 1280 1257 circuit
1292 1202 1460 1273 parentibus
1479 1205 1590 1259 omnino
1608 1204 1715 1268 inanis,
1732 1218 1784 1257 nec
1804 1209 1901 1256 tamen
1948 1262 1951 1268 ⁴

201 1287 311 1343 casibus
328 1287 435 1342 rationo
448 1287 716 1343 circumstantiarum
736 1288 834 1344 habita
846 1293 960 1359 propter
978 1287 1033 1342 svi-
1059 1289 1152 1342 Jacob
1169 1291 1361 1343 sanctissimas
1376 1290 1544 1359 patriarcba
1565 1290 1600 1342 ici
1614 1289 1744 1357 fecisset,
1764 1287 1791 1341 si
1806 1288 1901 1341 credi·

200 1373 315 1428 undum
333 1375 423 1444 majus
441 1372 545 1427 malum
564 1376 726 1444 parentibus
743 1374 779 1428 sit
799 1373 980 1456 suadendum,
1000 1389 1035 1427 ne
1061 1375 1156 1442 disset,
1172 1376 1361 1429 necessarium
1379 1391 1436 1429 csse
1458 1381 1610 1444 parantum
1632 1391 1803 1427 cormacum.
1845 1374 1901 1427 To-

197 1460 263 1530 jnre
281 1459 387 1529 patriae
405 1458 550 1529 potestatis
575 1476 670 1515 severe
696 1465 818 1516 utantur.
855 1459 1034 1529 Distingncn-
1061 1460 1122 1513 bias
1140 1477 1248 1530 quoque
1266 1478 1380 1515 acorem
1398 1462 1478 1514 ducit
1496 1461 1526 1514 in
1547 1461 1644 1514 alisna
1660 1460 1776 1529 scaione
1791 1475 1902 1529 paren·

203 1545 269 1599 dum
288 1543 375 1615 igitur
394 1544 466 1599 inter
479 1545 574 1616 ipsum
597 1546 646 1616 jus
664 1546 771 1616 patriae
787 1545 941 1615 potestatis,
960 1545 1035 1615 quod
1061 1547 1132 1600 tibus
1149 1547 1352 1615 ignorantibus,
1370 1563 1420 1600 nec
1438 1554 1531 1600 tamen
1548 1547 1666 1616 aitqaue
1685 1547 1828 1619 Raplaii,
1849 1545 1903 1616 qui

201 1629 365 1702 parentibus
390 1631 499 1702 semper
527 1639 622 1686 manet
643 1632 751 1686 salvum
779 1638 864 1700 amne
888 1630 1037 1701 integrum,
1062 1650 1124 1686 arm
1141 1634 1203 1702 ipso
1223 1641 1294 1698 erat,
1313 1650 1375 1686 eum
1392 1633 1547 1700 admonuit,
1567 1640 1597 1686 ut
1611 1640 1765 1704 parentum
1784 1648 1903 1687 consen·

202 1719 260 1772 sive
278 1723 375 1771 secuta
393 1715 479 1772 fuerit
497 1716 616 1771 carnalis
637 1717 738 1787 copula
763 1717 792 1771 in
817 1716 919 1771 talibus
937 1715 1037 1769 libero·
1062 1736 1121 1771 sum
1141 1727 1320 1789 suspectaret,
1336 1735 1425 1789 neque
1442 1720 1502 1788 ipse
1518 1717 1654 1787 religioni
1676 1718 1731 1771 sibi
1754 1720 1836 1772 ducit
1856 1719 1902 1772 in·

203 1817 264 1858 rum
290 1803 472 1857 matrimoniis
497 1803 556 1858 sine
581 1803 704 1874 ipsorum
723 1819 858 1857 consensu
880 1799 1037 1867 contractis,
1061 1806 1129 1858 sciis
1143 1805 1308 1875 parentibus
1326 1806 1360 1858 id
1375 1808 1486 1870 tacere.
1515 1803 1741 1874 Respondemus:
1764 1809 1785 1859 l.
1804 1804 1833 1859 in
1852 1821 1901 1873 pe·

203 1889 262 1944 sive
281 1905 336 1943 non
352 1887 438 1943 fuerit
455 1896 565 1957 secuts3
589 1895 618 1944 et
644 1890 717 1943 inter
739 1906 818 1942 usum
835 1895 920 1958 atque
937 1884 1037 1941 exerci·
1062 1908 1137 1959 nera,
1161 1895 1187 1944 2.
1212 1891 1241 1944 in
1267 1891 1367 1960 macie.
1403 1891 1438 1945 In
1462 1905 1573 1960 genere.
1602 1895 1623 1945 t.
1651 1889 1821 1945 incivitate
1846 1890 1902 1945 Dei

204 1976 275 2029 tium
298 1975 373 2031 illius
388 1975 478 2047 juris,
505 1975 580 2046 quod
603 1974 771 2046 quandoque
794 1974 938 2044 paululum
955 1972 1037 2026 inter·
1063 1991 1119 2031 non
1138 1981 1180 2032 est
1197 1975 1349 2031 vivendum
1368 1975 1509 2030 hominurn
1526 1973 1668 2046 exemplis,
1687 1975 1736 2029 sed
1756 1974 1810 2029 Dei
1829 1973 1901 2046 legi-

158 2090 160 2095 ·
205 2061 348 2134 quiescere
372 2061 522 2117 liberorum
548 2061 624 2115 salus
646 2061 757 2130 exigere
779 2066 877 2130 potest
913 2064 937 2114 3.
955 2057 1036 2112 Eras-
1064 2061 1125 2117 bus.
1154 2050 1226 2117 'Jam
1244 2076 1310 2116 vero
1327 2060 1498 2116 ostendimus
1517 2060 1651 2130 superius,
1670 2065 1817 2131 parentum
1832 2076 1902 2114 con·

203 2165 278 2203 mum
296 2134 462 2219 non'potca
481 2147 666 2202 Bellarminus
687 2146 788 2201 nostris
802 2161 958 2209 accensere,
975 2159 1037 2197 cum
1063 2164 1173 2203 sensum
1192 2147 1222 2203 in
1241 2148 1346 2218 nuptiis
1364 2148 1512 2202 liberorum
1536 2153 1563 2201 et
1581 2147 1704 2218 generali
1728 2153 1757 2202 et
1785 2145 1902 2218 speciali

203 2234 263 2289 Leo
280 2234 318 2292 X.
341 2234 370 2288 in
387 2233 474 2288 literis
492 2232 611 2304 publicis
634 2249 697 2287 enm
714 2231 838 2303 appellet
858 2230 990 2285 dilectum
1006 2228 1038 2283 li·
1060 2234 1186 2304 jussione
1215 2234 1310 2288 divina
1335 2233 1446 2304 requiri.
1485 2232 1670 2287 Bellarminus
1694 2223 1759 2302 'ipse
1784 2234 1814 2286 in
1841 2246 1902 2303 seq.

202 2322 270 2376 lium
299 2336 395 2385 snum,
422 2335 542 2390 cumque
562 2317 702 2390 pontificis
725 2316 855 2387 auspiciis
876 2317 936 2386 ejus
953 2329 1038 2370 anno
1064 2335 1173 2390 propos.
1192 2325 1216 2375 3.
1236 2320 1346 2375 scribit:
1374 2320 1559 2387 Praeceptum
1578 2320 1614 2371 ac
1637 2318 1817 2370 matrimonio
1835 2317 1902 2371 libe·

167 2461 168 2464 ,
204 2407 325 2462 tationes
343 2411 373 2460 et
390 2404 568 2476 paraphrasis
586 2404 614 2458 in
637 2403 672 2460 N.
692 2403 725 2457 Τ.
747 2403 836 2459 lucem
861 2401 976 2469 viderit,
1005 2403 1039 2454 ut
1064 2422 1161 2457 rorum
1181 2406 1350 2474 parentibus
1375 2404 1471 2473 potius
1496 2405 1582 2456 datur
1607 2420 1690 2472 assam
1715 2403 1793 2466 tiliis.
1830 2407 1852 2457 2.
1871 2403 1899 2459 Si

203 2493 262 2564 ipse
287 2498 406 2548 testatur
431 2490 459 2545 in
482 2495 576 2545 annot
602 2495 624 2544 1.
641 2488 737 2544 Thess.
758 2495 782 2544 2.
818 2486 1039 2544 attendentius
1065 2490 1198 2561 exemplis
1222 2490 1422 2562 judicandum,
1450 2489 1617 2560 proferenda
1643 2488 1736 2558 potius
1760 2493 1840 2542 erant
1858 2504 1901 2555 ea,

204 2578 379 2633 matrimonia
405 2594 423 2632 a
452 2575 611 2631 Chemnicio
639 2580 714 2631 recte
733 2579 867 2629 vocantur
896 2589 939 2635 ea,
966 2587 1039 2643 quae
1066 2592 1137 2647 quae
1162 2576 1276 2649 regulae
1302 2576 1373 2647 legis
1394 2575 1504 2629 divinae
1523 2581 1695 2645 congruunt,
1726 2588 1810 2645 quam
1830 2590 1901 2645 quae

204 2665 263 2719 sine
284 2679 420 2718 consensu
443 2665 588 2732 parentum
613 2665 771 2730 contracta,
803 2661 826 2715 si
851 2659 895 2715 vel
921 2658 1040 2713 maxime
1065 2662 1101 2716 ab
1129 2679 1162 2716 ea
1190 2653 1358 2732 discrepant.
1397 2658 1582 2715 Bellarminus
1609 2659 1669 2729 ipse
1689 2660 1707 2713 l.
1734 2659 1760 2714 d.
1785 2659 1902 2714 adducit

148 2785 151 2792 -
205 2750 253 2804 alii
271 2748 411 2804 adfuerint
427 2752 522 2816 testes,
540 2752 573 2801 nt
589 2752 685 2817 postea
703 2745 944 2802 demonstrabitur.
1066 2748 1221 2818 exemplum
1239 2749 1354 2816 isaaci,
1373 2748 1420 2818 qui
1440 2761 1552 2800 uxorem
1571 2745 1693 2815 accepit,
1720 2752 1805 2816 quam
1823 2752 1903 2817 pater

243 2843 285 2895 to.
325 2833 532 2890 Pontificlorum
568 2833 733 2887 sententiam
766 2831 828 2887 exin
854 2830 1040 2886 Bellarminus
1067 2833 1092 2888 ei
1111 2833 1189 2888 dedit
1206 2840 1235 2890 et
1252 2834 1382 2890 Rebecca
1399 2850 1468 2888 uxor
1488 2831 1576 2902 ipsius
1593 2831 1737 2885 consilium
1751 2831 1841 2901 patris
1859 2833 1901 2887 sni

207 2921 325 2977 includit
342 2919 432 2976 tribus
448 2918 692 2990 propositionibus.
730 2918 824 2973 Prima
835 2922 879 2973 est
896 2918 957 2971 solo
976 2933 1040 2971 con·
1067 2936 1101 2975 ea
1118 2919 1148 2974 in
1166 2934 1196 2973 re
1214 2927 1309 2976 secuta
1327 2925 1377 2974 est
1402 2919 1472 2974 Gen.
1493 2924 1533 2974 tt.
1570 2917 1641 2972 Item
1660 2917 1773 2982 taccat,
1793 2918 1836 2973 cui
1855 2934 1901 2988 pa

206 3024 288 3062 sensu
307 3013 459 3076 parentum
480 3005 688 3058 matrimonium
709 3003 781 3058 inter
797 3003 880 3071 filios
902 3001 1042 3057 celebrari
1067 3009 1111 3059 ter
1128 3004 1156 3058 in
1178 3004 1315 3059 mandatis
1334 3005 1425 3074 dedit,
1444 3008 1476 3058 nt
1493 3003 1631 3072 acciperet
1651 3018 1764 3058 uxorem
1783 3019 1817 3058 ex
1833 3002 1902 3058 filia·

206 3112 262 3149 non
274 3109 370 3163 paese,
388 3093 505 3161 ideoque
514 3100 626 3161 patrem
644 3108 700 3143 nan
714 3106 798 3160 posse
816 3089 907 3152 tilium
925 3091 966 3141 ad
983 3105 1041 3140 ma·
1067 3091 1120 3146 bus
1146 3091 1253 3156 Laban,
1280 3091 1354 3162 quod
1381 3090 1445 3161 ipse
1470 3088 1632 3144 obedienter
1659 3088 1733 3158 feeit,
1765 3087 1836 3144 Gen.
1861 3095 1901 3146 te.

103 3190 193 3235 xmus.
208 3181 368 3234 trimonium
384 3195 489 3247 cogere.
527 3175 717 3244 Secundaest,
727 3176 853 3245 filiarum
870 3191 1041 3237 consensum,
1067 3177 1127 3230 lllis
1145 3177 1342 3249 conjungenda
1362 3181 1427 3231 sunt
1444 3174 1569 3246 exempla
1587 3175 1727 3239 Irmatlis,
1755 3175 1902 3245 Simeonis,

206 3266 319 3320 etiamsi
341 3265 419 3319 solus
443 3263 488 3332 sit,
516 3265 557 3316 ad
580 3262 789 3315 matrimonium
803 3263 917 3330 firmum
941 3278 976 3314 ac
992 3279 1041 3314 ra·
1069 3264 1161 3318 Sarac
1179 3269 1230 3317 etc.
1250 3262 1398 3334 dequibus
1413 3278 1505 3332 supra.
1536 3260 1569 3314 In
1588 3260 1680 3330 specie
1701 3265 1722 3314 l.
1742 3260 1780 3314 de
1797 3263 1902 3317 Esaco.

207 3360 264 3406 tum
290 3351 437 3421 sufficere,
466 3365 516 3401 nec
536 3364 622 3418 passe
646 3366 665 3400 a
686 3348 850 3416 parentibus
879 3347 922 3400 uel
952 3349 1039 3414 maai·
1070 3357 1091 3405 1.
1110 3350 1186 3405 Bene
1206 3349 1326 3417 iactum,
1352 3348 1425 3420 quod
1444 3349 1480 3403 ab
1500 3348 1591 3402 Esavo
1611 3346 1721 3402 Jesuita
1747 3348 1903 3404 sententiae

207 3446 299 3493 stram
323 3436 462 3507 ejusmodi
486 3435 694 3489 matrimonium
718 3434 840 3490 irritari.
876 3433 973 3488 Tertia
991 3440 1040 3500 est,
1067 3451 1134 3490 suae
1158 3435 1243 3489 robur
1270 3435 1392 3506 quaerit,
1416 3439 1448 3488 ut
1467 3451 1497 3488 se
1517 3432 1660 3487 Esavitam
1684 3449 1744 3489 esse
1765 3436 1902 3491 ostendat

202 3538 323 3595 peccare
339 3520 423 3590 filios,
443 3522 557 3590 wando
575 3521 635 3572 sine
648 3521 732 3589 justa
757 3526 783 3572 et
799 3519 938 3573 rationali
954 3535 1041 3571 causa
1067 3528 1091 3576 2.
1111 3519 1209 3591 Cupite
1226 3519 1349 3590 proxime
1365 3518 1549 3590 praecedente
1567 3525 1609 3587 25,
1627 3527 1651 3572 t.
1674 3525 1714 3574 34.
1736 3535 1901 3576 commemo·

203 3609 371 3679 parentibus
398 3606 496 3660 insciis
523 3605 568 3659 nel
594 3605 690 3658 invitis
722 3605 903 3659 matrimonia
930 3613 1040 3659 contra·
1066 3613 1125 3671 tur,
1154 3606 1229 3678 quod
1257 3604 1366 3659 Esavus
1392 3623 1447 3674 pro
1477 3604 1572 3658 cautio
1590 3605 1643 3673 jus
1659 3605 1903 3674 primogeniturae

207 3697 282 3750 bunt.
319 3694 352 3748 In
381 3692 470 3763 prima
493 3697 521 3747 et
541 3691 624 3746 tertia
647 3691 834 3762 propositione
855 3690 1040 3746 Bellarminus
1066 3691 1241 3759 vendiderit,
1267 3705 1322 3761 quo
1340 3690 1450 3744 nomine
1469 3696 1584 3744 vocatur
1600 3693 1730 3759 βέβηλος,
1748 3695 1902 3760 profanus,

208 3797 258 3836 nos
283 3779 338 3834 sibi
363 3775 534 3852 ὁμοψήφους
552 3775 645 3839 habet,
669 3776 751 3831 modo
774 3777 802 3831 in
824 3777 873 3831 illa
892 3792 1041 3832 consensus
1067 3777 1153 3833 Hebr.
1183 3781 1226 3845 12,
1250 3794 1275 3832 v.
1309 3780 1348 3832 to.
1367 3782 1396 3829 et
1414 3791 1469 3845 quo
1488 3775 1579 3829 animo
1610 3791 1641 3829 ac
1661 3776 1776 3831 consilio
1792 3777 1902 3832 tertiam

208 3867 357 3922 liberorum
383 3867 466 3919 etism
490 3863 593 3918 tacitus
617 3868 757 3917 statuatur
782 3861 917 3926 sufficere,
935 3862 971 3917 ab
988 3861 1041 3917 hac
1068 3862 1190 3931 duxerit,
1223 3861 1336 3932 exponit
1365 3859 1483 3931 Spiritus
1509 3867 1622 3915 sanctus
1648 3859 1719 3919 Gen
1746 3867 1788 3926 28,
1816 3879 1842 3916 v.
1871 3868 1901 3918 6:

208 3955 381 4009 removeatur
405 3949 538 4004 insidiosa
560 3949 609 4003 illa
636 3948 770 4017 clausula,
791 3949 865 4020 quod
882 3950 942 4003 sine
958 3952 1041 4020 justa
1075 3949 1179 4003 Videas
1198 3950 1292 4015 Erasi,
1318 3948 1394 4016 quod
1423 3947 1607 4000 benedixisset
1624 3955 1709 4016 pater
1728 3965 1795 4001 aare
1816 3950 1902 4002 daca

209 4047 235 4093 et
261 4037 429 4091 rationabili
447 4054 534 4089 causa
557 4035 640 4088 liberi
655 4053 710 4090 nan
735 4035 855 4088 debeata
877 4035 976 4088 insciis
998 4035 1042 4089 uel
1069 4036 1131 4088 bum
1152 4042 1177 4087 et
1195 4034 1310 4087 disiisset
1330 4033 1371 4101 ei,
1389 4051 1445 4087 non
1463 4033 1584 4102 accipies
1602 4050 1716 4087 oaorem
1735 4036 1771 4088 ds
1788 4036 1903 4100 filiabus

208 4125 304 4178 inuitis
317 4123 483 4197 parastibiu
501 4121 681 4176 matrimonia
700 4120 874 4184 contrahere,
891 4137 942 4192 per
959 4137 1041 4192 quam
1072 4123 1207 4187 Canaan,·
1226 4136 1253 4173 v.
1272 4123 1298 4174 8.
1317 4120 1446 4188 quodque
1460 4126 1545 4186 pater
1561 4136 1617 4171 aon
1638 4119 1755 4173 libenter·
1775 4122 1902 4191 adspice·

209 4209 342 4278 innuitur,
360 4225 443 4279 posse
461 4207 521 4261 dari
535 4207 641 4277 justam
664 4212 693 4262 et
711 4204 906 4261 rationabilem
920 4222 1041 4274 musam,
1068 4215 1111 4261 ret
1128 4207 1205 4272 filias
1224 4205 1356 4269 Oaaaan,
1382 4205 1431 4257 iuit
1448 4207 1489 4257 ad
1515 4205 1665 4259 Ismae'lem
1686 4213 1711 4258 et
1732 4207 1815 4261 duait
1834 4225 1901 4261 uro·

209 4313 281 4368 quae
299 4294 422 4351 excludit
439 4297 585 4364 paternum
600 4308 771 4347 consensum.
807 4292 848 4346 At
861 4308 933 4364 quae
949 4299 1042 4363 potest
1068 4310 1127 4347 rem
1149 4300 1265 4361 praeter
1290 4308 1346 4358 eas,
1370 4307 1441 4359 quas
1459 4290 1582 4344 lababat.
1618 4290 1727 4361 Ecquid
1747 4307 1814 4364 argo
1836 4294 1900 4349 boni

208 4400 269 4438 esse
286 4384 364 4453 justa
380 4384 408 4435 et
425 4378 598 4433 rationabilis
617 4393 709 4447 causa,
727 4384 839 4447 propter
859 4394 942 4449 quam
961 4377 1041 4433 liberi
1068 4396 1101 4433 ao
1128 4375 1275 4431 laudabilis
1299 4375 1329 4429 in
1353 4376 1437 4445 hujus
1462 4375 1572 4446 profani
1600 4381 1629 4431 et
1647 4375 1833 4433 inobedientis
1852 4379 1951 4434 titiit

208 4468 320 4523 filialem
345 4464 531 4521 obedientiam
554 4470 583 4518 et
610 4462 791 4518 reverentiam
817 4462 949 4517 divinitus
973 4464 1041 4534 ipsis
1068 4463 1193 4533 exemplo
1224 4460 1433 4533 quaerendum?
1464 4466 1488 4517 3.
1506 4461 1551 4517 De
1577 4461 1661 4516 Esavi
1690 4462 1825 4519 uxoribus
1856 4482 1901 4520 ex·

208 4555 367 4609 mandatam
384 4550 546 4623 parentibus
563 4551 627 4621 jure
645 4548 802 4620 derogant?
827 4565 882 4603 non
905 4549 977 4605 enim
996 4549 1041 4604 hic
1067 4566 1161 4621 presse
1180 4547 1281 4602 dicitur
1299 4545 1369 4601 Gen.
1391 4551 1438 4612 36,
1457 4565 1482 4600 v.
1503 4552 1544 4603 35.
1563 4547 1637 4618 quod
1663 4549 1771 4611 fuerint
1796 4551 1903 4604 aretari·

210 4640 334 4712 quaestio
359 4643 401 4693 est
422 4637 458 4690 de
475 4635 636 4707 parentibus
653 4634 698 4689 vel
717 4634 835 4700 fiuiosis,
853 4634 897 4690 vel
915 4636 1041 4706 captivis,
1068 4625 1136 4692 tucio
1156 4636 1273 4704 spiritus
1299 4634 1402 4688 Isaaco
1421 4652 1455 4687 ac
1476 4634 1615 4687 Rebeccae
1635 4634 1765 4704 quodque
1778 4636 1902 4691 animum

209 4726 254 4781 vel
271 4723 393 4781 officium
412 4738 494 4777 suum
510 4719 718 4792 negligentibus
738 4726 766 4775 et
784 4720 885 4775 liberos
909 4737 927 4775 a
949 4723 1042 4776 matri-
1068 4724 1190 4794 ipsorum
1221 4721 1291 4775 adeo
1315 4719 1550 4788 exulceraverint,
1578 4725 1611 4773 ut
1632 4719 1762 4776 Rebecca
1786 4722 1816 4776 in
1834 4723 1903 4778 haec

209 4810 301 4865 monio
319 4809 479 4880 privationi
497 4805 633 4862 commodi
651 4822 737 4861 causa
754 4805 858 4876 injuste
875 4806 1042 4871 arcentibus,
1069 4812 1227 4878 erumperet
1241 4805 1340 4860 verba:
1361 4806 1396 4860 Si
1412 4806 1555 4876 acceperit
1571 4806 1664 4859 Jacob
1685 4822 1800 4862 acorem
1819 4811 1854 4862 de
1869 4812 1902 4874 fi·

139 4949 141 4952 .
209 4896 238 4949 in
265 4911 297 4948 eo
325 4894 397 4949 enim
426 4910 492 4948 casu
514 4892 558 4947 vel
582 4897 772 4963 cognatorum,
796 4891 839 4947 rel
864 4892 1043 4963 magistratus
1069 4895 1117 4947 tiis
1139 4892 1227 4959 Hali,
1247 4892 1344 4960 quales
1363 4900 1425 4944 sunt
1443 4892 1497 4945 bas
1516 4893 1551 4945 cle
1569 4891 1683 4954 filiabus
1701 4899 1811 4957 terrae,
1836 4895 1903 4948 noia

210 4979 355 5036 consilium
372 4987 400 5034 et
417 4979 552 5035 auxilium
570 4977 775 5048 implorandum
794 4982 845 5045 est,
863 4977 911 5047 qui
932 4994 996 5032 cnm
1014 4979 1043 5033 in
1069 4981 1168 5034 uiuere.
1202 4977 1286 5032 Tales
1315 4977 1421 5033 scilicet
1451 4977 1554 5032 babere
1584 4981 1788 5032 consueverunt
1813 4979 1904 5034 exitiis

211 5068 302 5122 locum
319 5072 464 5137 parentum
482 5064 645 5131 succedant,
677 5081 713 5118 ne
738 5063 778 5117 sic
803 5061 915 5134 quidem
939 5064 1045 5133 absque
1070 5060 1244 5118 matrimonia
1260 5062 1410 5117 liberorum
1430 5063 1489 5117 sine
1508 5068 1656 5133 parentum
1684 5078 1823 5119 consensu
1840 5081 1904 5121 con·

210 5159 329 5226 paterna
349 5151 512 5205 anctoritate
537 5149 699 5221 conjugium
722 5147 889 5219 intelligitur
912 5148 1045 5202 cannabi.
1070 5153 1174 5212 tracta,
1212 5166 1326 5220 quorum
1360 5149 1544 5219 patrocinium
1575 5149 1701 5204 besuitae
1741 5149 1905 5221 suscipiunt

210 5238 309 5294 Restat
328 5236 414 5308 igitur
436 5235 561 5291 secunda
580 5232 749 5305 propositio,
765 5248 848 5302 quem
869 5233 927 5303 juri
944 5232 1049 5298 divino,
1072 5239 1095 5287 t.
1116 5236 1164 5300 At,
1182 5234 1280 5305 inquis,
1298 5237 1421 5289 isaacus
1439 5235 1493 5288 uta
1506 5236 1686 5288 matrimonia
1701 5254 1757 5289 non
1772 5238 1908 5292 irritavit.

212 5323 333 5379 naturali
350 5339 383 5376 ac
402 5321 478 5376 civili
496 5337 653 5392 repugnare
671 5319 796 5374 dicimus.
825 5317 977 5373 Videamus
993 5319 1045 5390 igi·
1072 5320 1293 5390 Respondemus:
1321 5320 1499 5375 tribuendum
1525 5320 1578 5375 hoc
1603 5320 1646 5376 vel
1663 5326 1799 5391 paternae
1816 5323 1906 5379 indul·

211 5416 265 5479 tur,
285 5408 353 5481 qnid
373 5424 424 5478 pro
443 5408 504 5477 ejus
516 5405 723 5461 coniunctione
741 5403 925 5458 Bellurminus
939 5403 1045 5459 afferat.
1072 5407 1191 5477 gantiae,
1211 5423 1282 5477 quse
1299 5407 1327 5460 in
1344 5405 1440 5460 liberis
1460 5406 1549 5460 multa
1565 5405 1686 5483 tolerat,
1707 5424 1781 5477 quae
1801 5415 1906 5465 mutare

85 5503 156 5555 Arru-
248 5503 289 5552 77.
326 5494 450 5549 Primum
470 5492 535 5546 huic
551 5489 733 5563 propositioni
755 5488 873 5543 fulcrum
891 5489 1000 5561 quaerit
1017 5490 1045 5544 in
1072 5492 1446 5567 nequit(nolcns1saacus,
1469 5490 1560 5562 inquit
1584 5490 1697 5561 Josepb.
1724 5492 1772 5548 lib.
1798 5501 1820 5552 l.
1839 5496 1908 5551 anti·

86 5559 162 5601 usuca
213 5582 347 5656 exemplis
375 5580 542 5651 Scripturas
563 5592 672 5630 sacrae.
699 5573 770 5629 Gen.
790 5579 836 5630 to:
861 5576 942 5630 Esau
966 5578 1046 5630 duait
1073 5578 1141 5649 quit.
1159 5593 1183 5633 e.
1207 5583 1245 5632 17.
1275 5576 1349 5632 circs
1369 5575 1440 5633 med.
1466 5578 1596 5632 molestus
1619 5593 1678 5631 esse
1704 5579 1766 5644 filio
1778 5581 1908 5649 jubendo
