<?xml version="1.0" encoding="UTF-8"?>
<!DOCTYPE html PUBLIC "-//W3C//DTD XHTML 1.0 Transitional//EN"
    "http://www.w3.org/TR/xhtml1/DTD/xhtml1-transitional.dtd">
<html xmlns="http://www.w3.org/1999/xhtml" xml:lang="en" lang="en">
 <head>
  <title>
</title>
<meta http-equiv="Content-Type" content="text/html;charset=utf-8" />
  <meta name='ocr-system' content='tesseract 3.04.00' />
  <meta name='ocr-capabilities' content='ocr_page ocr_carea ocr_par ocr_line ocrx_word'/>
</head>
<body>
  <div class='ocr_page' id='page_1' title='image "./locitheologicit01gerhgoog/locitheologicit01gerhgoog_0288.png"; bbox 0 0 4020 6022; ppageno 0'>
   <div class='ocr_carea' id='block_1_1' title="bbox 268 234 1383 305">
    <p class='ocr_par' dir='ltr' id='par_1_1' title="bbox 268 234 1383 305">
     <span class='ocr_line' id='line_1_1' title="bbox 268 234 1383 305; baseline -0.007 -2"><span class='ocrx_word' id='word_1_1' title='bbox 268 244 329 305; x_wconf 78' lang='lat' dir='ltr'><strong>tte</strong></span> <span class='ocrx_word' id='word_1_2' title='bbox 740 284 743 289; x_wconf 87' lang='lat'><strong>.</strong></span> <span class='ocrx_word' id='word_1_3' title='bbox 848 236 972 295; x_wconf 76' lang='lat' dir='ltr'><strong>Locus</strong></span> <span class='ocrx_word' id='word_1_4' title='bbox 990 234 1195 293; x_wconf 77' lang='lat' dir='ltr'><strong>vtcasmus</strong></span> <span class='ocrx_word' id='word_1_5' title='bbox 1214 237 1383 302; x_wconf 84' lang='lat' dir='ltr'>QUINTUS</span> 
     </span>
    </p>
   </div>
   <div class='ocr_carea' id='block_1_2' title="bbox 139 381 2007 5541">
    <p class='ocr_par' dir='ltr' id='par_1_2' title="bbox 139 381 2007 5541">
     <span class='ocr_line' id='line_1_2' title="bbox 268 381 1965 487; baseline 0.001 -40"><span class='ocrx_word' id='word_1_6' title='bbox 268 398 315 447; x_wconf 91' lang='lat' dir='ltr'><strong>tur</strong></span> <span class='ocrx_word' id='word_1_7' title='bbox 333 394 512 459; x_wconf 67' lang='lat' dir='ltr'><strong>Ferratus,</strong></span> <span class='ocrx_word' id='word_1_8' title='bbox 540 408 573 447; x_wconf 88' lang='lat' dir='ltr'><strong>sc</strong></span> <span class='ocrx_word' id='word_1_9' title='bbox 602 408 675 448; x_wconf 89' lang='lat' dir='ltr'><strong>nova</strong></span> <span class='ocrx_word' id='word_1_10' title='bbox 691 399 779 464; x_wconf 88' lang='lat' dir='ltr'><strong>nupta</strong></span> <span class='ocrx_word' id='word_1_11' title='bbox 806 394 926 465; x_wconf 88' lang='lat' dir='ltr'><strong>primum</strong></span> <span class='ocrx_word' id='word_1_12' title='bbox 953 391 981 444; x_wconf 92' lang='lat' dir='ltr'><strong>in</strong></span> <span class='ocrx_word' id='word_1_13' title='bbox 1000 381 1333 487; x_wconf 59' lang='lat' dir='ltr'><strong>lectamlintrodueenda</strong></span> <span class='ocrx_word' id='word_1_14' title='bbox 1350 392 1509 449; x_wconf 74' lang='lat' dir='ltr'><strong>foedissime</strong></span> <span class='ocrx_word' id='word_1_15' title='bbox 1527 393 1702 459; x_wconf 84' lang='lat' dir='ltr'><strong>aberrabant.</strong></span> <span class='ocrx_word' id='word_1_16' title='bbox 1722 394 1832 451; x_wconf 87' lang='lat' dir='ltr'><strong>interim</strong></span> <span class='ocrx_word' id='word_1_17' title='bbox 1849 395 1880 449; x_wconf 87' lang='lat' dir='ltr'><strong>in</strong></span> <span class='ocrx_word' id='word_1_18' title='bbox 1897 394 1965 450; x_wconf 88' lang='lat' dir='ltr'><strong>anti·</strong></span> 
     </span>
     <span class='ocr_line' id='line_1_3' title="bbox 268 475 1965 552; baseline 0.002 -19"><span class='ocrx_word' id='word_1_19' title='bbox 268 482 406 547; x_wconf 70' lang='lat' dir='ltr'><strong>genialem</strong></span> <span class='ocrx_word' id='word_1_20' title='bbox 434 498 452 535; x_wconf 90' lang='lat' dir='ltr'><strong>a</strong></span> <span class='ocrx_word' id='word_1_21' title='bbox 482 479 648 551; x_wconf 80' lang='lat' dir='ltr'><strong>generandis</strong></span> <span class='ocrx_word' id='word_1_22' title='bbox 674 480 767 534; x_wconf 77' lang='lat' dir='ltr'><strong>libens</strong></span> <span class='ocrx_word' id='word_1_23' title='bbox 793 498 833 535; x_wconf 86' lang='lat' dir='ltr'><strong>stc</strong></span> <span class='ocrx_word' id='word_1_24' title='bbox 858 478 962 533; x_wconf 89' lang='lat' dir='ltr'><strong>dictum</strong></span> <span class='ocrx_word' id='word_1_25' title='bbox 989 483 1017 532; x_wconf 90' lang='lat' dir='ltr'><strong>et</strong></span> <span class='ocrx_word' id='word_1_26' title='bbox 1036 475 1225 551; x_wconf 68' lang='lat' dir='ltr'><strong>rosisqcipate</strong></span> <span class='ocrx_word' id='word_1_27' title='bbox 1244 478 1293 531; x_wconf 92' lang='lat' dir='ltr'><strong>illa</strong></span> <span class='ocrx_word' id='word_1_28' title='bbox 1310 479 1436 547; x_wconf 91' lang='lat' dir='ltr'><strong>notione,</strong></span> <span class='ocrx_word' id='word_1_29' title='bbox 1465 480 1539 550; x_wconf 89' lang='lat' dir='ltr'><strong>quod</strong></span> <span class='ocrx_word' id='word_1_30' title='bbox 1568 480 1597 534; x_wconf 88' lang='lat' dir='ltr'><strong>iu</strong></span> <span class='ocrx_word' id='word_1_31' title='bbox 1621 480 1753 552; x_wconf 85' lang='lat' dir='ltr'><strong>conjugio</strong></span> <span class='ocrx_word' id='word_1_32' title='bbox 1775 480 1965 536; x_wconf 84' lang='lat' dir='ltr'><strong>contrahendo</strong></span> 
     </span>
     <span class='ocr_line' id='line_1_4' title="bbox 269 561 1964 639; baseline 0 -18"><span class='ocrx_word' id='word_1_33' title='bbox 269 572 440 632; x_wconf 88' lang='lat' dir='ltr'><strong>contectum,</strong></span> <span class='ocrx_word' id='word_1_34' title='bbox 475 570 572 636; x_wconf 88' lang='lat' dir='ltr'><strong>postea</strong></span> <span class='ocrx_word' id='word_1_35' title='bbox 608 567 691 620; x_wconf 90' lang='lat' dir='ltr'><strong>etiam</strong></span> <span class='ocrx_word' id='word_1_36' title='bbox 723 584 740 620; x_wconf 89' lang='lat' dir='ltr'><strong>a</strong></span> <span class='ocrx_word' id='word_1_37' title='bbox 771 565 880 621; x_wconf 86' lang='lat' dir='ltr'><strong>feminis</strong></span> <span class='ocrx_word' id='word_1_38' title='bbox 910 563 1044 635; x_wconf 82' lang='lat' dir='ltr'>pronubis</span> <span class='ocrx_word' id='word_1_39' title='bbox 1075 561 1184 639; x_wconf 76' lang='lat' dir='ltr'><strong>in,l)ei</strong></span> <span class='ocrx_word' id='word_1_40' title='bbox 1212 580 1293 633; x_wconf 92' lang='lat' dir='ltr'><strong>opem</strong></span> <span class='ocrx_word' id='word_1_41' title='bbox 1324 565 1471 633; x_wconf 87' lang='lat' dir='ltr'><strong>implorare</strong></span> <span class='ocrx_word' id='word_1_42' title='bbox 1496 570 1637 634; x_wconf 86' lang='lat' dir='ltr'><strong>oporteat,</strong></span> <span class='ocrx_word' id='word_1_43' title='bbox 1664 582 1682 620; x_wconf 87' lang='lat' dir='ltr'><strong>a</strong></span> <span class='ocrx_word' id='word_1_44' title='bbox 1705 567 1832 621; x_wconf 88' lang='lat' dir='ltr'><strong>veritatis</strong></span> <span class='ocrx_word' id='word_1_45' title='bbox 1855 567 1964 621; x_wconf 84' lang='lat' dir='ltr'><strong>tramite</strong></span> 
     </span>
     <span class='ocr_line' id='line_1_5' title="bbox 269 648 1963 745; baseline 0 -39"><span class='ocrx_word' id='word_1_46' title='bbox 269 653 368 706; x_wconf 83' lang='lat' dir='ltr'><strong>mariti</strong></span> <span class='ocrx_word' id='word_1_47' title='bbox 394 654 494 706; x_wconf 86' lang='lat' dir='ltr'><strong>lectum</strong></span> <span class='ocrx_word' id='word_1_48' title='bbox 528 651 730 716; x_wconf 79' lang='lat' dir='ltr'>collocabatur,</span> <span class='ocrx_word' id='word_1_49' title='bbox 779 650 887 720; x_wconf 87' lang='lat' dir='ltr'><strong>vesperi</strong></span> <span class='ocrx_word' id='word_1_50' title='bbox 925 648 1241 745; x_wconf 66' lang='lat' dir='ltr'><strong>accinebaturqminime</strong></span> <span class='ocrx_word' id='word_1_51' title='bbox 1275 649 1396 703; x_wconf 89' lang='lat' dir='ltr'><strong>omnium</strong></span> <span class='ocrx_word' id='word_1_52' title='bbox 1430 650 1618 707; x_wconf 84' lang='lat' dir='ltr'><strong>discedebant</strong></span> <span class='ocrx_word' id='word_1_53' title='bbox 1666 652 1847 707; x_wconf 85' lang='lat' dir='ltr'><strong>Omabantur</strong></span> <span class='ocrx_word' id='word_1_54' title='bbox 1877 667 1963 706; x_wconf 83' lang='lat' dir='ltr'><strong>norae</strong></span> 
     </span>
     <span class='ocr_line' id='line_1_6' title="bbox 269 734 1963 809; baseline 0.001 -18"><span class='ocrx_word' id='word_1_55' title='bbox 269 738 480 807; x_wconf 73' lang='lat' dir='ltr'><em>epithalamium</em></span> <span class='ocrx_word' id='word_1_56' title='bbox 499 736 737 807; x_wconf 80' lang='grc' dir='ltr'><strong>κατακοιμητικόν,</strong></span> <span class='ocrx_word' id='word_1_57' title='bbox 755 752 836 791; x_wconf 89' lang='lat' dir='ltr'><strong>mane</strong></span> <span class='ocrx_word' id='word_1_58' title='bbox 850 752 915 791; x_wconf 92' lang='lat' dir='ltr'><strong>vero</strong></span> <span class='ocrx_word' id='word_1_59' title='bbox 927 734 1102 807; x_wconf 76' lang='lat' dir='ltr'><strong>‹lesyrpuaim</strong></span> <span class='ocrx_word' id='word_1_60' title='bbox 1114 762 1117 797; x_wconf 68' lang='lat' dir='ltr'><strong>t</strong></span> <span class='ocrx_word' id='word_1_61' title='bbox 1130 741 1232 804; x_wconf 79' lang='lat' dir='ltr'><strong>nuptae</strong></span> <span class='ocrx_word' id='word_1_62' title='bbox 1249 737 1443 789; x_wconf 70' lang='lat' dir='ltr'><strong>apamaenum</strong></span> <span class='ocrx_word' id='word_1_63' title='bbox 1462 738 1594 804; x_wconf 72' lang='lat' dir='ltr'><strong><em>crinibus,</em></strong></span> <span class='ocrx_word' id='word_1_64' title='bbox 1614 736 1661 808; x_wconf 89' lang='lat' dir='ltr'><strong>qui</strong></span> <span class='ocrx_word' id='word_1_65' title='bbox 1679 745 1740 793; x_wconf 83' lang='lat' dir='ltr'><strong>erat</strong></span> <span class='ocrx_word' id='word_1_66' title='bbox 1757 738 1899 809; x_wconf 84' lang='lat' dir='ltr'><strong>virginum</strong></span> <span class='ocrx_word' id='word_1_67' title='bbox 1910 738 1963 792; x_wconf 70' lang='lat' dir='ltr'><strong>Ve·</strong></span> 
     </span>
     <span class='ocr_line' id='line_1_7' title="bbox 270 822 2007 895; baseline 0.002 -18"><span class='ocrx_word' id='word_1_68' title='bbox 270 823 407 880; x_wconf 79' lang='lat' dir='ltr'><strong>PostridIe</strong></span> <span class='ocrx_word' id='word_1_69' title='bbox 432 825 592 895; x_wconf 77' lang='lat' dir='ltr'><strong>nuptiarum</strong></span> <span class='ocrx_word' id='word_1_70' title='bbox 617 824 694 895; x_wconf 90' lang='lat' dir='ltr'><strong>apud</strong></span> <span class='ocrx_word' id='word_1_71' title='bbox 722 841 824 878; x_wconf 88' lang='lat' dir='ltr'><strong>novum</strong></span> <span class='ocrx_word' id='word_1_72' title='bbox 846 823 974 877; x_wconf 88' lang='lat' dir='ltr'><strong>maritum</strong></span> <span class='ocrx_word' id='word_1_73' title='bbox 994 839 1102 875; x_wconf 87' lang='lat' dir='ltr'><strong>rursum</strong></span> <span class='ocrx_word' id='word_1_74' title='bbox 1129 822 1240 875; x_wconf 83' lang='lat' dir='ltr'><strong>stallum</strong></span> <span class='ocrx_word' id='word_1_75' title='bbox 1260 828 1382 890; x_wconf 89' lang='lat' dir='ltr'><strong>ornatus,</strong></span> <span class='ocrx_word' id='word_1_76' title='bbox 1401 839 1518 893; x_wconf 89' lang='lat' dir='ltr'><strong>quarum</strong></span> <span class='ocrx_word' id='word_1_77' title='bbox 1537 823 1693 879; x_wconf 70' lang='lat' dir='ltr'><strong>castitatem</strong></span> <span class='ocrx_word' id='word_1_78' title='bbox 1710 824 1848 879; x_wconf 75' lang='lat' dir='ltr'><strong>vimssms</strong></span> <span class='ocrx_word' id='word_1_79' title='bbox 1861 825 1962 880; x_wconf 87' lang='lat' dir='ltr'><strong>nubea·</strong></span> <span class='ocrx_word' id='word_1_80' title='bbox 1975 833 2007 873; x_wconf 82' lang='lat' dir='ltr'><strong>tv.</strong></span> 
     </span>
     <span class='ocr_line' id='line_1_8' title="bbox 268 909 1963 981; baseline 0.001 -17"><span class='ocrx_word' id='word_1_81' title='bbox 268 910 436 965; x_wconf 79' lang='lat' dir='ltr'><strong>coenabatur</strong></span> <span class='ocrx_word' id='word_1_82' title='bbox 464 916 491 966; x_wconf 92' lang='lat' dir='ltr'><strong>et</strong></span> <span class='ocrx_word' id='word_1_83' title='bbox 519 912 598 980; x_wconf 89' lang='lat' dir='ltr'><strong>quasi</strong></span> <span class='ocrx_word' id='word_1_84' title='bbox 627 911 863 981; x_wconf 77' lang='lat' dir='ltr'><strong>redintegraretur</strong></span> <span class='ocrx_word' id='word_1_85' title='bbox 891 909 1010 979; x_wconf 91' lang='lat' dir='ltr'><strong>potatio,</strong></span> <span class='ocrx_word' id='word_1_86' title='bbox 1040 925 1103 962; x_wconf 91' lang='lat' dir='ltr'><strong>eum</strong></span> <span class='ocrx_word' id='word_1_87' title='bbox 1130 916 1171 963; x_wconf 90' lang='lat' dir='ltr'><strong>tes</strong></span> <span class='ocrx_word' id='word_1_88' title='bbox 1203 909 1255 962; x_wconf 92' lang='lat' dir='ltr'><strong>hoc</strong></span> <span class='ocrx_word' id='word_1_89' title='bbox 1282 916 1364 979; x_wconf 93' lang='lat' dir='ltr'><strong>pacto</strong></span> <span class='ocrx_word' id='word_1_90' title='bbox 1389 910 1565 979; x_wconf 72' lang='lat' dir='ltr'><strong>spondebant</strong></span> <span class='ocrx_word' id='word_1_91' title='bbox 1590 911 1706 967; x_wconf 89' lang='lat' dir='ltr'><strong>docente</strong></span> <span class='ocrx_word' id='word_1_92' title='bbox 1731 912 1823 967; x_wconf 77' lang='lat' dir='ltr'><strong>Festo.</strong></span> <span class='ocrx_word' id='word_1_93' title='bbox 1865 914 1963 979; x_wconf 81' lang='lat' dir='ltr'><strong>Hasta,</strong></span> 
     </span>
     <span class='ocr_line' id='line_1_9' title="bbox 269 995 1963 1067; baseline 0.002 -18"><span class='ocrx_word' id='word_1_94' title='bbox 269 995 341 1051; x_wconf 90' lang='lat' dir='ltr'><strong>diem</strong></span> <span class='ocrx_word' id='word_1_95' title='bbox 358 996 470 1065; x_wconf 79' lang='lat' dir='ltr'><strong>repotia</strong></span> <span class='ocrx_word' id='word_1_96' title='bbox 487 995 673 1067; x_wconf 87' lang='lat' dir='ltr'><strong>appellebant.</strong></span> <span class='ocrx_word' id='word_1_97' title='bbox 711 996 806 1052; x_wconf 86' lang='lat' dir='ltr'><strong>Novae</strong></span> <span class='ocrx_word' id='word_1_98' title='bbox 832 1000 936 1065; x_wconf 88' lang='lat' dir='ltr'><strong>nuptae</strong></span> <span class='ocrx_word' id='word_1_99' title='bbox 954 1010 1103 1048; x_wconf 87' lang='lat' dir='ltr'><strong>muneras</strong></span> <span class='ocrx_word' id='word_1_100' title='bbox 1130 995 1248 1064; x_wconf 85' lang='lat' dir='ltr'><strong>quaein</strong></span> <span class='ocrx_word' id='word_1_101' title='bbox 1276 1011 1392 1065; x_wconf 88' lang='lat' dir='ltr'><strong>corpore</strong></span> <span class='ocrx_word' id='word_1_102' title='bbox 1416 995 1579 1066; x_wconf 86' lang='lat' dir='ltr'><strong>gladiatoris</strong></span> <span class='ocrx_word' id='word_1_103' title='bbox 1605 996 1688 1050; x_wconf 91' lang='lat' dir='ltr'><strong>occisi</strong></span> <span class='ocrx_word' id='word_1_104' title='bbox 1716 997 1855 1063; x_wconf 86' lang='lat' dir='ltr'><strong>stetisset,</strong></span> <span class='ocrx_word' id='word_1_105' title='bbox 1883 1006 1963 1066; x_wconf 82' lang='lat' dir='ltr'><strong>caput</strong></span> 
     </span>
     <span class='ocr_line' id='line_1_10' title="bbox 268 1079 1963 1153; baseline 0.001 -17"><span class='ocrx_word' id='word_1_106' title='bbox 268 1080 442 1153; x_wconf 88' lang='lat' dir='ltr'><strong>parentibus,</strong></span> <span class='ocrx_word' id='word_1_107' title='bbox 462 1083 588 1153; x_wconf 86' lang='lat' dir='ltr'><strong>cognatis</strong></span> <span class='ocrx_word' id='word_1_108' title='bbox 610 1088 639 1136; x_wconf 91' lang='lat' dir='ltr'><strong>et</strong></span> <span class='ocrx_word' id='word_1_109' title='bbox 656 1083 820 1152; x_wconf 82' lang='lat' dir='ltr'><strong>propinquis</strong></span> <span class='ocrx_word' id='word_1_110' title='bbox 839 1079 1036 1137; x_wconf 82' lang='lat' dir='ltr'><strong>mittebantur.</strong></span> <span class='ocrx_word' id='word_1_111' title='bbox 1061 1096 1103 1133; x_wconf 92' lang='lat' dir='ltr'><strong>so·</strong></span> <span class='ocrx_word' id='word_1_112' title='bbox 1130 1080 1259 1133; x_wconf 82' lang='lat' dir='ltr'><strong>nubentis</strong></span> <span class='ocrx_word' id='word_1_113' title='bbox 1284 1080 1458 1151; x_wconf 83' lang='lat' dir='ltr'><strong>comebatur,</strong></span> <span class='ocrx_word' id='word_1_114' title='bbox 1490 1087 1522 1135; x_wconf 92' lang='lat' dir='ltr'><strong>ut</strong></span> <span class='ocrx_word' id='word_1_115' title='bbox 1545 1082 1779 1153; x_wconf 89' lang='lat' dir='ltr'><strong>quemadmodum</strong></span> <span class='ocrx_word' id='word_1_116' title='bbox 1803 1083 1854 1137; x_wconf 86' lang='lat' dir='ltr'><strong>illa</strong></span> <span class='ocrx_word' id='word_1_117' title='bbox 1876 1083 1963 1138; x_wconf 82' lang='lat' dir='ltr'><strong>luerat</strong></span> 
     </span>
     <span class='ocr_line' id='line_1_11' title="bbox 268 1166 1962 1240; baseline 0.003 -20"><span class='ocrx_word' id='word_1_118' title='bbox 268 1166 342 1222; x_wconf 91' lang='lat' dir='ltr'><strong>lenni</strong></span> <span class='ocrx_word' id='word_1_119' title='bbox 364 1168 460 1223; x_wconf 90' lang='lat' dir='ltr'><strong>itidem</strong></span> <span class='ocrx_word' id='word_1_120' title='bbox 479 1169 543 1222; x_wconf 90' lang='lat' dir='ltr'><strong>ritu.</strong></span> <span class='ocrx_word' id='word_1_121' title='bbox 584 1167 775 1223; x_wconf 88' lang='lat' dir='ltr'><strong>Praecedebat</strong></span> <span class='ocrx_word' id='word_1_122' title='bbox 792 1167 865 1221; x_wconf 89' lang='lat' dir='ltr'><strong>enirn</strong></span> <span class='ocrx_word' id='word_1_123' title='bbox 887 1184 957 1236; x_wconf 83' lang='lat' dir='ltr'><strong>puer</strong></span> <span class='ocrx_word' id='word_1_124' title='bbox 976 1167 1102 1219; x_wconf 75' lang='lat' dir='ltr'><strong>eandida</strong></span> <span class='ocrx_word' id='word_1_125' title='bbox 1129 1167 1275 1236; x_wconf 85' lang='lat' dir='ltr'><strong>conjuncta</strong></span> <span class='ocrx_word' id='word_1_126' title='bbox 1295 1182 1358 1221; x_wconf 88' lang='lat' dir='ltr'><strong>cum</strong></span> <span class='ocrx_word' id='word_1_127' title='bbox 1376 1183 1491 1237; x_wconf 90' lang='lat' dir='ltr'><strong>corpore</strong></span> <span class='ocrx_word' id='word_1_128' title='bbox 1507 1167 1683 1239; x_wconf 85' lang='lat' dir='ltr'><strong>gladiatoris,</strong></span> <span class='ocrx_word' id='word_1_129' title='bbox 1703 1169 1743 1222; x_wconf 89' lang='lat' dir='ltr'><strong>sic</strong></span> <span class='ocrx_word' id='word_1_130' title='bbox 1761 1169 1812 1223; x_wconf 84' lang='lat' dir='ltr'><strong>illa</strong></span> <span class='ocrx_word' id='word_1_131' title='bbox 1830 1170 1861 1223; x_wconf 93' lang='lat' dir='ltr'><strong>in</strong></span> <span class='ocrx_word' id='word_1_132' title='bbox 1878 1177 1962 1240; x_wconf 77' lang='lat' dir='ltr'><strong>poste</strong></span> 
     </span>
     <span class='ocr_line' id='line_1_12' title="bbox 267 1250 1961 1326; baseline 0.001 -20"><span class='ocrx_word' id='word_1_133' title='bbox 267 1261 333 1323; x_wconf 80' lang='lat' dir='ltr'><strong>topa</strong></span> <span class='ocrx_word' id='word_1_134' title='bbox 364 1256 458 1318; x_wconf 79' lang='lat' dir='ltr'><strong>farem</strong></span> <span class='ocrx_word' id='word_1_135' title='bbox 488 1262 601 1323; x_wconf 80' lang='lat' dir='ltr'><strong>pestana</strong></span> <span class='ocrx_word' id='word_1_136' title='bbox 632 1257 790 1316; x_wconf 74' lang='lat' dir='ltr'><strong>ardentem,</strong></span> <span class='ocrx_word' id='word_1_137' title='bbox 822 1268 903 1324; x_wconf 91' lang='lat' dir='ltr'><strong>quem</strong></span> <span class='ocrx_word' id='word_1_138' title='bbox 935 1250 1103 1322; x_wconf 82' lang='lat' dir='ltr'><strong>sequebatur</strong></span> <span class='ocrx_word' id='word_1_139' title='bbox 1128 1268 1189 1304; x_wconf 91' lang='lat' dir='ltr'><strong>rum</strong></span> <span class='ocrx_word' id='word_1_140' title='bbox 1216 1268 1279 1306; x_wconf 91' lang='lat' dir='ltr'><strong>cum</strong></span> <span class='ocrx_word' id='word_1_141' title='bbox 1307 1253 1367 1307; x_wconf 90' lang='lat' dir='ltr'><strong>viro</strong></span> <span class='ocrx_word' id='word_1_142' title='bbox 1395 1268 1425 1307; x_wconf 89' lang='lat' dir='ltr'><strong>se</strong></span> <span class='ocrx_word' id='word_1_143' title='bbox 1451 1252 1572 1307; x_wconf 82' lang='lat' dir='ltr'><strong>futuram</strong></span> <span class='ocrx_word' id='word_1_144' title='bbox 1604 1254 1787 1325; x_wconf 87' lang='lat' dir='ltr'><strong>significaret,</strong></span> <span class='ocrx_word' id='word_1_145' title='bbox 1815 1256 1861 1308; x_wconf 83' lang='lat' dir='ltr'><strong>vel</strong></span> <span class='ocrx_word' id='word_1_146' title='bbox 1894 1256 1961 1326; x_wconf 90' lang='lat' dir='ltr'><strong>quod</strong></span> 
     </span>
     <span class='ocr_line' id='line_1_13' title="bbox 268 1337 1962 1411; baseline 0.001 -18"><span class='ocrx_word' id='word_1_147' title='bbox 268 1339 352 1411; x_wconf 89' lang='lat' dir='ltr'><strong>longa</strong></span> <span class='ocrx_word' id='word_1_148' title='bbox 369 1340 453 1395; x_wconf 89' lang='lat' dir='ltr'><strong>series</strong></span> <span class='ocrx_word' id='word_1_149' title='bbox 468 1341 673 1411; x_wconf 82' lang='lat' dir='ltr'><strong>apportantium</strong></span> <span class='ocrx_word' id='word_1_150' title='bbox 693 1357 800 1408; x_wconf 87' lang='lat' dir='ltr'><strong>aurum,</strong></span> <span class='ocrx_word' id='word_1_151' title='bbox 818 1340 920 1409; x_wconf 71' lang='lat' dir='ltr'><strong>pelves.</strong></span> <span class='ocrx_word' id='word_1_152' title='bbox 940 1342 1101 1408; x_wconf 81' lang='lat' dir='ltr'><strong>smegmata,</strong></span> <span class='ocrx_word' id='word_1_153' title='bbox 1130 1337 1243 1406; x_wconf 88' lang='lat' dir='ltr'><strong>imperio</strong></span> <span class='ocrx_word' id='word_1_154' title='bbox 1261 1338 1352 1393; x_wconf 90' lang='lat' dir='ltr'><strong>mariti</strong></span> <span class='ocrx_word' id='word_1_155' title='bbox 1370 1355 1400 1393; x_wconf 89' lang='lat' dir='ltr'><strong>se</strong></span> <span class='ocrx_word' id='word_1_156' title='bbox 1413 1338 1568 1407; x_wconf 86' lang='lat' dir='ltr'><strong>subjectam</strong></span> <span class='ocrx_word' id='word_1_157' title='bbox 1580 1340 1640 1393; x_wconf 86' lang='lat' dir='ltr'><strong>fore</strong></span> <span class='ocrx_word' id='word_1_158' title='bbox 1652 1340 1790 1408; x_wconf 88' lang='lat' dir='ltr'><strong>innueret,</strong></span> <span class='ocrx_word' id='word_1_159' title='bbox 1809 1341 1962 1410; x_wconf 83' lang='lat' dir='ltr'><strong>quiahasta</strong></span> 
     </span>
     <span class='ocr_line' id='line_1_14' title="bbox 266 1423 1960 1496; baseline 0.002 -18"><span class='ocrx_word' id='word_1_160' title='bbox 266 1426 388 1490; x_wconf 83' lang='lat' dir='ltr'><strong>lecticas,</strong></span> <span class='ocrx_word' id='word_1_161' title='bbox 407 1426 540 1496; x_wconf 88' lang='lat' dir='ltr'><strong>pectines,</strong></span> <span class='ocrx_word' id='word_1_162' title='bbox 553 1426 647 1495; x_wconf 82' lang='lat' dir='ltr'><strong>lectos,</strong></span> <span class='ocrx_word' id='word_1_163' title='bbox 663 1426 826 1488; x_wconf 81' lang='lat' dir='ltr'><strong>alabastros,</strong></span> <span class='ocrx_word' id='word_1_164' title='bbox 844 1424 978 1487; x_wconf 88' lang='lat' dir='ltr'><strong>sandalia,</strong></span> <span class='ocrx_word' id='word_1_165' title='bbox 993 1423 1101 1477; x_wconf 86' lang='lat' dir='ltr'><strong>scrinia.</strong></span> <span class='ocrx_word' id='word_1_166' title='bbox 1129 1442 1234 1478; x_wconf 89' lang='lat' dir='ltr'><strong>summa</strong></span> <span class='ocrx_word' id='word_1_167' title='bbox 1253 1426 1382 1479; x_wconf 91' lang='lat' dir='ltr'><strong>arborum</strong></span> <span class='ocrx_word' id='word_1_168' title='bbox 1402 1431 1430 1479; x_wconf 93' lang='lat' dir='ltr'><strong>et</strong></span> <span class='ocrx_word' id='word_1_169' title='bbox 1449 1423 1556 1494; x_wconf 91' lang='lat' dir='ltr'><strong>imperii</strong></span> <span class='ocrx_word' id='word_1_170' title='bbox 1574 1431 1630 1485; x_wconf 87' lang='lat' dir='ltr'><strong>est,</strong></span> <span class='ocrx_word' id='word_1_171' title='bbox 1649 1443 1719 1496; x_wconf 88' lang='lat' dir='ltr'><strong>quas</strong></span> <span class='ocrx_word' id='word_1_172' title='bbox 1739 1427 1864 1481; x_wconf 84' lang='lat' dir='ltr'><strong>rationes</strong></span> <span class='ocrx_word' id='word_1_173' title='bbox 1881 1428 1960 1481; x_wconf 82' lang='lat' dir='ltr'><strong>tradit</strong></span> 
     </span>
     <span class='ocr_line' id='line_1_15' title="bbox 269 1504 1960 1584; baseline 0.002 -21"><span class='ocrx_word' id='word_1_174' title='bbox 269 1510 469 1584; x_wconf 84' lang='lat' dir='ltr'><strong>unguentaria,</strong></span> <span class='ocrx_word' id='word_1_175' title='bbox 489 1512 627 1567; x_wconf 89' lang='lat' dir='ltr'><strong>interdum</strong></span> <span class='ocrx_word' id='word_1_176' title='bbox 648 1517 676 1565; x_wconf 90' lang='lat' dir='ltr'><strong>et</strong></span> <span class='ocrx_word' id='word_1_177' title='bbox 696 1511 787 1565; x_wconf 92' lang='lat' dir='ltr'><strong>dotem</strong></span> <span class='ocrx_word' id='word_1_178' title='bbox 809 1512 906 1581; x_wconf 86' lang='lat' dir='ltr'><strong>ipsam,</strong></span> <span class='ocrx_word' id='word_1_179' title='bbox 924 1504 1056 1564; x_wconf 82' lang='lat' dir='ltr'><strong>Erasmus</strong></span> <span class='ocrx_word' id='word_1_180' title='bbox 1074 1509 1102 1562; x_wconf 91' lang='lat' dir='ltr'><strong>in</strong></span> <span class='ocrx_word' id='word_1_181' title='bbox 1130 1510 1236 1564; x_wconf 78' lang='lat' dir='ltr'><strong>Festus.</strong></span> <span class='ocrx_word' id='word_1_182' title='bbox 1274 1509 1441 1565; x_wconf 88' lang='lat' dir='ltr'><strong>Plutarchus</strong></span> <span class='ocrx_word' id='word_1_183' title='bbox 1457 1510 1487 1564; x_wconf 88' lang='lat' dir='ltr'><strong>in</strong></span> <span class='ocrx_word' id='word_1_184' title='bbox 1505 1528 1551 1583; x_wconf 92' lang='lat' dir='ltr'><strong>qq.</strong></span> <span class='ocrx_word' id='word_1_185' title='bbox 1569 1511 1649 1565; x_wconf 87' lang='lat' dir='ltr'><strong>Rom.</strong></span> <span class='ocrx_word' id='word_1_186' title='bbox 1668 1530 1694 1583; x_wconf 92' lang='lat' dir='ltr'><strong>q.</strong></span> <span class='ocrx_word' id='word_1_187' title='bbox 1717 1519 1758 1567; x_wconf 79' lang='lat' dir='ltr'><strong>et.</strong></span> <span class='ocrx_word' id='word_1_188' title='bbox 1779 1514 1868 1568; x_wconf 86' lang='lat' dir='ltr'><strong>tradit</strong></span> <span class='ocrx_word' id='word_1_189' title='bbox 1888 1514 1960 1578; x_wconf 84' lang='lat' dir='ltr'><strong>alias,</strong></span> 
     </span>
     <span class='ocr_line' id='line_1_16' title="bbox 268 1595 1961 1671; baseline 0.002 -20"><span class='ocrx_word' id='word_1_190' title='bbox 268 1596 330 1652; x_wconf 90' lang='lat' dir='ltr'><strong>chil.</strong></span> <span class='ocrx_word' id='word_1_191' title='bbox 348 1604 372 1653; x_wconf 86' lang='lat' dir='ltr'><strong>t.</strong></span> <span class='ocrx_word' id='word_1_192' title='bbox 392 1603 457 1652; x_wconf 92' lang='lat' dir='ltr'><strong>cent</strong></span> <span class='ocrx_word' id='word_1_193' title='bbox 476 1604 500 1652; x_wconf 78' lang='lat'><strong>2.</strong></span> <span class='ocrx_word' id='word_1_194' title='bbox 528 1597 655 1668; x_wconf 89' lang='lat' dir='ltr'><strong>proverb.</strong></span> <span class='ocrx_word' id='word_1_195' title='bbox 676 1604 716 1653; x_wconf 81' lang='lat' dir='ltr'><strong>Sl.</strong></span> <span class='ocrx_word' id='word_1_196' title='bbox 753 1598 834 1654; x_wconf 83' lang='lat' dir='ltr'><strong>Nova</strong></span> <span class='ocrx_word' id='word_1_197' title='bbox 852 1598 973 1667; x_wconf 84' lang='lat' dir='ltr'><strong>conjunx</strong></span> <span class='ocrx_word' id='word_1_198' title='bbox 991 1595 1102 1649; x_wconf 88' lang='lat' dir='ltr'><strong>liberta·</strong></span> <span class='ocrx_word' id='word_1_199' title='bbox 1129 1596 1203 1666; x_wconf 91' lang='lat' dir='ltr'><strong>quod</strong></span> <span class='ocrx_word' id='word_1_200' title='bbox 1221 1602 1385 1650; x_wconf 86' lang='lat' dir='ltr'><strong>moneantur</strong></span> <span class='ocrx_word' id='word_1_201' title='bbox 1412 1603 1530 1667; x_wconf 89' lang='lat' dir='ltr'><strong>nuptae,</strong></span> <span class='ocrx_word' id='word_1_202' title='bbox 1557 1597 1623 1667; x_wconf 90' lang='lat' dir='ltr'><strong>quia</strong></span> <span class='ocrx_word' id='word_1_203' title='bbox 1648 1597 1790 1653; x_wconf 87' lang='lat' dir='ltr'><strong>bellicosis</strong></span> <span class='ocrx_word' id='word_1_204' title='bbox 1805 1600 1961 1671; x_wconf 87' lang='lat' dir='ltr'><strong>junguntur</strong></span> 
     </span>
     <span class='ocr_line' id='line_1_17' title="bbox 268 1681 1961 1754; baseline 0.001 -16"><span class='ocrx_word' id='word_1_205' title='bbox 268 1688 323 1738; x_wconf 91' lang='lat' dir='ltr'><strong>tem</strong></span> <span class='ocrx_word' id='word_1_206' title='bbox 342 1683 488 1754; x_wconf 87' lang='lat' dir='ltr'><strong>auspicata</strong></span> <span class='ocrx_word' id='word_1_207' title='bbox 503 1683 627 1737; x_wconf 89' lang='lat' dir='ltr'><strong>uxoriam</strong></span> <span class='ocrx_word' id='word_1_208' title='bbox 648 1685 676 1738; x_wconf 92' lang='lat' dir='ltr'><strong>in</strong></span> <span class='ocrx_word' id='word_1_209' title='bbox 694 1685 775 1739; x_wconf 92' lang='lat' dir='ltr'><strong>domo</strong></span> <span class='ocrx_word' id='word_1_210' title='bbox 793 1683 884 1738; x_wconf 89' lang='lat' dir='ltr'><strong>mariti</strong></span> <span class='ocrx_word' id='word_1_211' title='bbox 903 1700 960 1738; x_wconf 90' lang='lat' dir='ltr'><strong>rem</strong></span> <span class='ocrx_word' id='word_1_212' title='bbox 982 1682 1101 1736; x_wconf 86' lang='lat' dir='ltr'><strong>divinam</strong></span> <span class='ocrx_word' id='word_1_213' title='bbox 1128 1681 1242 1745; x_wconf 87' lang='lat' dir='ltr'><strong>maritis,</strong></span> <span class='ocrx_word' id='word_1_214' title='bbox 1261 1681 1362 1736; x_wconf 82' lang='lat' dir='ltr'><strong>dobere</strong></span> <span class='ocrx_word' id='word_1_215' title='bbox 1381 1697 1428 1736; x_wconf 88' lang='lat' dir='ltr'><strong>eas</strong></span> <span class='ocrx_word' id='word_1_216' title='bbox 1452 1687 1550 1736; x_wconf 89' lang='lat' dir='ltr'><strong>ornatu</strong></span> <span class='ocrx_word' id='word_1_217' title='bbox 1570 1683 1610 1736; x_wconf 89' lang='lat' dir='ltr'><strong>uti</strong></span> <span class='ocrx_word' id='word_1_218' title='bbox 1628 1684 1747 1752; x_wconf 88' lang='lat' dir='ltr'><strong>simplici</strong></span> <span class='ocrx_word' id='word_1_219' title='bbox 1764 1690 1826 1740; x_wconf 88' lang='lat' dir='ltr'><strong>eta</strong></span> <span class='ocrx_word' id='word_1_220' title='bbox 1845 1686 1913 1739; x_wconf 86' lang='lat' dir='ltr'><strong>luxu</strong></span> <span class='ocrx_word' id='word_1_221' title='bbox 1931 1703 1961 1739; x_wconf 84' lang='lat' dir='ltr'><strong>ac</strong></span> 
     </span>
     <span class='ocr_line' id='line_1_18' title="bbox 269 1766 1960 1841; baseline 0.001 -19"><span class='ocrx_word' id='word_1_222' title='bbox 269 1768 405 1838; x_wconf 86' lang='lat' dir='ltr'><strong>faciebat,</strong></span> <span class='ocrx_word' id='word_1_223' title='bbox 430 1767 587 1823; x_wconf 87' lang='lat' dir='ltr'><strong>Macrobius</strong></span> <span class='ocrx_word' id='word_1_224' title='bbox 607 1770 655 1826; x_wconf 94' lang='lat' dir='ltr'><strong>lib.</strong></span> <span class='ocrx_word' id='word_1_225' title='bbox 676 1777 698 1826; x_wconf 88' lang='lat' dir='ltr'><strong>t.</strong></span> <span class='ocrx_word' id='word_1_226' title='bbox 716 1769 825 1825; x_wconf 86' lang='lat' dir='ltr'><strong>Satura.</strong></span> <span class='ocrx_word' id='word_1_227' title='bbox 845 1786 906 1841; x_wconf 87' lang='lat' dir='ltr'><strong>cap.</strong></span> <span class='ocrx_word' id='word_1_228' title='bbox 929 1776 967 1825; x_wconf 87' lang='grc'><strong>15.</strong></span> <span class='ocrx_word' id='word_1_229' title='bbox 999 1768 1043 1822; x_wconf 91' lang='lat' dir='ltr'><strong>De</strong></span> <span class='ocrx_word' id='word_1_230' title='bbox 1060 1767 1102 1821; x_wconf 90' lang='lat' dir='ltr'><strong>his</strong></span> <span class='ocrx_word' id='word_1_231' title='bbox 1128 1766 1242 1821; x_wconf 90' lang='lat' dir='ltr'><strong>mollitie</strong></span> <span class='ocrx_word' id='word_1_232' title='bbox 1259 1767 1358 1833; x_wconf 86' lang='lat' dir='ltr'><strong>alieno,</strong></span> <span class='ocrx_word' id='word_1_233' title='bbox 1379 1774 1428 1821; x_wconf 86' lang='lat' dir='ltr'><strong>aut</strong></span> <span class='ocrx_word' id='word_1_234' title='bbox 1444 1784 1495 1837; x_wconf 91' lang='lat' dir='ltr'><strong>per</strong></span> <span class='ocrx_word' id='word_1_235' title='bbox 1508 1767 1640 1839; x_wconf 84' lang='lat' dir='ltr'><strong>ambages</strong></span> <span class='ocrx_word' id='word_1_236' title='bbox 1658 1769 1791 1824; x_wconf 88' lang='lat' dir='ltr'><strong>innuatur</strong></span> <span class='ocrx_word' id='word_1_237' title='bbox 1802 1772 1867 1825; x_wconf 81' lang='lat' dir='ltr'><strong>solo</strong></span> <span class='ocrx_word' id='word_1_238' title='bbox 1882 1774 1960 1834; x_wconf 84' lang='lat' dir='ltr'><strong>serra</strong></span> 
     </span>
     <span class='ocr_line' id='line_1_19' title="bbox 267 1854 1962 1927; baseline 0.001 -17"><span class='ocrx_word' id='word_1_239' title='bbox 267 1861 352 1927; x_wconf 86' lang='lat' dir='ltr'><strong>atque</strong></span> <span class='ocrx_word' id='word_1_240' title='bbox 372 1855 433 1910; x_wconf 88' lang='lat' dir='ltr'><strong>aliis</strong></span> <span class='ocrx_word' id='word_1_241' title='bbox 451 1854 638 1910; x_wconf 90' lang='lat' dir='ltr'><strong>Romanorum</strong></span> <span class='ocrx_word' id='word_1_242' title='bbox 662 1855 762 1910; x_wconf 87' lang='lat' dir='ltr'><strong>ritibus</strong></span> <span class='ocrx_word' id='word_1_243' title='bbox 781 1856 827 1925; x_wconf 90' lang='lat' dir='ltr'><strong>qui</strong></span> <span class='ocrx_word' id='word_1_244' title='bbox 847 1856 928 1926; x_wconf 90' lang='lat' dir='ltr'><strong>plura</strong></span> <span class='ocrx_word' id='word_1_245' title='bbox 945 1854 1015 1909; x_wconf 89' lang='lat' dir='ltr'><strong>seire</strong></span> <span class='ocrx_word' id='word_1_246' title='bbox 1033 1854 1103 1907; x_wconf 77' lang='lat' dir='ltr'><strong>‹lesi-</strong></span> <span class='ocrx_word' id='word_1_247' title='bbox 1128 1854 1291 1922; x_wconf 75' lang='lat' dir='ltr'><strong>conjupium</strong></span> <span class='ocrx_word' id='word_1_248' title='bbox 1320 1854 1469 1907; x_wconf 78' lang='lat' dir='ltr'><strong>discissam</strong></span> <span class='ocrx_word' id='word_1_249' title='bbox 1493 1855 1539 1910; x_wconf 81' lang='lat' dir='ltr'><strong>iri.</strong></span> <span class='ocrx_word' id='word_1_250' title='bbox 1585 1854 1748 1927; x_wconf 75' lang='lat' dir='ltr'><strong>Cingulum,</strong></span> <span class='ocrx_word' id='word_1_251' title='bbox 1780 1873 1836 1927; x_wconf 90' lang='lat' dir='ltr'><strong>qno</strong></span> <span class='ocrx_word' id='word_1_252' title='bbox 1864 1875 1962 1927; x_wconf 85' lang='lat' dir='ltr'><strong>sponsa</strong></span> 
     </span>
     <span class='ocr_line' id='line_1_20' title="bbox 268 1939 1960 2011; baseline 0.001 -15"><span class='ocrx_word' id='word_1_253' title='bbox 268 1941 354 2007; x_wconf 81' lang='lat' dir='ltr'><strong>derat,</strong></span> <span class='ocrx_word' id='word_1_254' title='bbox 372 1948 499 1996; x_wconf 88' lang='lat' dir='ltr'><strong>auctores</strong></span> <span class='ocrx_word' id='word_1_255' title='bbox 517 1941 598 1996; x_wconf 90' lang='lat' dir='ltr'><strong>modo</strong></span> <span class='ocrx_word' id='word_1_256' title='bbox 617 1941 724 2005; x_wconf 88' lang='lat' dir='ltr'><strong>citatos,</strong></span> <span class='ocrx_word' id='word_1_257' title='bbox 741 1942 902 2010; x_wconf 88' lang='lat' dir='ltr'><strong>cumprimis</strong></span> <span class='ocrx_word' id='word_1_258' title='bbox 920 1940 1101 1994; x_wconf 88' lang='lat' dir='ltr'><strong>Plutarchum</strong></span> <span class='ocrx_word' id='word_1_259' title='bbox 1128 1939 1307 2010; x_wconf 83' lang='lat' dir='ltr'><strong>cingebatur,</strong></span> <span class='ocrx_word' id='word_1_260' title='bbox 1333 1957 1367 1995; x_wconf 83' lang='lat' dir='ltr'><strong>ex</strong></span> <span class='ocrx_word' id='word_1_261' title='bbox 1385 1942 1456 1994; x_wconf 83' lang='lat' dir='ltr'><strong>leae</strong></span> <span class='ocrx_word' id='word_1_262' title='bbox 1474 1941 1533 1995; x_wconf 85' lang='lat' dir='ltr'><strong>oois</strong></span> <span class='ocrx_word' id='word_1_263' title='bbox 1549 1942 1656 1996; x_wconf 85' lang='lat' dir='ltr'><strong>iactum</strong></span> <span class='ocrx_word' id='word_1_264' title='bbox 1674 1949 1748 2011; x_wconf 88' lang='lat' dir='ltr'><strong>erat,</strong></span> <span class='ocrx_word' id='word_1_265' title='bbox 1775 1950 1809 1996; x_wconf 91' lang='lat' dir='ltr'><strong>ut</strong></span> <span class='ocrx_word' id='word_1_266' title='bbox 1826 1944 1900 1998; x_wconf 87' lang='lat' dir='ltr'><strong>sicat</strong></span> <span class='ocrx_word' id='word_1_267' title='bbox 1917 1945 1960 1997; x_wconf 83' lang='lat' dir='ltr'><strong>ills</strong></span> 
     </span>
     <span class='ocr_line' id='line_1_21' title="bbox 266 2025 1961 2097; baseline 0.002 -16"><span class='ocrx_word' id='word_1_268' title='bbox 266 2035 295 2082; x_wconf 91' lang='lat' dir='ltr'><strong>et</strong></span> <span class='ocrx_word' id='word_1_269' title='bbox 319 2030 347 2083; x_wconf 91' lang='lat' dir='ltr'><strong>S.</strong></span> <span class='ocrx_word' id='word_1_270' title='bbox 373 2028 536 2097; x_wconf 87' lang='lat' dir='ltr'><strong>Pompejum</strong></span> <span class='ocrx_word' id='word_1_271' title='bbox 559 2028 670 2081; x_wconf 80' lang='lat' dir='ltr'><strong>Festum</strong></span> <span class='ocrx_word' id='word_1_272' title='bbox 701 2027 783 2081; x_wconf 86' lang='lat' dir='ltr'><strong>adeat</strong></span> <span class='ocrx_word' id='word_1_273' title='bbox 811 2044 843 2081; x_wconf 91' lang='lat' dir='ltr'><strong>ac</strong></span> <span class='ocrx_word' id='word_1_274' title='bbox 868 2027 941 2082; x_wconf 89' lang='lat' dir='ltr'><strong>sitim</strong></span> <span class='ocrx_word' id='word_1_275' title='bbox 962 2026 1101 2079; x_wconf 82' lang='lat' dir='ltr'><strong>Romanae</strong></span> <span class='ocrx_word' id='word_1_276' title='bbox 1128 2026 1156 2079; x_wconf 90' lang='lat' dir='ltr'><strong>in</strong></span> <span class='ocrx_word' id='word_1_277' title='bbox 1173 2025 1273 2097; x_wconf 88' lang='lat' dir='ltr'><strong>glomis</strong></span> <span class='ocrx_word' id='word_1_278' title='bbox 1292 2026 1415 2093; x_wconf 89' lang='lat' dir='ltr'><strong>sublata,</strong></span> <span class='ocrx_word' id='word_1_279' title='bbox 1446 2030 1595 2097; x_wconf 84' lang='lat' dir='ltr'><strong>conjuncta</strong></span> <span class='ocrx_word' id='word_1_280' title='bbox 1618 2027 1689 2081; x_wconf 86' lang='lat' dir='ltr'><strong>inter</strong></span> <span class='ocrx_word' id='word_1_281' title='bbox 1712 2045 1744 2083; x_wconf 89' lang='lat' dir='ltr'><strong>se</strong></span> <span class='ocrx_word' id='word_1_282' title='bbox 1768 2036 1827 2097; x_wconf 86' lang='lat' dir='ltr'><strong>est,</strong></span> <span class='ocrx_word' id='word_1_283' title='bbox 1860 2030 1900 2083; x_wconf 92' lang='lat' dir='ltr'><strong>sic</strong></span> <span class='ocrx_word' id='word_1_284' title='bbox 1922 2031 1961 2084; x_wconf 78' lang='lat' dir='ltr'><strong>vir</strong></span> 
     </span>
     <span class='ocr_line' id='line_1_22' title="bbox 269 2112 1961 2188; baseline 0.002 -21"><span class='ocrx_word' id='word_1_285' title='bbox 269 2113 443 2183; x_wconf 88' lang='lat' dir='ltr'><strong>antiquitatis</strong></span> <span class='ocrx_word' id='word_1_286' title='bbox 463 2113 673 2183; x_wconf 85' lang='lat' dir='ltr'><strong>cognoscendae</strong></span> <span class='ocrx_word' id='word_1_287' title='bbox 691 2112 775 2167; x_wconf 89' lang='lat' dir='ltr'><strong>etiam</strong></span> <span class='ocrx_word' id='word_1_288' title='bbox 794 2112 980 2167; x_wconf 90' lang='lat' dir='ltr'><strong>avidissimam</strong></span> <span class='ocrx_word' id='word_1_289' title='bbox 993 2112 1103 2166; x_wconf 91' lang='lat' dir='ltr'><strong>abunde</strong></span> <span class='ocrx_word' id='word_1_290' title='bbox 1129 2131 1195 2167; x_wconf 90' lang='lat' dir='ltr'><strong>suus</strong></span> <span class='ocrx_word' id='word_1_291' title='bbox 1219 2130 1312 2168; x_wconf 90' lang='lat' dir='ltr'><strong>secum</strong></span> <span class='ocrx_word' id='word_1_292' title='bbox 1338 2114 1446 2168; x_wconf 88' lang='lat' dir='ltr'><strong>vinctus</strong></span> <span class='ocrx_word' id='word_1_293' title='bbox 1469 2115 1633 2185; x_wconf 90' lang='lat' dir='ltr'><strong>cinctusque</strong></span> <span class='ocrx_word' id='word_1_294' title='bbox 1657 2122 1737 2169; x_wconf 87' lang='lat' dir='ltr'><strong>esset.</strong></span> <span class='ocrx_word' id='word_1_295' title='bbox 1791 2116 1860 2171; x_wconf 86' lang='lat' dir='ltr'><strong>Vela</strong></span> <span class='ocrx_word' id='word_1_296' title='bbox 1881 2126 1961 2188; x_wconf 86' lang='lat' dir='ltr'><strong>caput</strong></span> 
     </span>
     <span class='ocr_line' id='line_1_23' title="bbox 160 2197 1961 2271; baseline 0.002 -17"><span class='ocrx_word' id='word_1_297' title='bbox 160 2206 163 2213; x_wconf 89' lang='lat'>&#39;</span> <span class='ocrx_word' id='word_1_298' title='bbox 268 2198 379 2269; x_wconf 88' lang='lat' dir='ltr'><strong>explere</strong></span> <span class='ocrx_word' id='word_1_299' title='bbox 407 2199 516 2269; x_wconf 86' lang='lat' dir='ltr'><strong>poterit.</strong></span> <span class='ocrx_word' id='word_1_300' title='bbox 553 2199 717 2253; x_wconf 85' lang='lat' dir='ltr'><strong>Raevardus</strong></span> <span class='ocrx_word' id='word_1_301' title='bbox 747 2199 961 2269; x_wconf 84' lang='lat' dir='ltr'><strong>jurisconsultus</strong></span> <span class='ocrx_word' id='word_1_302' title='bbox 988 2197 1050 2251; x_wconf 91' lang='lat' dir='ltr'><strong>libr.</strong></span> <span class='ocrx_word' id='word_1_303' title='bbox 1078 2204 1101 2251; x_wconf 70' lang='lat' dir='ltr'><strong>et.</strong></span> <span class='ocrx_word' id='word_1_304' title='bbox 1128 2215 1245 2267; x_wconf 89' lang='lat' dir='ltr'><strong>sponsae</strong></span> <span class='ocrx_word' id='word_1_305' title='bbox 1270 2199 1424 2269; x_wconf 86' lang='lat' dir='ltr'><strong>obnuptnm</strong></span> <span class='ocrx_word' id='word_1_306' title='bbox 1449 2208 1508 2254; x_wconf 89' lang='lat' dir='ltr'><strong>erat</strong></span> <span class='ocrx_word' id='word_1_307' title='bbox 1531 2200 1558 2253; x_wconf 93' lang='lat' dir='ltr'><strong>in</strong></span> <span class='ocrx_word' id='word_1_308' title='bbox 1584 2200 1695 2271; x_wconf 86' lang='lat' dir='ltr'><strong>signum</strong></span> <span class='ocrx_word' id='word_1_309' title='bbox 1713 2200 1830 2271; x_wconf 90' lang='lat' dir='ltr'><strong>pudoris</strong></span> <span class='ocrx_word' id='word_1_310' title='bbox 1850 2219 1883 2258; x_wconf 83' lang='lat' dir='ltr'><strong>ac</strong></span> <span class='ocrx_word' id='word_1_311' title='bbox 1901 2204 1961 2260; x_wconf 92' lang='lat' dir='ltr'><strong>sub·</strong></span> 
     </span>
     <span class='ocr_line' id='line_1_24' title="bbox 269 2283 1961 2357; baseline 0.002 -18"><span class='ocrx_word' id='word_1_312' title='bbox 269 2286 406 2339; x_wconf 85' lang='lat' dir='ltr'><strong>rariorum</strong></span> <span class='ocrx_word' id='word_1_313' title='bbox 431 2301 492 2355; x_wconf 86' lang='lat' dir='ltr'><strong>cap.</strong></span> <span class='ocrx_word' id='word_1_314' title='bbox 518 2290 555 2340; x_wconf 87' lang='grc'><strong>16.</strong></span> <span class='ocrx_word' id='word_1_315' title='bbox 582 2300 695 2340; x_wconf 83' lang='lat' dir='ltr'><strong>uxorem</strong></span> <span class='ocrx_word' id='word_1_316' title='bbox 720 2285 826 2354; x_wconf 87' lang='lat' dir='ltr'><strong>justam</strong></span> <span class='ocrx_word' id='word_1_317' title='bbox 854 2284 943 2338; x_wconf 89' lang='lat' dir='ltr'><strong>tribus</strong></span> <span class='ocrx_word' id='word_1_318' title='bbox 967 2284 1056 2338; x_wconf 90' lang='lat' dir='ltr'><strong>modis</strong></span> <span class='ocrx_word' id='word_1_319' title='bbox 1076 2283 1102 2336; x_wconf 91' lang='lat' dir='ltr'><strong>in</strong></span> <span class='ocrx_word' id='word_1_320' title='bbox 1125 2284 1255 2355; x_wconf 77' lang='lat' dir='ltr'><strong>Jcctionis</strong></span> <span class='ocrx_word' id='word_1_321' title='bbox 1273 2302 1339 2355; x_wconf 86' lang='lat' dir='ltr'><strong>erga</strong></span> <span class='ocrx_word' id='word_1_322' title='bbox 1355 2284 1492 2340; x_wconf 88' lang='lat' dir='ltr'><strong>maritum.</strong></span> <span class='ocrx_word' id='word_1_323' title='bbox 1527 2285 1625 2339; x_wconf 85' lang='lat' dir='ltr'><strong>l&#39;elum</strong></span> <span class='ocrx_word' id='word_1_324' title='bbox 1637 2285 1706 2340; x_wconf 91' lang='lat' dir='ltr'><strong>illud</strong></span> <span class='ocrx_word' id='word_1_325' title='bbox 1718 2287 1868 2343; x_wconf 89' lang='lat' dir='ltr'><strong>dicebatur</strong></span> <span class='ocrx_word' id='word_1_326' title='bbox 1879 2290 1961 2357; x_wconf 83' lang='lat' dir='ltr'><strong>flant·</strong></span> 
     </span>
     <span class='ocr_line' id='line_1_25' title="bbox 267 2369 1962 2444; baseline 0.004 -20"><span class='ocrx_word' id='word_1_327' title='bbox 267 2387 378 2426; x_wconf 92' lang='lat' dir='ltr'><strong>manum</strong></span> <span class='ocrx_word' id='word_1_328' title='bbox 399 2370 451 2424; x_wconf 92' lang='lat' dir='ltr'><strong>viri</strong></span> <span class='ocrx_word' id='word_1_329' title='bbox 470 2369 616 2425; x_wconf 90' lang='lat' dir='ltr'><strong>convenire</strong></span> <span class='ocrx_word' id='word_1_330' title='bbox 634 2370 807 2425; x_wconf 82' lang='lat' dir='ltr'><strong>consuevisse</strong></span> <span class='ocrx_word' id='word_1_331' title='bbox 827 2372 933 2435; x_wconf 87' lang='lat' dir='ltr'><strong>asserit,</strong></span> <span class='ocrx_word' id='word_1_332' title='bbox 945 2388 1006 2438; x_wconf 72' lang='lat' dir='ltr'><strong>aeri,</strong></span> <span class='ocrx_word' id='word_1_333' title='bbox 1014 2371 1103 2435; x_wconf 87' lang='lat' dir='ltr'><strong>farre</strong></span> <span class='ocrx_word' id='word_1_334' title='bbox 1129 2387 1217 2422; x_wconf 74' lang='lat' dir='ltr'><strong>meram</strong></span> <span class='ocrx_word' id='word_1_335' title='bbox 1247 2387 1264 2423; x_wconf 92' lang='lat' dir='ltr'><strong>a</strong></span> <span class='ocrx_word' id='word_1_336' title='bbox 1295 2370 1446 2435; x_wconf 87' lang='lat' dir='ltr'><strong>flaminica,</strong></span> <span class='ocrx_word' id='word_1_337' title='bbox 1470 2370 1498 2424; x_wconf 93' lang='lat' dir='ltr'><strong>id</strong></span> <span class='ocrx_word' id='word_1_338' title='bbox 1522 2376 1563 2425; x_wconf 88' lang='lat' dir='ltr'><strong>est</strong></span> <span class='ocrx_word' id='word_1_339' title='bbox 1593 2371 1713 2426; x_wconf 86' lang='lat' dir='ltr'><strong>flaminis</strong></span> <span class='ocrx_word' id='word_1_340' title='bbox 1739 2391 1843 2444; x_wconf 88' lang='lat' dir='ltr'><strong>uxore,</strong></span> <span class='ocrx_word' id='word_1_341' title='bbox 1870 2382 1903 2431; x_wconf 93' lang='lat' dir='ltr'><strong>ut</strong></span> <span class='ocrx_word' id='word_1_342' title='bbox 1928 2377 1962 2430; x_wconf 86' lang='lat' dir='ltr'><strong>de</strong></span> 
     </span>
     <span class='ocr_line' id='line_1_26' title="bbox 266 2453 1962 2532; baseline 0.004 -23"><span class='ocrx_word' id='word_1_343' title='bbox 266 2464 315 2509; x_wconf 82' lang='lat' dir='ltr'><strong>aet</strong></span> <span class='ocrx_word' id='word_1_344' title='bbox 343 2456 499 2511; x_wconf 61' lang='lat' dir='ltr'><strong>retractione.</strong></span> <span class='ocrx_word' id='word_1_345' title='bbox 548 2456 608 2513; x_wconf 84' lang='lat' dir='ltr'><strong>Usu</strong></span> <span class='ocrx_word' id='word_1_346' title='bbox 632 2456 837 2510; x_wconf 89' lang='lat' dir='ltr'><strong>matrimonium</strong></span> <span class='ocrx_word' id='word_1_347' title='bbox 863 2453 921 2509; x_wconf 89' lang='lat' dir='ltr'><strong>fiori</strong></span> <span class='ocrx_word' id='word_1_348' title='bbox 948 2455 1102 2517; x_wconf 88' lang='lat' dir='ltr'><strong>dicebatur,</strong></span> <span class='ocrx_word' id='word_1_349' title='bbox 1129 2455 1373 2511; x_wconf 91' lang='lat' dir='ltr'><strong>indissolubilitate</strong></span> <span class='ocrx_word' id='word_1_350' title='bbox 1392 2457 1547 2527; x_wconf 84' lang='lat' dir='ltr'><strong>conjugalis</strong></span> <span class='ocrx_word' id='word_1_351' title='bbox 1565 2456 1669 2512; x_wconf 89' lang='lat' dir='ltr'><strong>vinenli</strong></span> <span class='ocrx_word' id='word_1_352' title='bbox 1688 2476 1779 2515; x_wconf 89' lang='lat' dir='ltr'><strong>novae</strong></span> <span class='ocrx_word' id='word_1_353' title='bbox 1790 2469 1896 2532; x_wconf 87' lang='lat' dir='ltr'><strong>nuptae</strong></span> <span class='ocrx_word' id='word_1_354' title='bbox 1915 2462 1962 2516; x_wconf 88' lang='lat' dir='ltr'><strong>ad·</strong></span> 
     </span>
     <span class='ocr_line' id='line_1_27' title="bbox 267 2540 1960 2616; baseline 0.002 -20"><span class='ocrx_word' id='word_1_355' title='bbox 267 2559 330 2597; x_wconf 91' lang='lat' dir='ltr'><strong>cum</strong></span> <span class='ocrx_word' id='word_1_356' title='bbox 356 2541 494 2595; x_wconf 89' lang='lat' dir='ltr'><strong>tutoribus</strong></span> <span class='ocrx_word' id='word_1_357' title='bbox 526 2541 684 2595; x_wconf 90' lang='lat' dir='ltr'><strong>auctoribus</strong></span> <span class='ocrx_word' id='word_1_358' title='bbox 713 2541 813 2595; x_wconf 92' lang='lat' dir='ltr'><strong>mulier</strong></span> <span class='ocrx_word' id='word_1_359' title='bbox 842 2540 870 2595; x_wconf 90' lang='lat' dir='ltr'><strong>in</strong></span> <span class='ocrx_word' id='word_1_360' title='bbox 899 2541 1102 2596; x_wconf 90' lang='lat' dir='ltr'><strong>matrimonium</strong></span> <span class='ocrx_word' id='word_1_361' title='bbox 1128 2547 1315 2609; x_wconf 89' lang='lat' dir='ltr'><strong>monerentur,</strong></span> <span class='ocrx_word' id='word_1_362' title='bbox 1335 2542 1401 2612; x_wconf 91' lang='lat' dir='ltr'><strong>quia</strong></span> <span class='ocrx_word' id='word_1_363' title='bbox 1426 2542 1530 2596; x_wconf 89' lang='lat' dir='ltr'><strong>flamini</strong></span> <span class='ocrx_word' id='word_1_364' title='bbox 1557 2561 1611 2598; x_wconf 90' lang='lat' dir='ltr'><strong>non</strong></span> <span class='ocrx_word' id='word_1_365' title='bbox 1635 2552 1696 2600; x_wconf 87' lang='lat' dir='ltr'><strong>erat</strong></span> <span class='ocrx_word' id='word_1_366' title='bbox 1712 2546 1882 2616; x_wconf 88' lang='lat' dir='ltr'><strong>permissum</strong></span> <span class='ocrx_word' id='word_1_367' title='bbox 1899 2566 1960 2601; x_wconf 88' lang='lat' dir='ltr'><strong>cum</strong></span> 
     </span>
     <span class='ocr_line' id='line_1_28' title="bbox 251 2626 1960 2695; baseline 0.002 -13"><span class='ocrx_word' id='word_1_368' title='bbox 251 2626 448 2682; x_wconf 82' lang='lat' dir='ltr'><strong>&#39;conveniebat</strong></span> <span class='ocrx_word' id='word_1_369' title='bbox 467 2633 577 2682; x_wconf 89' lang='lat' dir='ltr'><strong>etcum</strong></span> <span class='ocrx_word' id='word_1_370' title='bbox 604 2626 663 2681; x_wconf 91' lang='lat' dir='ltr'><strong>viro</strong></span> <span class='ocrx_word' id='word_1_371' title='bbox 683 2627 723 2681; x_wconf 92' lang='lat' dir='ltr'><strong>ita</strong></span> <span class='ocrx_word' id='word_1_372' title='bbox 743 2627 956 2694; x_wconf 86' lang='lat' dir='ltr'><strong>consuescebat,</strong></span> <span class='ocrx_word' id='word_1_373' title='bbox 985 2632 1015 2680; x_wconf 90' lang='lat' dir='ltr'><strong>ut</strong></span> <span class='ocrx_word' id='word_1_374' title='bbox 1038 2642 1100 2678; x_wconf 91' lang='lat' dir='ltr'><strong>cum</strong></span> <span class='ocrx_word' id='word_1_375' title='bbox 1127 2642 1210 2682; x_wconf 87' lang='lat' dir='ltr'><strong>uxore</strong></span> <span class='ocrx_word' id='word_1_376' title='bbox 1230 2627 1386 2683; x_wconf 91' lang='lat' dir='ltr'><strong>divortium.</strong></span> <span class='ocrx_word' id='word_1_377' title='bbox 1418 2628 1505 2681; x_wconf 81' lang='lat' dir='ltr'><strong>Golas</strong></span> <span class='ocrx_word' id='word_1_378' title='bbox 1521 2647 1582 2683; x_wconf 87' lang='lat' dir='ltr'><strong>cam</strong></span> <span class='ocrx_word' id='word_1_379' title='bbox 1599 2632 1839 2695; x_wconf 71' lang='lat' dir='ltr'><strong>fiuoetstomr&#39;ao</strong></span> <span class='ocrx_word' id='word_1_380' title='bbox 1856 2632 1960 2687; x_wconf 88' lang='lat' dir='ltr'><strong>nuben-</strong></span> 
     </span>
     <span class='ocr_line' id='line_1_29' title="bbox 263 2711 1961 2786; baseline 0.003 -18"><span class='ocrx_word' id='word_1_381' title='bbox 263 2715 340 2786; x_wconf 91' lang='lat' dir='ltr'><strong>justo</strong></span> <span class='ocrx_word' id='word_1_382' title='bbox 361 2712 478 2780; x_wconf 89' lang='lat' dir='ltr'><strong>marito,</strong></span> <span class='ocrx_word' id='word_1_383' title='bbox 499 2711 569 2767; x_wconf 87' lang='lat' dir='ltr'><strong>adeo</strong></span> <span class='ocrx_word' id='word_1_384' title='bbox 587 2718 618 2766; x_wconf 92' lang='lat' dir='ltr'><strong>ut</strong></span> <span class='ocrx_word' id='word_1_385' title='bbox 637 2711 661 2766; x_wconf 89' lang='lat' dir='ltr'><strong>si</strong></span> <span class='ocrx_word' id='word_1_386' title='bbox 681 2731 747 2767; x_wconf 90' lang='lat' dir='ltr'><strong>usus</strong></span> <span class='ocrx_word' id='word_1_387' title='bbox 766 2713 813 2767; x_wconf 90' lang='lat' dir='ltr'><strong>ille</strong></span> <span class='ocrx_word' id='word_1_388' title='bbox 833 2714 905 2767; x_wconf 89' lang='lat' dir='ltr'><strong>intra</strong></span> <span class='ocrx_word' id='word_1_389' title='bbox 922 2728 1026 2767; x_wconf 88' lang='lat' dir='ltr'><strong>annum</strong></span> <span class='ocrx_word' id='word_1_390' title='bbox 1045 2726 1100 2764; x_wconf 90' lang='lat' dir='ltr'><strong>uon</strong></span> <span class='ocrx_word' id='word_1_391' title='bbox 1126 2720 1181 2768; x_wconf 89' lang='lat' dir='ltr'><strong>tem</strong></span> <span class='ocrx_word' id='word_1_392' title='bbox 1201 2714 1383 2784; x_wconf 87' lang='lat' dir='ltr'><strong>sequebatur,</strong></span> <span class='ocrx_word' id='word_1_393' title='bbox 1409 2721 1440 2768; x_wconf 89' lang='lat' dir='ltr'><strong>ut</strong></span> <span class='ocrx_word' id='word_1_394' title='bbox 1464 2713 1578 2770; x_wconf 87' lang='lat' dir='ltr'><strong>lanificii</strong></span> <span class='ocrx_word' id='word_1_395' title='bbox 1604 2715 1727 2772; x_wconf 81' lang='lat' dir='ltr'><strong>officium</strong></span> <span class='ocrx_word' id='word_1_396' title='bbox 1747 2722 1777 2771; x_wconf 87' lang='lat' dir='ltr'><strong>et</strong></span> <span class='ocrx_word' id='word_1_397' title='bbox 1794 2718 1961 2773; x_wconf 85' lang='lat' dir='ltr'><strong>domesticas</strong></span> 
     </span>
     <span class='ocr_line' id='line_1_30' title="bbox 266 2797 1960 2870; baseline 0.003 -15"><span class='ocrx_word' id='word_1_398' title='bbox 266 2800 520 2869; x_wconf 84' lang='lat' dir='ltr'><strong>interrumperetur,</strong></span> <span class='ocrx_word' id='word_1_399' title='bbox 538 2816 589 2870; x_wconf 93' lang='lat' dir='ltr'><strong>pro</strong></span> <span class='ocrx_word' id='word_1_400' title='bbox 605 2816 659 2852; x_wconf 82' lang='lat' dir='ltr'><strong>aaa</strong></span> <span class='ocrx_word' id='word_1_401' title='bbox 672 2807 758 2867; x_wconf 85' lang='lat' dir='ltr'><strong>capta</strong></span> <span class='ocrx_word' id='word_1_402' title='bbox 771 2799 831 2869; x_wconf 91' lang='lat' dir='ltr'><strong>jam</strong></span> <span class='ocrx_word' id='word_1_403' title='bbox 842 2797 998 2862; x_wconf 82' lang='lat' dir='ltr'><strong>haberetur,</strong></span> <span class='ocrx_word' id='word_1_404' title='bbox 1018 2814 1099 2868; x_wconf 89' lang='lat' dir='ltr'><strong>quam</strong></span> <span class='ocrx_word' id='word_1_405' title='bbox 1125 2816 1223 2870; x_wconf 89' lang='lat' dir='ltr'><strong>operas</strong></span> <span class='ocrx_word' id='word_1_406' title='bbox 1241 2800 1293 2853; x_wconf 91' lang='lat' dir='ltr'><strong>sibi</strong></span> <span class='ocrx_word' id='word_1_407' title='bbox 1305 2800 1334 2853; x_wconf 92' lang='lat' dir='ltr'><strong>in</strong></span> <span class='ocrx_word' id='word_1_408' title='bbox 1346 2807 1486 2870; x_wconf 88' lang='lat' dir='ltr'><strong>posterum</strong></span> <span class='ocrx_word' id='word_1_409' title='bbox 1502 2803 1662 2856; x_wconf 84' lang='lat' dir='ltr'><strong>tractandas</strong></span> <span class='ocrx_word' id='word_1_410' title='bbox 1679 2820 1741 2858; x_wconf 89' lang='lat' dir='ltr'><strong>esse</strong></span> <span class='ocrx_word' id='word_1_411' title='bbox 1755 2801 1960 2860; x_wconf 83' lang='lat' dir='ltr'><strong>admoneretur.</strong></span> 
     </span>
     <span class='ocr_line' id='line_1_31' title="bbox 267 2882 1960 2961; baseline 0.004 -22"><span class='ocrx_word' id='word_1_412' title='bbox 267 2885 383 2958; x_wconf 79' lang='lat' dir='ltr'><strong>legitimi</strong></span> <span class='ocrx_word' id='word_1_413' title='bbox 414 2884 582 2939; x_wconf 89' lang='lat' dir='ltr'><strong>matrimonii</strong></span> <span class='ocrx_word' id='word_1_414' title='bbox 605 2885 740 2939; x_wconf 89' lang='lat' dir='ltr'><strong>rationem</strong></span> <span class='ocrx_word' id='word_1_415' title='bbox 769 2884 987 2954; x_wconf 91' lang='lat' dir='ltr'><strong>antiquissimam</strong></span> <span class='ocrx_word' id='word_1_416' title='bbox 1015 2882 1101 2937; x_wconf 88' lang='lat' dir='ltr'><strong>fuisse</strong></span> <span class='ocrx_word' id='word_1_417' title='bbox 1125 2886 1226 2941; x_wconf 89' lang='lat' dir='ltr'><strong>Verbis</strong></span> <span class='ocrx_word' id='word_1_418' title='bbox 1243 2887 1298 2940; x_wconf 92' lang='lat' dir='ltr'><strong>illis</strong></span> <span class='ocrx_word' id='word_1_419' title='bbox 1319 2887 1493 2942; x_wconf 80' lang='lat' dir='ltr'><strong>solennibusr</strong></span> <span class='ocrx_word' id='word_1_420' title='bbox 1528 2888 1582 2941; x_wconf 77' lang='lat' dir='ltr'><strong>Uti</strong></span> <span class='ocrx_word' id='word_1_421' title='bbox 1611 2896 1642 2942; x_wconf 84' lang='lat' dir='ltr'><strong>tu</strong></span> <span class='ocrx_word' id='word_1_422' title='bbox 1661 2888 1766 2953; x_wconf 61' lang='lat' dir='ltr'><strong>uapor,</strong></span> <span class='ocrx_word' id='word_1_423' title='bbox 1797 2904 1852 2957; x_wconf 79' lang='lat' dir='ltr'><strong>epo</strong></span> <span class='ocrx_word' id='word_1_424' title='bbox 1880 2892 1960 2961; x_wconf 76' lang='lat' dir='ltr'><strong>Cajn,</strong></span> 
     </span>
     <span class='ocr_line' id='line_1_32' title="bbox 265 2970 1960 3047; baseline 0.003 -19"><span class='ocrx_word' id='word_1_425' title='bbox 265 2977 294 3028; x_wconf 92' lang='lat' dir='ltr'><strong>et</strong></span> <span class='ocrx_word' id='word_1_426' title='bbox 311 2989 328 3026; x_wconf 91' lang='lat' dir='ltr'><strong>a</strong></span> <span class='ocrx_word' id='word_1_427' title='bbox 346 2978 429 3042; x_wconf 88' lang='lat' dir='ltr'><strong>raptu</strong></span> <span class='ocrx_word' id='word_1_428' title='bbox 444 2970 609 3027; x_wconf 81' lang='lat' dir='ltr'><strong>Sabinarum</strong></span> <span class='ocrx_word' id='word_1_429' title='bbox 624 2970 875 3025; x_wconf 89' lang='lat' dir='ltr'><strong>initiumsumsisse</strong></span> <span class='ocrx_word' id='word_1_430' title='bbox 892 2970 995 3024; x_wconf 88' lang='lat' dir='ltr'><strong>ibidem</strong></span> <span class='ocrx_word' id='word_1_431' title='bbox 1009 2974 1099 3023; x_wconf 83' lang='lat' dir='ltr'><strong>osten·</strong></span> <span class='ocrx_word' id='word_1_432' title='bbox 1125 2972 1347 3043; x_wconf 85' lang='lat' dir='ltr'><strong>significabatur.</strong></span> <span class='ocrx_word' id='word_1_433' title='bbox 1383 2990 1494 3028; x_wconf 82' lang='lat' dir='ltr'><strong>uxorem</strong></span> <span class='ocrx_word' id='word_1_434' title='bbox 1523 2991 1585 3028; x_wconf 91' lang='lat' dir='ltr'><strong>cum</strong></span> <span class='ocrx_word' id='word_1_435' title='bbox 1615 2973 1672 3024; x_wconf 90' lang='lat' dir='ltr'><strong>viro</strong></span> <span class='ocrx_word' id='word_1_436' title='bbox 1700 2971 1796 3028; x_wconf 89' lang='lat' dir='ltr'><strong>eodem</strong></span> <span class='ocrx_word' id='word_1_437' title='bbox 1821 2975 1865 3031; x_wconf 89' lang='lat' dir='ltr'><strong>uti</strong></span> <span class='ocrx_word' id='word_1_438' title='bbox 1887 2979 1960 3047; x_wconf 87' lang='lat' dir='ltr'><strong>jure,</strong></span> 
     </span>
     <span class='ocr_line' id='line_1_33' title="bbox 266 3053 1959 3127; baseline 0.004 -16"><span class='ocrx_word' id='word_1_439' title='bbox 266 3058 315 3112; x_wconf 91' lang='lat' dir='ltr'><strong>dit.</strong></span> <span class='ocrx_word' id='word_1_440' title='bbox 352 3057 438 3111; x_wconf 84' lang='lat' dir='ltr'><strong>Ferre</strong></span> <span class='ocrx_word' id='word_1_441' title='bbox 465 3056 523 3112; x_wconf 89' lang='lat' dir='ltr'><strong>sive</strong></span> <span class='ocrx_word' id='word_1_442' title='bbox 541 3058 771 3123; x_wconf 77' lang='lat' dir='ltr'><strong>conformatione</strong></span> <span class='ocrx_word' id='word_1_443' title='bbox 796 3056 998 3111; x_wconf 89' lang='lat' dir='ltr'><strong>matrimonium</strong></span> <span class='ocrx_word' id='word_1_444' title='bbox 1017 3053 1099 3109; x_wconf 89' lang='lat' dir='ltr'><strong>couti·</strong></span> <span class='ocrx_word' id='word_1_445' title='bbox 1125 3058 1217 3113; x_wconf 90' lang='lat' dir='ltr'><strong>omnia</strong></span> <span class='ocrx_word' id='word_1_446' title='bbox 1237 3057 1339 3112; x_wconf 89' lang='lat' dir='ltr'><strong>habere</strong></span> <span class='ocrx_word' id='word_1_447' title='bbox 1358 3060 1514 3113; x_wconf 89' lang='lat' dir='ltr'><strong>communia</strong></span> <span class='ocrx_word' id='word_1_448' title='bbox 1542 3057 1700 3127; x_wconf 87' lang='lat' dir='ltr'><strong>pariterque</strong></span> <span class='ocrx_word' id='word_1_449' title='bbox 1723 3056 1752 3112; x_wconf 92' lang='lat' dir='ltr'><strong>in</strong></span> <span class='ocrx_word' id='word_1_450' title='bbox 1771 3059 1882 3117; x_wconf 85' lang='lat' dir='ltr'><strong>familia</strong></span> <span class='ocrx_word' id='word_1_451' title='bbox 1911 3064 1959 3118; x_wconf 91' lang='lat' dir='ltr'><strong>im-</strong></span> 
     </span>
     <span class='ocr_line' id='line_1_34' title="bbox 267 3142 1959 3216; baseline 0.004 -18"><span class='ocrx_word' id='word_1_452' title='bbox 267 3143 406 3207; x_wconf 87' lang='lat' dir='ltr'><strong>ciebatur,</strong></span> <span class='ocrx_word' id='word_1_453' title='bbox 432 3143 455 3196; x_wconf 91' lang='lat' dir='ltr'><strong>si</strong></span> <span class='ocrx_word' id='word_1_454' title='bbox 474 3143 571 3197; x_wconf 90' lang='lat' dir='ltr'><strong>eodem</strong></span> <span class='ocrx_word' id='word_1_455' title='bbox 590 3142 664 3199; x_wconf 86' lang='lat' dir='ltr'><strong>latre</strong></span> <span class='ocrx_word' id='word_1_456' title='bbox 684 3145 817 3215; x_wconf 86' lang='lat' dir='ltr'><strong>conjuges</strong></span> <span class='ocrx_word' id='word_1_457' title='bbox 835 3148 1022 3208; x_wconf 85' lang='lat' dir='ltr'><strong>vescerentur,</strong></span> <span class='ocrx_word' id='word_1_458' title='bbox 1045 3157 1099 3211; x_wconf 89' lang='lat' dir='ltr'><strong>quo</strong></span> <span class='ocrx_word' id='word_1_459' title='bbox 1126 3161 1232 3216; x_wconf 82' lang='lat' dir='ltr'><strong>parare,</strong></span> <span class='ocrx_word' id='word_1_460' title='bbox 1251 3161 1306 3215; x_wconf 93' lang='lat' dir='ltr'><strong>quo</strong></span> <span class='ocrx_word' id='word_1_461' title='bbox 1324 3143 1393 3197; x_wconf 89' lang='lat' dir='ltr'><strong>dicit</strong></span> <span class='ocrx_word' id='word_1_462' title='bbox 1407 3145 1516 3199; x_wconf 86' lang='lat' dir='ltr'><strong>novella</strong></span> <span class='ocrx_word' id='word_1_463' title='bbox 1529 3159 1606 3210; x_wconf 87' lang='lat' dir='ltr'><strong>uxor,</strong></span> <span class='ocrx_word' id='word_1_464' title='bbox 1620 3146 1652 3195; x_wconf 91' lang='lat' dir='ltr'><strong>ut</strong></span> <span class='ocrx_word' id='word_1_465' title='bbox 1667 3150 1700 3197; x_wconf 90' lang='lat' dir='ltr'><strong>tu</strong></span> <span class='ocrx_word' id='word_1_466' title='bbox 1717 3144 1846 3201; x_wconf 86' lang='lat' dir='ltr'><strong>dominus</strong></span> <span class='ocrx_word' id='word_1_467' title='bbox 1862 3148 1959 3204; x_wconf 81' lang='lat' dir='ltr'><strong>domus</strong></span> 
     </span>
     <span class='ocr_line' id='line_1_35' title="bbox 267 3227 1959 3304; baseline 0.004 -21"><span class='ocrx_word' id='word_1_468' title='bbox 267 3229 350 3284; x_wconf 89' lang='lat' dir='ltr'><strong>etiam</strong></span> <span class='ocrx_word' id='word_1_469' title='bbox 369 3229 497 3283; x_wconf 88' lang='lat' dir='ltr'><strong>victimas</strong></span> <span class='ocrx_word' id='word_1_470' title='bbox 523 3230 732 3304; x_wconf 88' lang='lat' dir='ltr'><strong>respergebant.</strong></span> <span class='ocrx_word' id='word_1_471' title='bbox 775 3233 867 3283; x_wconf 80' lang='lat' dir='ltr'><strong>Ferre</strong></span> <span class='ocrx_word' id='word_1_472' title='bbox 884 3229 986 3299; x_wconf 77' lang='lat' dir='ltr'><strong>(inquit</strong></span> <span class='ocrx_word' id='word_1_473' title='bbox 1005 3228 1099 3298; x_wconf 86' lang='lat' dir='ltr'><strong>Ulpia·</strong></span> <span class='ocrx_word' id='word_1_474' title='bbox 1126 3236 1153 3286; x_wconf 85' lang='lat' dir='ltr'><strong>et</strong></span> <span class='ocrx_word' id='word_1_475' title='bbox 1170 3229 1387 3301; x_wconf 82' lang='lat' dir='ltr'><strong>paterfamilias,</strong></span> <span class='ocrx_word' id='word_1_476' title='bbox 1414 3231 1455 3283; x_wconf 90' lang='lat' dir='ltr'><strong>ita</strong></span> <span class='ocrx_word' id='word_1_477' title='bbox 1479 3244 1530 3298; x_wconf 81' lang='lat' dir='ltr'><strong>ego</strong></span> <span class='ocrx_word' id='word_1_478' title='bbox 1552 3227 1665 3282; x_wconf 82' lang='lat' dir='ltr'><strong>domins</strong></span> <span class='ocrx_word' id='word_1_479' title='bbox 1687 3228 1787 3285; x_wconf 90' lang='lat' dir='ltr'><strong>domus</strong></span> <span class='ocrx_word' id='word_1_480' title='bbox 1805 3248 1841 3288; x_wconf 85' lang='lat' dir='ltr'><strong>ac</strong></span> <span class='ocrx_word' id='word_1_481' title='bbox 1860 3242 1959 3289; x_wconf 81' lang='lat' dir='ltr'><strong>mater·</strong></span> 
     </span>
     <span class='ocr_line' id='line_1_36' title="bbox 267 3312 1959 3387; baseline -0.002 -18"><span class='ocrx_word' id='word_1_482' title='bbox 267 3318 329 3382; x_wconf 91' lang='lat' dir='ltr'><strong>nus)</strong></span> <span class='ocrx_word' id='word_1_483' title='bbox 352 3315 515 3367; x_wconf 78' lang='lat' dir='ltr'><strong>convertitur</strong></span> <span class='ocrx_word' id='word_1_484' title='bbox 540 3317 571 3369; x_wconf 85' lang='lat' dir='ltr'><strong>in</strong></span> <span class='ocrx_word' id='word_1_485' title='bbox 597 3334 708 3369; x_wconf 78' lang='lat' dir='ltr'><strong>martum</strong></span> <span class='ocrx_word' id='word_1_486' title='bbox 733 3318 818 3371; x_wconf 75' lang='lat' dir='ltr'><strong>certia</strong></span> <span class='ocrx_word' id='word_1_487' title='bbox 834 3317 926 3371; x_wconf 78' lang='lat' dir='ltr'><strong>verbis</strong></span> <span class='ocrx_word' id='word_1_488' title='bbox 945 3324 971 3367; x_wconf 90' lang='lat' dir='ltr'><strong>et</strong></span> <span class='ocrx_word' id='word_1_489' title='bbox 989 3315 1100 3369; x_wconf 83' lang='lat' dir='ltr'><strong>testibus</strong></span> <span class='ocrx_word' id='word_1_490' title='bbox 1126 3317 1252 3372; x_wconf 72' lang='lat' dir='ltr'><strong>familiae.</strong></span> <span class='ocrx_word' id='word_1_491' title='bbox 1296 3316 1467 3387; x_wconf 83' lang='lat' dir='ltr'><strong>Ingredienti</strong></span> <span class='ocrx_word' id='word_1_492' title='bbox 1488 3312 1552 3367; x_wconf 80' lang='lat' dir='ltr'><strong>novi</strong></span> <span class='ocrx_word' id='word_1_493' title='bbox 1581 3314 1671 3368; x_wconf 89' lang='lat' dir='ltr'><strong>mariti</strong></span> <span class='ocrx_word' id='word_1_494' title='bbox 1701 3316 1786 3373; x_wconf 73' lang='lat' dir='ltr'><strong>aeder</strong></span> <span class='ocrx_word' id='word_1_495' title='bbox 1819 3319 1959 3377; x_wconf 63' lang='lat' dir='ltr'><strong>dabantur</strong></span> 
     </span>
     <span class='ocr_line' id='line_1_37' title="bbox 268 3397 1958 3475; baseline -0.002 -22"><span class='ocrx_word' id='word_1_496' title='bbox 268 3402 362 3454; x_wconf 70' lang='lat' dir='ltr'><strong>elecem</strong></span> <span class='ocrx_word' id='word_1_497' title='bbox 375 3401 570 3467; x_wconf 77' lang='lat' dir='ltr'><strong>praesentibus</strong></span> <span class='ocrx_word' id='word_1_498' title='bbox 593 3411 618 3457; x_wconf 88' lang='lat' dir='ltr'><strong>et</strong></span> <span class='ocrx_word' id='word_1_499' title='bbox 635 3404 746 3457; x_wconf 82' lang='lat' dir='ltr'><strong>aoleaai</strong></span> <span class='ocrx_word' id='word_1_500' title='bbox 768 3403 910 3463; x_wconf 72' lang='lat' dir='ltr'><strong>sacrificio</strong></span> <span class='ocrx_word' id='word_1_501' title='bbox 930 3401 991 3469; x_wconf 87' lang='lat' dir='ltr'><strong>(per</strong></span> <span class='ocrx_word' id='word_1_502' title='bbox 1009 3399 1100 3470; x_wconf 92' lang='lat' dir='ltr'><strong>ponti·</strong></span> <span class='ocrx_word' id='word_1_503' title='bbox 1126 3405 1226 3469; x_wconf 80' lang='lat' dir='ltr'><strong>olo-uer,</strong></span> <span class='ocrx_word' id='word_1_504' title='bbox 1244 3409 1276 3455; x_wconf 92' lang='lat' dir='ltr'><strong>ut</strong></span> <span class='ocrx_word' id='word_1_505' title='bbox 1295 3419 1386 3457; x_wconf 91' lang='lat' dir='ltr'><strong>rerum</strong></span> <span class='ocrx_word' id='word_1_506' title='bbox 1404 3399 1523 3455; x_wconf 89' lang='lat' dir='ltr'><strong>omnium</strong></span> <span class='ocrx_word' id='word_1_507' title='bbox 1540 3397 1762 3471; x_wconf 84' lang='lat' dir='ltr'><strong>domesticarum,</strong></span> <span class='ocrx_word' id='word_1_508' title='bbox 1779 3421 1854 3475; x_wconf 75' lang='lat' dir='ltr'><strong>quae</strong></span> <span class='ocrx_word' id='word_1_509' title='bbox 1872 3407 1958 3463; x_wconf 57' lang='lat' dir='ltr'><strong>chyi.</strong></span> 
     </span>
     <span class='ocr_line' id='line_1_38' title="bbox 267 3486 1956 3558; baseline -0.001 -19"><span class='ocrx_word' id='word_1_510' title='bbox 267 3486 349 3553; x_wconf 88' lang='lat' dir='ltr'><strong>fices)</strong></span> <span class='ocrx_word' id='word_1_511' title='bbox 367 3494 493 3555; x_wconf 84' lang='lat' dir='ltr'><strong>peracto,</strong></span> <span class='ocrx_word' id='word_1_512' title='bbox 510 3486 541 3539; x_wconf 81' lang='lat' dir='ltr'><strong>ta</strong></span> <span class='ocrx_word' id='word_1_513' title='bbox 558 3504 612 3555; x_wconf 80' lang='lat' dir='ltr'><strong>quo</strong></span> <span class='ocrx_word' id='word_1_514' title='bbox 627 3489 713 3558; x_wconf 82' lang='lat' dir='ltr'><strong>panis</strong></span> <span class='ocrx_word' id='word_1_515' title='bbox 731 3504 838 3558; x_wconf 82' lang='lat' dir='ltr'><strong>qrtoque</strong></span> <span class='ocrx_word' id='word_1_516' title='bbox 856 3488 974 3551; x_wconf 72' lang='lat' dir='ltr'><strong>sarrana</strong></span> <span class='ocrx_word' id='word_1_517' title='bbox 988 3486 1100 3537; x_wconf 83' lang='lat' dir='ltr'><strong>adlu&#39;he-</strong></span> <span class='ocrx_word' id='word_1_518' title='bbox 1126 3490 1176 3543; x_wconf 77' lang='lat' dir='ltr'><strong>bue</strong></span> <span class='ocrx_word' id='word_1_519' title='bbox 1195 3488 1322 3542; x_wconf 77' lang='lat' dir='ltr'><strong>concludi</strong></span> <span class='ocrx_word' id='word_1_520' title='bbox 1343 3489 1437 3551; x_wconf 74' lang='lat' dir='ltr'><strong>solent,</strong></span> <span class='ocrx_word' id='word_1_521' title='bbox 1455 3501 1549 3539; x_wconf 88' lang='lat' dir='ltr'><strong>euram</strong></span> <span class='ocrx_word' id='word_1_522' title='bbox 1568 3503 1600 3539; x_wconf 91' lang='lat' dir='ltr'><strong>ao</strong></span> <span class='ocrx_word' id='word_1_523' title='bbox 1619 3486 1782 3552; x_wconf 82' lang='lat' dir='ltr'><strong>custodiam,</strong></span> <span class='ocrx_word' id='word_1_524' title='bbox 1801 3497 1891 3547; x_wconf 64' lang='lat' dir='ltr'><strong>totam</strong></span> <span class='ocrx_word' id='word_1_525' title='bbox 1910 3496 1956 3550; x_wconf 62' lang='lat' dir='ltr'><strong>dg.</strong></span> 
     </span>
     <span class='ocr_line' id='line_1_39' title="bbox 267 3570 1958 3642; baseline 0.007 -17"><span class='ocrx_word' id='word_1_526' title='bbox 267 3580 322 3625; x_wconf 84' lang='lat' dir='ltr'><strong>tur.</strong></span> <span class='ocrx_word' id='word_1_527' title='bbox 373 3570 498 3626; x_wconf 77' lang='lat' dir='ltr'><strong>Cotimtio</strong></span> <span class='ocrx_word' id='word_1_528' title='bbox 526 3572 608 3626; x_wconf 88' lang='lat' dir='ltr'><strong>certis</strong></span> <span class='ocrx_word' id='word_1_529' title='bbox 632 3572 844 3628; x_wconf 86' lang='lat' dir='ltr'><strong>solennitatibus</strong></span> <span class='ocrx_word' id='word_1_530' title='bbox 869 3571 1054 3641; x_wconf 81' lang='lat' dir='ltr'><strong>peragebatur</strong></span> <span class='ocrx_word' id='word_1_531' title='bbox 1073 3576 1101 3623; x_wconf 89' lang='lat' dir='ltr'><strong>et</strong></span> <span class='ocrx_word' id='word_1_532' title='bbox 1126 3575 1209 3642; x_wconf 90' lang='lat' dir='ltr'><strong>nique</strong></span> <span class='ocrx_word' id='word_1_533' title='bbox 1238 3575 1350 3628; x_wconf 90' lang='lat' dir='ltr'><strong>domum</strong></span> <span class='ocrx_word' id='word_1_534' title='bbox 1368 3592 1399 3629; x_wconf 85' lang='lat' dir='ltr'><strong>aa</strong></span> <span class='ocrx_word' id='word_1_535' title='bbox 1416 3572 1454 3626; x_wconf 89' lang='lat' dir='ltr'><strong>rei</strong></span> <span class='ocrx_word' id='word_1_536' title='bbox 1473 3570 1616 3626; x_wconf 86' lang='lat' dir='ltr'><strong>familiaris</strong></span> <span class='ocrx_word' id='word_1_537' title='bbox 1635 3574 1908 3636; x_wconf 86' lang='lat' dir='ltr'><strong>administrationem</strong></span> <span class='ocrx_word' id='word_1_538' title='bbox 1926 3599 1958 3637; x_wconf 83' lang='lat' dir='ltr'><strong>sc</strong></span> 
     </span>
     <span class='ocr_line' id='line_1_40' title="bbox 267 3657 1957 3738; baseline 0.005 -27"><span class='ocrx_word' id='word_1_539' title='bbox 267 3674 327 3712; x_wconf 88' lang='lat' dir='ltr'><strong>sese</strong></span> <span class='ocrx_word' id='word_1_540' title='bbox 350 3658 379 3712; x_wconf 94' lang='lat' dir='ltr'><strong>in</strong></span> <span class='ocrx_word' id='word_1_541' title='bbox 402 3657 553 3712; x_wconf 76' lang='lat' dir='ltr'><strong>codmendo</strong></span> <span class='ocrx_word' id='word_1_542' title='bbox 579 3657 696 3713; x_wconf 88' lang='lat' dir='ltr'><strong>invicem</strong></span> <span class='ocrx_word' id='word_1_543' title='bbox 722 3658 937 3728; x_wconf 87' lang='lat' dir='ltr'><strong>interrogabant.</strong></span> <span class='ocrx_word' id='word_1_544' title='bbox 984 3657 1035 3711; x_wconf 91' lang='lat' dir='ltr'><strong>Vir</strong></span> <span class='ocrx_word' id='word_1_545' title='bbox 1053 3657 1100 3723; x_wconf 89' lang='lat' dir='ltr'><strong>ita,</strong></span> <span class='ocrx_word' id='word_1_546' title='bbox 1126 3659 1358 3729; x_wconf 86' lang='lat' dir='ltr'><strong>dispensationem</strong></span> <span class='ocrx_word' id='word_1_547' title='bbox 1385 3657 1438 3727; x_wconf 89' lang='lat' dir='ltr'><strong>ipsi</strong></span> <span class='ocrx_word' id='word_1_548' title='bbox 1463 3658 1595 3711; x_wconf 88' lang='lat' dir='ltr'><strong>committi</strong></span> <span class='ocrx_word' id='word_1_549' title='bbox 1619 3659 1839 3730; x_wconf 86' lang='lat' dir='ltr'><strong>significaretur,</strong></span> <span class='ocrx_word' id='word_1_550' title='bbox 1863 3669 1957 3738; x_wconf 80' lang='lat' dir='ltr'><strong>argi</strong></span> 
     </span>
     <span class='ocr_line' id='line_1_41' title="bbox 266 3742 1958 3821; baseline 0.007 -25"><span class='ocrx_word' id='word_1_551' title='bbox 266 3762 305 3797; x_wconf 82' lang='lat' dir='ltr'><strong>aa</strong></span> <span class='ocrx_word' id='word_1_552' title='bbox 323 3744 377 3797; x_wconf 85' lang='lat' dir='ltr'><strong>sihi</strong></span> <span class='ocrx_word' id='word_1_553' title='bbox 393 3743 613 3807; x_wconf 83' lang='lat' dir='ltr'><strong>rnatcrscmilias</strong></span> <span class='ocrx_word' id='word_1_554' title='bbox 631 3752 699 3798; x_wconf 81' lang='lat' dir='ltr'><strong>esset</strong></span> <span class='ocrx_word' id='word_1_555' title='bbox 718 3745 821 3797; x_wconf 72' lang='lat' dir='ltr'><strong>uellet?</strong></span> <span class='ocrx_word' id='word_1_556' title='bbox 840 3743 889 3797; x_wconf 85' lang='lat' dir='ltr'><strong>illa</strong></span> <span class='ocrx_word' id='word_1_557' title='bbox 908 3742 1099 3814; x_wconf 87' lang='lat' dir='ltr'><strong>respondebat.</strong></span> <span class='ocrx_word' id='word_1_558' title='bbox 1125 3744 1255 3799; x_wconf 82' lang='lat' dir='ltr'><strong>Clavibus</strong></span> <span class='ocrx_word' id='word_1_559' title='bbox 1275 3752 1315 3801; x_wconf 81' lang='lat' dir='ltr'><strong>tt.</strong></span> <span class='ocrx_word' id='word_1_560' title='bbox 1334 3742 1364 3801; x_wconf 84' lang='lat' dir='ltr'><strong>ff.</strong></span> <span class='ocrx_word' id='word_1_561' title='bbox 1384 3743 1419 3797; x_wconf 92' lang='lat' dir='ltr'><strong>de</strong></span> <span class='ocrx_word' id='word_1_562' title='bbox 1437 3743 1624 3798; x_wconf 87' lang='lat' dir='ltr'><strong>contrahenda</strong></span> <span class='ocrx_word' id='word_1_563' title='bbox 1648 3747 1775 3802; x_wconf 76' lang='lat' dir='ltr'><strong>emtione</strong></span> <span class='ocrx_word' id='word_1_564' title='bbox 1813 3754 1918 3821; x_wconf 81' lang='lat' dir='ltr'><strong>Aqrrue</strong></span> <span class='ocrx_word' id='word_1_565' title='bbox 1935 3764 1958 3808; x_wconf 86' lang='lat' dir='ltr'><strong>et</strong></span> 
     </span>
     <span class='ocr_line' id='line_1_42' title="bbox 267 3829 1956 3908; baseline 0.004 -25"><span class='ocrx_word' id='word_1_566' title='bbox 267 3830 345 3885; x_wconf 86' lang='lat' dir='ltr'><strong>selle.</strong></span> <span class='ocrx_word' id='word_1_567' title='bbox 384 3831 452 3886; x_wconf 89' lang='lat' dir='ltr'><strong>ltem</strong></span> <span class='ocrx_word' id='word_1_568' title='bbox 479 3829 577 3883; x_wconf 89' lang='lat' dir='ltr'><strong>mulier</strong></span> <span class='ocrx_word' id='word_1_569' title='bbox 595 3830 799 3902; x_wconf 86' lang='lat' dir='ltr'><strong>interrogabat,</strong></span> <span class='ocrx_word' id='word_1_570' title='bbox 818 3849 856 3883; x_wconf 84' lang='lat' dir='ltr'><strong>aa</strong></span> <span class='ocrx_word' id='word_1_571' title='bbox 875 3831 918 3883; x_wconf 87' lang='lat' dir='ltr'><strong>m&#39;r</strong></span> <span class='ocrx_word' id='word_1_572' title='bbox 936 3830 991 3882; x_wconf 80' lang='lat' dir='ltr'><strong>sihi</strong></span> <span class='ocrx_word' id='word_1_573' title='bbox 1003 3837 1098 3897; x_wconf 83' lang='lat' dir='ltr'><strong>pater·</strong></span> <span class='ocrx_word' id='word_1_574' title='bbox 1125 3833 1199 3898; x_wconf 79' lang='lat' dir='ltr'><strong>ipar&#39;e</strong></span> <span class='ocrx_word' id='word_1_575' title='bbox 1218 3837 1371 3885; x_wconf 79' lang='lat' dir='ltr'><strong>contactum</strong></span> <span class='ocrx_word' id='word_1_576' title='bbox 1394 3829 1561 3883; x_wconf 90' lang='lat' dir='ltr'><strong>Plutarchus</strong></span> <span class='ocrx_word' id='word_1_577' title='bbox 1584 3831 1612 3884; x_wconf 94' lang='lat' dir='ltr'><strong>in</strong></span> <span class='ocrx_word' id='word_1_578' title='bbox 1637 3848 1683 3902; x_wconf 92' lang='lat' dir='ltr'><strong>qq.</strong></span> <span class='ocrx_word' id='word_1_579' title='bbox 1708 3833 1788 3889; x_wconf 84' lang='lat' dir='ltr'><strong>Rom.</strong></span> <span class='ocrx_word' id='word_1_580' title='bbox 1813 3855 1841 3908; x_wconf 92' lang='lat' dir='ltr'><strong>q.</strong></span> <span class='ocrx_word' id='word_1_581' title='bbox 1870 3845 1894 3894; x_wconf 84' lang='lat' dir='ltr'><strong>t.</strong></span> <span class='ocrx_word' id='word_1_582' title='bbox 1918 3842 1956 3896; x_wconf 72' lang='lat' dir='ltr'><strong>rie</strong></span> 
     </span>
     <span class='ocr_line' id='line_1_43' title="bbox 266 3915 1954 3995; baseline 0.005 -26"><span class='ocrx_word' id='word_1_583' title='bbox 266 3917 397 3981; x_wconf 73' lang='lat' dir='ltr'><strong>familiae</strong></span> <span class='ocrx_word' id='word_1_584' title='bbox 416 3931 475 3967; x_wconf 85' lang='lat' dir='ltr'><strong>esse</strong></span> <span class='ocrx_word' id='word_1_585' title='bbox 493 3916 596 3969; x_wconf 70' lang='lat' dir='ltr'><strong>trattati</strong></span> <span class='ocrx_word' id='word_1_586' title='bbox 621 3915 668 3970; x_wconf 91' lang='lat' dir='ltr'><strong>ille</strong></span> <span class='ocrx_word' id='word_1_587' title='bbox 686 3917 888 3988; x_wconf 88' lang='lat' dir='ltr'><strong>respondebat,</strong></span> <span class='ocrx_word' id='word_1_588' title='bbox 907 3917 987 3983; x_wconf 85' lang='lat' dir='ltr'><strong>velle,</strong></span> <span class='ocrx_word' id='word_1_589' title='bbox 1004 3915 1099 3985; x_wconf 89' lang='lat' dir='ltr'><strong>itaque</strong></span> <span class='ocrx_word' id='word_1_590' title='bbox 1125 3918 1257 3989; x_wconf 86' lang='lat' dir='ltr'><strong>explicat:</strong></span> <span class='ocrx_word' id='word_1_591' title='bbox 1286 3918 1341 3969; x_wconf 82' lang='lat' dir='ltr'><strong>Car</strong></span> <span class='ocrx_word' id='word_1_592' title='bbox 1362 3917 1504 3969; x_wconf 74' lang='lat' dir='ltr'><strong>astartem</strong></span> <span class='ocrx_word' id='word_1_593' title='bbox 1528 3917 1665 3985; x_wconf 79' lang='lat' dir='ltr'><strong>attiapere</strong></span> <span class='ocrx_word' id='word_1_594' title='bbox 1691 3936 1795 3988; x_wconf 81' lang='lat' dir='ltr'><strong>aquam</strong></span> <span class='ocrx_word' id='word_1_595' title='bbox 1818 3933 1846 3978; x_wconf 85' lang='lat' dir='ltr'><strong>et</strong></span> <span class='ocrx_word' id='word_1_596' title='bbox 1864 3928 1954 3995; x_wconf 77' lang='lat' dir='ltr'><strong>ipram</strong></span> 
     </span>
     <span class='ocr_line' id='line_1_44' title="bbox 268 4000 1953 4073; baseline 0.005 -22"><span class='ocrx_word' id='word_1_597' title='bbox 268 4002 366 4054; x_wconf 88' lang='lat' dir='ltr'><strong>mulier</strong></span> <span class='ocrx_word' id='word_1_598' title='bbox 381 4000 409 4053; x_wconf 94' lang='lat' dir='ltr'><strong>in</strong></span> <span class='ocrx_word' id='word_1_599' title='bbox 426 4000 478 4053; x_wconf 87' lang='lat' dir='ltr'><strong>viri</strong></span> <span class='ocrx_word' id='word_1_600' title='bbox 495 4000 679 4055; x_wconf 88' lang='lat' dir='ltr'><strong>conveniebat</strong></span> <span class='ocrx_word' id='word_1_601' title='bbox 698 4020 817 4057; x_wconf 90' lang='lat' dir='ltr'><strong>manum.</strong></span> <span class='ocrx_word' id='word_1_602' title='bbox 1117 4005 1238 4072; x_wconf 77' lang='lat' dir='ltr'><strong>jubenti</strong></span> <span class='ocrx_word' id='word_1_603' title='bbox 1279 4004 1376 4056; x_wconf 84' lang='lat' dir='ltr'><strong>Utrum</strong></span> <span class='ocrx_word' id='word_1_604' title='bbox 1403 4005 1480 4073; x_wconf 80' lang='lat' dir='ltr'><strong>qaod</strong></span> <span class='ocrx_word' id='word_1_605' title='bbox 1504 4004 1602 4057; x_wconf 82' lang='lat' dir='ltr'><strong>lorum</strong></span> <span class='ocrx_word' id='word_1_606' title='bbox 1627 4006 1699 4058; x_wconf 82' lang='lat' dir='ltr'><strong>iuter</strong></span> <span class='ocrx_word' id='word_1_607' title='bbox 1723 4025 1753 4060; x_wconf 86' lang='lat' dir='ltr'><strong>se</strong></span> <span class='ocrx_word' id='word_1_608' title='bbox 1772 4011 1913 4066; x_wconf 56' lang='lat' dir='ltr'><strong>amarem</strong></span> <span class='ocrx_word' id='word_1_609' title='bbox 1931 4024 1953 4067; x_wconf 69' lang='lat' dir='ltr'><strong>et</strong></span> 
     </span>
     <span class='ocr_line' id='line_1_45' title="bbox 140 4086 1953 4167; baseline 0.004 -28"><span class='ocrx_word' id='word_1_610' title='bbox 140 4099 228 4139; x_wconf 74' lang='lat' dir='ltr'><strong>atreum</strong></span> <span class='ocrx_word' id='word_1_611' title='bbox 301 4091 359 4142; x_wconf 73' lang='lat' dir='ltr'><strong>let.</strong></span> <span class='ocrx_word' id='word_1_612' title='bbox 395 4086 599 4141; x_wconf 89' lang='lat' dir='ltr'><strong>Praetermissis</strong></span> <span class='ocrx_word' id='word_1_613' title='bbox 628 4088 712 4141; x_wconf 90' lang='lat' dir='ltr'><strong>variis</strong></span> <span class='ocrx_word' id='word_1_614' title='bbox 740 4090 837 4143; x_wconf 91' lang='lat' dir='ltr'><strong>horum</strong></span> <span class='ocrx_word' id='word_1_615' title='bbox 869 4090 969 4143; x_wconf 90' lang='lat' dir='ltr'><strong>rituum</strong></span> <span class='ocrx_word' id='word_1_616' title='bbox 992 4089 1097 4155; x_wconf 71' lang='lat' dir='ltr'><strong>sipirisi·</strong></span> <span class='ocrx_word' id='word_1_617' title='bbox 1121 4091 1279 4159; x_wconf 82' lang='lat' dir='ltr'><strong>principia,</strong></span> <span class='ocrx_word' id='word_1_618' title='bbox 1315 4091 1383 4143; x_wconf 66' lang='lat' dir='ltr'><strong>llaec</strong></span> <span class='ocrx_word' id='word_1_619' title='bbox 1409 4091 1533 4157; x_wconf 78' lang='lat' dir='ltr'><strong>femina,</strong></span> <span class='ocrx_word' id='word_1_620' title='bbox 1559 4091 1610 4144; x_wconf 73' lang='lat' dir='ltr'><strong>itte</strong></span> <span class='ocrx_word' id='word_1_621' title='bbox 1637 4109 1699 4146; x_wconf 88' lang='lat' dir='ltr'><strong>mos</strong></span> <span class='ocrx_word' id='word_1_622' title='bbox 1715 4094 1767 4155; x_wconf 81' lang='lat' dir='ltr'><strong>ait,</strong></span> <span class='ocrx_word' id='word_1_623' title='bbox 1795 4105 1882 4167; x_wconf 71' lang='lat' dir='ltr'><strong>atque</strong></span> <span class='ocrx_word' id='word_1_624' title='bbox 1899 4100 1953 4165; x_wconf 66' lang='lat' dir='ltr'><strong>p&#39;lte</strong></span> 
     </span>
     <span class='ocr_line' id='line_1_46' title="bbox 139 4144 1953 4246; baseline 0.005 -22"><span class='ocrx_word' id='word_1_625' title='bbox 139 4144 229 4245; x_wconf 49' lang='lat' dir='ltr'><strong>iiiiii?</strong></span> <span class='ocrx_word' id='word_1_626' title='bbox 267 4173 440 4239; x_wconf 80' lang='lat' dir='ltr'><strong>sationibus,</strong></span> <span class='ocrx_word' id='word_1_627' title='bbox 468 4190 538 4242; x_wconf 89' lang='lat' dir='ltr'><strong>quas</strong></span> <span class='ocrx_word' id='word_1_628' title='bbox 555 4174 599 4228; x_wconf 87' lang='lat' dir='ltr'><strong>vel</strong></span> <span class='ocrx_word' id='word_1_629' title='bbox 627 4180 733 4228; x_wconf 87' lang='lat' dir='ltr'><strong>veteres</strong></span> <span class='ocrx_word' id='word_1_630' title='bbox 752 4183 925 4236; x_wconf 87' lang='lat' dir='ltr'><strong>annotarunt,</strong></span> <span class='ocrx_word' id='word_1_631' title='bbox 944 4172 986 4226; x_wconf 94' lang='lat' dir='ltr'><strong>vel</strong></span> <span class='ocrx_word' id='word_1_632' title='bbox 1004 4190 1096 4227; x_wconf 88' lang='lat' dir='ltr'><strong>recen·</strong></span> <span class='ocrx_word' id='word_1_633' title='bbox 1121 4185 1210 4231; x_wconf 76' lang='lat' dir='ltr'><strong>motas</strong></span> <span class='ocrx_word' id='word_1_634' title='bbox 1228 4178 1374 4229; x_wconf 76' lang='lat' dir='ltr'><strong>exordium</strong></span> <span class='ocrx_word' id='word_1_635' title='bbox 1392 4178 1534 4244; x_wconf 71' lang='lat' dir='ltr'><strong>insaeviat,</strong></span> <span class='ocrx_word' id='word_1_636' title='bbox 1553 4178 1620 4229; x_wconf 84' lang='lat' dir='ltr'><strong>haec</strong></span> <span class='ocrx_word' id='word_1_637' title='bbox 1633 4179 1751 4246; x_wconf 80' lang='lat' dir='ltr'><strong>mabjeoti</strong></span> <span class='ocrx_word' id='word_1_638' title='bbox 1769 4192 1795 4235; x_wconf 79' lang='lat' dir='ltr'><strong>et</strong></span> <span class='ocrx_word' id='word_1_639' title='bbox 1816 4189 1953 4241; x_wconf 65' lang='lat' dir='ltr'><strong>materiae</strong></span> 
     </span>
     <span class='ocr_line' id='line_1_47' title="bbox 140 4248 1952 4337; baseline 0.007 -26"><span class='ocrx_word' id='word_1_640' title='bbox 140 4248 253 4287; x_wconf 45' lang='grc' dir='ltr'><strong>ΝΟΜ·</strong></span> <span class='ocrx_word' id='word_1_641' title='bbox 266 4258 351 4312; x_wconf 90' lang='lat' dir='ltr'><strong>tiores</strong></span> <span class='ocrx_word' id='word_1_642' title='bbox 374 4258 521 4329; x_wconf 88' lang='lat' dir='ltr'><strong>scriptores</strong></span> <span class='ocrx_word' id='word_1_643' title='bbox 545 4258 751 4330; x_wconf 78' lang='lat' dir='ltr'><strong>excogitarunt,</strong></span> <span class='ocrx_word' id='word_1_644' title='bbox 783 4276 830 4316; x_wconf 86' lang='lat' dir='ltr'><strong>eas</strong></span> <span class='ocrx_word' id='word_1_645' title='bbox 855 4261 987 4314; x_wconf 83' lang='lat' dir='ltr'><strong>duntaxat</strong></span> <span class='ocrx_word' id='word_1_646' title='bbox 1003 4276 1097 4313; x_wconf 89' lang='lat' dir='ltr'><strong>recen·</strong></span> <span class='ocrx_word' id='word_1_647' title='bbox 1122 4266 1197 4317; x_wconf 68' lang='lat' dir='ltr'><strong>arim!</strong></span> <span class='ocrx_word' id='word_1_648' title='bbox 1223 4280 1261 4316; x_wconf 86' lang='lat' dir='ltr'><strong>aa</strong></span> <span class='ocrx_word' id='word_1_649' title='bbox 1280 4264 1349 4331; x_wconf 77' lang='lat' dir='ltr'><strong>quia</strong></span> <span class='ocrx_word' id='word_1_650' title='bbox 1366 4281 1444 4332; x_wconf 83' lang='lat' dir='ltr'><strong>aqua</strong></span> <span class='ocrx_word' id='word_1_651' title='bbox 1464 4271 1572 4333; x_wconf 80' lang='lat' dir='ltr'><strong>purpat</strong></span> <span class='ocrx_word' id='word_1_652' title='bbox 1596 4270 1622 4315; x_wconf 88' lang='lat' dir='ltr'><strong>et</strong></span> <span class='ocrx_word' id='word_1_653' title='bbox 1638 4264 1714 4332; x_wconf 79' lang='lat' dir='ltr'><strong>ipris</strong></span> <span class='ocrx_word' id='word_1_654' title='bbox 1734 4269 1851 4337; x_wconf 71' lang='lat' dir='ltr'><strong>cupiat!</strong></span> <span class='ocrx_word' id='word_1_655' title='bbox 1875 4274 1952 4327; x_wconf 81' lang='lat' dir='ltr'><strong>debet</strong></span> 
     </span>
     <span class='ocr_line' id='line_1_48' title="bbox 266 4343 1951 4423; baseline 0.008 -27"><span class='ocrx_word' id='word_1_656' title='bbox 266 4343 396 4406; x_wconf 91' lang='lat' dir='ltr'><strong>sebimus,</strong></span> <span class='ocrx_word' id='word_1_657' title='bbox 415 4359 488 4414; x_wconf 91' lang='lat' dir='ltr'><strong>quae</strong></span> <span class='ocrx_word' id='word_1_658' title='bbox 505 4345 640 4397; x_wconf 85' lang='lat' dir='ltr'><strong>moralem</strong></span> <span class='ocrx_word' id='word_1_659' title='bbox 658 4361 691 4399; x_wconf 91' lang='lat' dir='ltr'><strong>ac</strong></span> <span class='ocrx_word' id='word_1_660' title='bbox 711 4346 943 4399; x_wconf 81' lang='lat' dir='ltr'><strong>matrimonialem</strong></span> <span class='ocrx_word' id='word_1_661' title='bbox 957 4348 1096 4415; x_wconf 85' lang='lat' dir='ltr'><strong>quandam</strong></span> <span class='ocrx_word' id='word_1_662' title='bbox 1122 4359 1212 4403; x_wconf 73' lang='lat' dir='ltr'><strong>acuam</strong></span> <span class='ocrx_word' id='word_1_663' title='bbox 1229 4352 1336 4402; x_wconf 81' lang='lat' dir='ltr'><strong>manda</strong></span> <span class='ocrx_word' id='word_1_664' title='bbox 1354 4356 1379 4401; x_wconf 85' lang='lat' dir='ltr'><strong>ot</strong></span> <span class='ocrx_word' id='word_1_665' title='bbox 1397 4356 1505 4413; x_wconf 85' lang='lat' dir='ltr'><strong>sauata,</strong></span> <span class='ocrx_word' id='word_1_666' title='bbox 1525 4365 1592 4417; x_wconf 83' lang='lat' dir='ltr'><strong>quae</strong></span> <span class='ocrx_word' id='word_1_667' title='bbox 1603 4358 1693 4419; x_wconf 79' lang='lat' dir='ltr'><strong>rapta</strong></span> <span class='ocrx_word' id='word_1_668' title='bbox 1710 4360 1760 4422; x_wconf 81' lang='lat' dir='ltr'><strong>est,</strong></span> <span class='ocrx_word' id='word_1_669' title='bbox 1775 4372 1951 4423; x_wconf 74' lang='lat' dir='ltr'><strong>permanere.</strong></span> 
     </span>
     <span class='ocr_line' id='line_1_49' title="bbox 234 4428 1950 4504; baseline 0.01 -21"><span class='ocrx_word' id='word_1_670' title='bbox 234 4430 481 4499; x_wconf 41' lang='lat' dir='ltr'><strong>,oadmonitionem</strong></span> <span class='ocrx_word' id='word_1_671' title='bbox 525 4428 662 4486; x_wconf 83' lang='lat' dir='ltr'><strong>exhibent.</strong></span> <span class='ocrx_word' id='word_1_672' title='bbox 722 4432 860 4502; x_wconf 63' lang='lat' dir='ltr'><strong>armeta</strong></span> <span class='ocrx_word' id='word_1_673' title='bbox 896 4439 921 4484; x_wconf 86' lang='lat' dir='ltr'><strong>et</strong></span> <span class='ocrx_word' id='word_1_674' title='bbox 955 4433 1097 4502; x_wconf 58' lang='lat' dir='ltr'><strong>sacrificia</strong></span> <span class='ocrx_word' id='word_1_675' title='bbox 1122 4438 1169 4490; x_wconf 85' lang='lat' dir='ltr'><strong>Aa</strong></span> <span class='ocrx_word' id='word_1_676' title='bbox 1187 4436 1318 4504; x_wconf 71' lang='lat' dir='ltr'><strong>preculam</strong></span> <span class='ocrx_word' id='word_1_677' title='bbox 1335 4434 1407 4487; x_wconf 81' lang='lat' dir='ltr'><strong>sicat</strong></span> <span class='ocrx_word' id='word_1_678' title='bbox 1429 4436 1504 4501; x_wconf 76' lang='lat' dir='ltr'><strong>ipris</strong></span> <span class='ocrx_word' id='word_1_679' title='bbox 1524 4436 1580 4488; x_wconf 77' lang='lat' dir='ltr'><strong>siae</strong></span> <span class='ocrx_word' id='word_1_680' title='bbox 1597 4435 1679 4488; x_wconf 83' lang='lat' dir='ltr'><strong>hamo</strong></span> <span class='ocrx_word' id='word_1_681' title='bbox 1698 4455 1832 4495; x_wconf 69' lang='lat' dir='ltr'><strong>meacm</strong></span> <span class='ocrx_word' id='word_1_682' title='bbox 1849 4452 1877 4497; x_wconf 81' lang='lat' dir='ltr'><strong>et</strong></span> <span class='ocrx_word' id='word_1_683' title='bbox 1895 4446 1950 4499; x_wconf 84' lang='lat' dir='ltr'><strong>ari·</strong></span> 
     </span>
     <span class='ocr_line' id='line_1_50' title="bbox 265 4508 1951 4601; baseline 0.008 -33"><span class='ocrx_word' id='word_1_684' title='bbox 265 4516 369 4586; x_wconf 89' lang='lat' dir='ltr'><strong>nuptiis</strong></span> <span class='ocrx_word' id='word_1_685' title='bbox 383 4516 639 4587; x_wconf 88' lang='lat' dir='ltr'><strong>interponebantur,</strong></span> <span class='ocrx_word' id='word_1_686' title='bbox 658 4523 689 4570; x_wconf 89' lang='lat' dir='ltr'><strong>ut</strong></span> <span class='ocrx_word' id='word_1_687' title='bbox 708 4508 916 4590; x_wconf 67' lang='lat' dir='ltr'><strong>significaretur}</strong></span> <span class='ocrx_word' id='word_1_688' title='bbox 937 4519 1096 4591; x_wconf 85' lang='lat' dir='ltr'><strong>conjugium</strong></span> <span class='ocrx_word' id='word_1_689' title='bbox 1121 4525 1175 4575; x_wconf 76' lang='lat' dir='ltr'><strong>drea</strong></span> <span class='ocrx_word' id='word_1_690' title='bbox 1205 4528 1257 4583; x_wconf 77' lang='lat' dir='ltr'><strong>aet,</strong></span> <span class='ocrx_word' id='word_1_691' title='bbox 1282 4520 1389 4573; x_wconf 75' lang='lat' dir='ltr'><strong>sterilis</strong></span> <span class='ocrx_word' id='word_1_692' title='bbox 1413 4528 1503 4573; x_wconf 84' lang='lat' dir='ltr'><strong>antem</strong></span> <span class='ocrx_word' id='word_1_693' title='bbox 1529 4521 1659 4575; x_wconf 77' lang='lat' dir='ltr'><strong>eteritis</strong></span> <span class='ocrx_word' id='word_1_694' title='bbox 1689 4524 1749 4577; x_wconf 78' lang='lat' dir='ltr'><strong>siae</strong></span> <span class='ocrx_word' id='word_1_695' title='bbox 1775 4527 1841 4596; x_wconf 81' lang='lat' dir='ltr'><strong>ipae</strong></span> <span class='ocrx_word' id='word_1_696' title='bbox 1869 4548 1951 4601; x_wconf 57' lang='lat' dir='ltr'><strong>aqua</strong></span> 
     </span>
     <span class='ocr_line' id='line_1_51' title="bbox 264 4603 1950 4676; baseline 0.003 -22"><span class='ocrx_word' id='word_1_697' title='bbox 264 4617 325 4655; x_wconf 88' lang='lat' dir='ltr'><strong>esse</strong></span> <span class='ocrx_word' id='word_1_698' title='bbox 344 4620 401 4657; x_wconf 89' lang='lat' dir='ltr'><strong>rem</strong></span> <span class='ocrx_word' id='word_1_699' title='bbox 428 4620 535 4657; x_wconf 90' lang='lat' dir='ltr'><strong>sacram</strong></span> <span class='ocrx_word' id='word_1_700' title='bbox 560 4618 599 4655; x_wconf 86' lang='lat' dir='ltr'><strong>ac</strong></span> <span class='ocrx_word' id='word_1_701' title='bbox 616 4603 733 4673; x_wconf 88' lang='lat' dir='ltr'><strong>proinde</strong></span> <span class='ocrx_word' id='word_1_702' title='bbox 749 4620 805 4658; x_wconf 89' lang='lat' dir='ltr'><strong>non</strong></span> <span class='ocrx_word' id='word_1_703' title='bbox 824 4605 876 4657; x_wconf 87' lang='lat' dir='ltr'><strong>nisi</strong></span> <span class='ocrx_word' id='word_1_704' title='bbox 898 4605 1025 4658; x_wconf 87' lang='lat' dir='ltr'><strong>invocato</strong></span> <span class='ocrx_word' id='word_1_705' title='bbox 1043 4604 1095 4659; x_wconf 88' lang='lat' dir='ltr'><strong>Dei</strong></span> <span class='ocrx_word' id='word_1_706' title='bbox 1117 4608 1240 4675; x_wconf 71' lang='lat' dir='ltr'><strong>per-iride</strong></span> <span class='ocrx_word' id='word_1_707' title='bbox 1257 4623 1317 4659; x_wconf 80' lang='lat' dir='ltr'><strong>raas</strong></span> <span class='ocrx_word' id='word_1_708' title='bbox 1335 4606 1481 4660; x_wconf 79' lang='lat' dir='ltr'><strong>imbecillia</strong></span> <span class='ocrx_word' id='word_1_709' title='bbox 1502 4613 1527 4660; x_wconf 89' lang='lat' dir='ltr'><strong>et</strong></span> <span class='ocrx_word' id='word_1_710' title='bbox 1543 4607 1649 4669; x_wconf 76' lang='lat' dir='ltr'><strong>femina</strong></span> <span class='ocrx_word' id='word_1_711' title='bbox 1667 4612 1801 4676; x_wconf 83' lang='lat' dir='ltr'><strong>seorsim,</strong></span> <span class='ocrx_word' id='word_1_712' title='bbox 1824 4619 1880 4669; x_wconf 82' lang='lat' dir='ltr'><strong>aed</strong></span> <span class='ocrx_word' id='word_1_713' title='bbox 1896 4638 1950 4671; x_wconf 58' lang='lat' dir='ltr'><strong>mn.</strong></span> 
     </span>
     <span class='ocr_line' id='line_1_52' title="bbox 264 4688 1952 4774; baseline 0.008 -34"><span class='ocrx_word' id='word_1_714' title='bbox 264 4688 365 4743; x_wconf 89' lang='lat' dir='ltr'><strong>auxilio</strong></span> <span class='ocrx_word' id='word_1_715' title='bbox 384 4690 542 4755; x_wconf 88' lang='lat' dir='ltr'><strong>ineundum,</strong></span> <span class='ocrx_word' id='word_1_716' title='bbox 561 4688 635 4743; x_wconf 91' lang='lat' dir='ltr'><strong>uude</strong></span> <span class='ocrx_word' id='word_1_717' title='bbox 652 4693 693 4743; x_wconf 93' lang='lat' dir='ltr'><strong>tot</strong></span> <span class='ocrx_word' id='word_1_718' title='bbox 711 4689 824 4744; x_wconf 90' lang='lat' dir='ltr'><strong>numina</strong></span> <span class='ocrx_word' id='word_1_719' title='bbox 836 4690 940 4759; x_wconf 89' lang='lat' dir='ltr'><strong>nuptiis</strong></span> <span class='ocrx_word' id='word_1_720' title='bbox 953 4690 1094 4761; x_wconf 83' lang='lat' dir='ltr'><strong>praelicia-</strong></span> <span class='ocrx_word' id='word_1_721' title='bbox 1121 4696 1217 4747; x_wconf 75' lang='lat' dir='ltr'><strong>bonam</strong></span> <span class='ocrx_word' id='word_1_722' title='bbox 1237 4709 1398 4759; x_wconf 82' lang='lat' dir='ltr'><strong>conpressas</strong></span> <span class='ocrx_word' id='word_1_723' title='bbox 1408 4700 1539 4761; x_wconf 80' lang='lat' dir='ltr'><strong>praestat</strong></span> <span class='ocrx_word' id='word_1_724' title='bbox 1556 4692 1625 4745; x_wconf 79' lang='lat' dir='ltr'><strong>sitae</strong></span> <span class='ocrx_word' id='word_1_725' title='bbox 1639 4696 1859 4772; x_wconf 75' lang='lat' dir='ltr'><strong>contubernium,</strong></span> <span class='ocrx_word' id='word_1_726' title='bbox 1878 4706 1952 4774; x_wconf 78' lang='lat' dir='ltr'><strong>quod</strong></span> 
     </span>
     <span class='ocr_line' id='line_1_53' title="bbox 264 4772 1951 4853; baseline 0.007 -26"><span class='ocrx_word' id='word_1_727' title='bbox 264 4772 344 4838; x_wconf 86' lang='lat' dir='ltr'><strong>baut,</strong></span> <span class='ocrx_word' id='word_1_728' title='bbox 364 4777 461 4829; x_wconf 81' lang='lat' dir='ltr'><strong>Jovrm</strong></span> <span class='ocrx_word' id='word_1_729' title='bbox 480 4774 623 4839; x_wconf 83' lang='lat' dir='ltr'><strong>adultum,</strong></span> <span class='ocrx_word' id='word_1_730' title='bbox 650 4776 743 4829; x_wconf 81' lang='lat' dir='ltr'><strong>Deum</strong></span> <span class='ocrx_word' id='word_1_731' title='bbox 757 4777 934 4846; x_wconf 79' lang='lat' dir='ltr'><strong>jupatr&#39;aum,</strong></span> <span class='ocrx_word' id='word_1_732' title='bbox 956 4780 1175 4853; x_wconf 71' lang='lat' dir='ltr'><strong>Domitia-,aon</strong></span> <span class='ocrx_word' id='word_1_733' title='bbox 1208 4782 1401 4841; x_wconf 77' lang='lat' dir='ltr'><strong>deserendum,</strong></span> <span class='ocrx_word' id='word_1_734' title='bbox 1437 4781 1489 4831; x_wconf 78' lang='lat' dir='ltr'><strong>aad</strong></span> <span class='ocrx_word' id='word_1_735' title='bbox 1522 4778 1550 4830; x_wconf 84' lang='lat' dir='ltr'><strong>r&#39;a</strong></span> <span class='ocrx_word' id='word_1_736' title='bbox 1585 4783 1756 4836; x_wconf 70' lang='lat' dir='ltr'><strong>caracutium</strong></span> <span class='ocrx_word' id='word_1_737' title='bbox 1787 4789 1951 4843; x_wconf 58' lang='lat' dir='ltr'><strong>venandum</strong></span> 
     </span>
     <span class='ocr_line' id='line_1_54' title="bbox 265 4860 1951 4939; baseline 0.011 -28"><span class='ocrx_word' id='word_1_738' title='bbox 265 4874 341 4927; x_wconf 83' lang='lat' dir='ltr'><strong>sum,</strong></span> <span class='ocrx_word' id='word_1_739' title='bbox 369 4860 539 4927; x_wconf 79' lang='lat' dir='ltr'><strong>llome&#39;tirtm,</strong></span> <span class='ocrx_word' id='word_1_740' title='bbox 567 4860 706 4914; x_wconf 83' lang='lat' dir='ltr'><strong>Jaaortem</strong></span> <span class='ocrx_word' id='word_1_741' title='bbox 720 4864 893 4932; x_wconf 79' lang='lat' dir='ltr'><strong>proauhma,</strong></span> <span class='ocrx_word' id='word_1_742' title='bbox 916 4865 1034 4917; x_wconf 81' lang='lat' dir='ltr'><strong>Uarium</strong></span> <span class='ocrx_word' id='word_1_743' title='bbox 1060 4862 1211 4920; x_wconf 77' lang='lat' dir='ltr'><strong>ac&#39;omuia</strong></span> <span class='ocrx_word' id='word_1_744' title='bbox 1232 4869 1383 4932; x_wconf 78' lang='lat' dir='ltr'><strong>fortunae,</strong></span> <span class='ocrx_word' id='word_1_745' title='bbox 1411 4861 1520 4919; x_wconf 73' lang='lat' dir='ltr'><strong>etiarnsi</strong></span> <span class='ocrx_word' id='word_1_746' title='bbox 1542 4864 1612 4919; x_wconf 70' lang='lat' dir='ltr'><strong>altit</strong></span> <span class='ocrx_word' id='word_1_747' title='bbox 1631 4867 1696 4920; x_wconf 82' lang='lat' dir='ltr'><strong>hoas&#39;</strong></span> <span class='ocrx_word' id='word_1_748' title='bbox 1714 4869 1789 4923; x_wconf 75' lang='lat' dir='ltr'><strong>iazer</strong></span> <span class='ocrx_word' id='word_1_749' title='bbox 1819 4890 1867 4939; x_wconf 80' lang='lat' dir='ltr'><strong>as,</strong></span> <span class='ocrx_word' id='word_1_750' title='bbox 1899 4878 1951 4929; x_wconf 70' lang='lat' dir='ltr'><strong>atei</strong></span> 
     </span>
     <span class='ocr_line' id='line_1_55' title="bbox 265 4898 1949 5045; baseline 0.013 -49"><span class='ocrx_word' id='word_1_751' title='bbox 265 4944 399 5011; x_wconf 72' lang='lat' dir='ltr'><strong>(lineium,</strong></span> <span class='ocrx_word' id='word_1_752' title='bbox 420 4946 613 5014; x_wconf 83' lang='lat' dir='ltr'><strong>Mautttraam,</strong></span> <span class='ocrx_word' id='word_1_753' title='bbox 636 4948 779 5017; x_wconf 61' lang='lat' dir='ltr'><strong>lfeaerem,</strong></span> <span class='ocrx_word' id='word_1_754' title='bbox 797 4949 952 5003; x_wconf 70' lang='lat' dir='ltr'><strong>suadelam</strong></span> <span class='ocrx_word' id='word_1_755' title='bbox 970 4968 1004 5002; x_wconf 86' lang='lat' dir='ltr'><strong>aa</strong></span> <span class='ocrx_word' id='word_1_756' title='bbox 1022 4951 1094 5002; x_wconf 78' lang='lat' dir='ltr'><strong>Ilia·</strong></span> <span class='ocrx_word' id='word_1_757' title='bbox 1105 4898 1109 5045; x_wconf 41' lang='grc' dir='ltr'><strong>Ξ</strong></span> <span class='ocrx_word' id='word_1_758' title='bbox 1121 4954 1211 5020; x_wconf 69' lang='lat' dir='ltr'><strong>apuam</strong></span> <span class='ocrx_word' id='word_1_759' title='bbox 1231 4961 1257 5004; x_wconf 83' lang='lat' dir='ltr'><strong>et</strong></span> <span class='ocrx_word' id='word_1_760' title='bbox 1281 4968 1381 5019; x_wconf 73' lang='lat' dir='ltr'><strong>optram</strong></span> <span class='ocrx_word' id='word_1_761' title='bbox 1400 4946 1536 5000; x_wconf 78' lang='lat' dir='ltr'><strong>collaturi</strong></span> <span class='ocrx_word' id='word_1_762' title='bbox 1560 4952 1638 5006; x_wconf 65' lang='lat' dir='ltr'><strong>mat?</strong></span> <span class='ocrx_word' id='word_1_763' title='bbox 1676 4954 1840 5013; x_wconf 80' lang='lat' dir='ltr'><strong>Lactantius</strong></span> <span class='ocrx_word' id='word_1_764' title='bbox 1858 4960 1909 5018; x_wconf 90' lang='lat' dir='ltr'><strong>lib.</strong></span> <span class='ocrx_word' id='word_1_765' title='bbox 1928 4969 1949 5018; x_wconf 81' lang='grc'><strong>2.</strong></span> 
     </span>
     <span class='ocr_line' id='line_1_56' title="bbox 261 5031 1950 5115; baseline 0.014 -34"><span class='ocrx_word' id='word_1_766' title='bbox 261 5046 326 5081; x_wconf 84' lang='lat' dir='ltr'><strong>uam</strong></span> <span class='ocrx_word' id='word_1_767' title='bbox 351 5031 408 5082; x_wconf 83' lang='lat' dir='ltr'><strong>sive</strong></span> <span class='ocrx_word' id='word_1_768' title='bbox 436 5032 580 5085; x_wconf 79' lang='lat' dir='ltr'><strong>Lucinam.</strong></span> <span class='ocrx_word' id='word_1_769' title='bbox 625 5031 659 5086; x_wconf 90' lang='lat' dir='ltr'><strong>In</strong></span> <span class='ocrx_word' id='word_1_770' title='bbox 682 5033 773 5103; x_wconf 91' lang='lat' dir='ltr'><strong>ipsum</strong></span> <span class='ocrx_word' id='word_1_771' title='bbox 800 5035 910 5104; x_wconf 81' lang='lat' dir='ltr'><strong>geniale</strong></span> <span class='ocrx_word' id='word_1_772' title='bbox 934 5036 1093 5115; x_wconf 83' lang='lat' dir='ltr'><strong>cubiculum</strong></span> <span class='ocrx_word' id='word_1_773' title='bbox 1106 5068 1109 5077; x_wconf 88' lang='lat'>·</span> <span class='ocrx_word' id='word_1_774' title='bbox 1120 5039 1206 5092; x_wconf 90' lang='lat' dir='ltr'><strong>instit.</strong></span> <span class='ocrx_word' id='word_1_775' title='bbox 1225 5054 1284 5101; x_wconf 85' lang='lat' dir='ltr'><strong>cap.</strong></span> <span class='ocrx_word' id='word_1_776' title='bbox 1306 5033 1399 5086; x_wconf 63' lang='lat'><strong>36:11</strong></span> <span class='ocrx_word' id='word_1_777' title='bbox 1417 5033 1551 5086; x_wconf 80' lang='lat' dir='ltr'><strong>ueteribus</strong></span> <span class='ocrx_word' id='word_1_778' title='bbox 1570 5037 1723 5093; x_wconf 78' lang='lat' dir='ltr'><strong>iaetittttam</strong></span> <span class='ocrx_word' id='word_1_779' title='bbox 1740 5051 1789 5112; x_wconf 70' lang='lat' dir='ltr'><strong>eat,</strong></span> <span class='ocrx_word' id='word_1_780' title='bbox 1806 5054 1837 5099; x_wconf 81' lang='lat' dir='ltr'><strong>ut</strong></span> <span class='ocrx_word' id='word_1_781' title='bbox 1854 5065 1950 5103; x_wconf 76' lang='lat' dir='ltr'><strong>sorra·</strong></span> 
     </span>
     <span class='ocr_line' id='line_1_57' title="bbox 262 5113 1949 5190; baseline 0.012 -21"><span class='ocrx_word' id='word_1_782' title='bbox 262 5113 449 5170; x_wconf 80' lang='lat' dir='ltr'><strong>inferebantur</strong></span> <span class='ocrx_word' id='word_1_783' title='bbox 472 5116 618 5171; x_wconf 89' lang='lat' dir='ltr'><strong>simulacra</strong></span> <span class='ocrx_word' id='word_1_784' title='bbox 646 5120 774 5187; x_wconf 90' lang='lat' dir='ltr'><strong>deorum,</strong></span> <span class='ocrx_word' id='word_1_785' title='bbox 801 5123 881 5173; x_wconf 85' lang='lat' dir='ltr'><strong>Daue</strong></span> <span class='ocrx_word' id='word_1_786' title='bbox 915 5122 1208 5190; x_wconf 75' lang='lat' dir='ltr'><strong>Virpz&#39;aeusis,}mcuto</strong></span> <span class='ocrx_word' id='word_1_787' title='bbox 1227 5135 1318 5186; x_wconf 69' lang='lat' dir='ltr'><strong>aqueae</strong></span> <span class='ocrx_word' id='word_1_788' title='bbox 1337 5124 1364 5170; x_wconf 82' lang='lat' dir='ltr'><strong>et</strong></span> <span class='ocrx_word' id='word_1_789' title='bbox 1383 5117 1459 5186; x_wconf 64' lang='lat' dir='ltr'><strong>teate</strong></span> <span class='ocrx_word' id='word_1_790' title='bbox 1475 5118 1638 5189; x_wconf 78' lang='lat' dir='ltr'><strong>nuptiarum</strong></span> <span class='ocrx_word' id='word_1_791' title='bbox 1654 5127 1949 5188; x_wconf 69' lang='lat' dir='ltr'><strong>foederaaaact&#39;ehar·</strong></span> 
     </span>
     <span class='ocr_line' id='line_1_58' title="bbox 261 5201 1949 5275; baseline 0.011 -20"><span class='ocrx_word' id='word_1_792' title='bbox 261 5201 405 5267; x_wconf 83' lang='lat' dir='ltr'><strong>Premiae,</strong></span> <span class='ocrx_word' id='word_1_793' title='bbox 429 5203 603 5273; x_wconf 83' lang='lat' dir='ltr'><strong>Pertundae,</strong></span> <span class='ocrx_word' id='word_1_794' title='bbox 631 5206 689 5258; x_wconf 83' lang='lat' dir='ltr'><strong>Dei</strong></span> <span class='ocrx_word' id='word_1_795' title='bbox 707 5207 820 5275; x_wconf 79' lang='lat' dir='ltr'><strong>aabjups‘</strong></span> <span class='ocrx_word' id='word_1_796' title='bbox 837 5214 889 5260; x_wconf 87' lang='lat' dir='ltr'><strong>ete.</strong></span> <span class='ocrx_word' id='word_1_797' title='bbox 910 5214 942 5261; x_wconf 90' lang='lat' dir='ltr'><strong>ut</strong></span> <span class='ocrx_word' id='word_1_798' title='bbox 960 5214 1094 5260; x_wconf 88' lang='lat' dir='ltr'><strong>memorat</strong></span> <span class='ocrx_word' id='word_1_799' title='bbox 1119 5216 1179 5267; x_wconf 86' lang='lat' dir='ltr'><strong>tur,</strong></span> <span class='ocrx_word' id='word_1_800' title='bbox 1198 5206 1275 5272; x_wconf 77' lang='lat' dir='ltr'><strong>qrtort</strong></span> <span class='ocrx_word' id='word_1_801' title='bbox 1297 5207 1393 5270; x_wconf 77' lang='lat' dir='ltr'><strong>foetur</strong></span> <span class='ocrx_word' id='word_1_802' title='bbox 1410 5205 1593 5260; x_wconf 79' lang='lat' dir='ltr'><strong>animantiam</strong></span> <span class='ocrx_word' id='word_1_803' title='bbox 1611 5211 1707 5266; x_wconf 81' lang='lat' dir='ltr'><strong>calore</strong></span> <span class='ocrx_word' id='word_1_804' title='bbox 1726 5222 1753 5267; x_wconf 84' lang='lat' dir='ltr'><strong>et</strong></span> <span class='ocrx_word' id='word_1_805' title='bbox 1772 5216 1892 5273; x_wconf 79' lang='lat' dir='ltr'><strong>humore.</strong></span> <span class='ocrx_word' id='word_1_806' title='bbox 1909 5241 1949 5275; x_wconf 81' lang='lat' dir='ltr'><strong>re·</strong></span> 
     </span>
     <span class='ocr_line' id='line_1_59' title="bbox 259 5285 1949 5373; baseline 0.008 -30"><span class='ocrx_word' id='word_1_807' title='bbox 259 5294 289 5343; x_wconf 84' lang='lat' dir='ltr'><strong>ct</strong></span> <span class='ocrx_word' id='word_1_808' title='bbox 306 5285 403 5341; x_wconf 88' lang='lat' dir='ltr'><strong>irridet</strong></span> <span class='ocrx_word' id='word_1_809' title='bbox 424 5288 598 5359; x_wconf 81' lang='lat' dir='ltr'><strong>Augustinus</strong></span> <span class='ocrx_word' id='word_1_810' title='bbox 623 5291 685 5347; x_wconf 93' lang='lat' dir='ltr'><strong>libr.</strong></span> <span class='ocrx_word' id='word_1_811' title='bbox 706 5298 729 5347; x_wconf 84' lang='lat'><strong>6.</strong></span> <span class='ocrx_word' id='word_1_812' title='bbox 753 5292 788 5346; x_wconf 92' lang='lat' dir='ltr'><strong>de</strong></span> <span class='ocrx_word' id='word_1_813' title='bbox 810 5292 884 5346; x_wconf 90' lang='lat' dir='ltr'><strong>civit.</strong></span> <span class='ocrx_word' id='word_1_814' title='bbox 901 5292 955 5346; x_wconf 87' lang='lat' dir='ltr'><strong>Dei</strong></span> <span class='ocrx_word' id='word_1_815' title='bbox 979 5308 1002 5344; x_wconf 87' lang='lat' dir='ltr'><strong>c.</strong></span> <span class='ocrx_word' id='word_1_816' title='bbox 1020 5300 1044 5345; x_wconf 84' lang='lat' dir='ltr'><strong>a.</strong></span> <span class='ocrx_word' id='word_1_817' title='bbox 1064 5297 1093 5345; x_wconf 90' lang='lat' dir='ltr'><strong>et</strong></span> <span class='ocrx_word' id='word_1_818' title='bbox 1113 5299 1254 5360; x_wconf 82' lang='lat' dir='ltr'><strong>pareatur</strong></span> <span class='ocrx_word' id='word_1_819' title='bbox 1281 5299 1307 5345; x_wconf 84' lang='lat' dir='ltr'><strong>et</strong></span> <span class='ocrx_word' id='word_1_820' title='bbox 1326 5292 1469 5344; x_wconf 82' lang='lat' dir='ltr'><strong>advitam</strong></span> <span class='ocrx_word' id='word_1_821' title='bbox 1488 5293 1653 5350; x_wconf 64' lang='lat' dir='ltr'><strong>asumuntur.</strong></span> <span class='ocrx_word' id='word_1_822' title='bbox 1690 5298 1755 5356; x_wconf 86' lang='lat' dir='ltr'><strong>Sine</strong></span> <span class='ocrx_word' id='word_1_823' title='bbox 1772 5302 1840 5373; x_wconf 84' lang='lat' dir='ltr'><strong>igne</strong></span> <span class='ocrx_word' id='word_1_824' title='bbox 1860 5307 1949 5363; x_wconf 65' lang='lat' dir='ltr'><strong>nullae</strong></span> 
     </span>
     <span class='ocr_line' id='line_1_60' title="bbox 258 5373 1949 5463; baseline 0.009 -36"><span class='ocrx_word' id='word_1_825' title='bbox 258 5373 306 5429; x_wconf 92' lang='lat' dir='ltr'><strong>lib.</strong></span> <span class='ocrx_word' id='word_1_826' title='bbox 327 5380 350 5427; x_wconf 80' lang='lat'><strong>7.</strong></span> <span class='ocrx_word' id='word_1_827' title='bbox 371 5389 394 5427; x_wconf 93' lang='lat' dir='ltr'><strong>c.</strong></span> <span class='ocrx_word' id='word_1_828' title='bbox 415 5378 456 5428; x_wconf 79' lang='lat' dir='ltr'><strong>tt.</strong></span> <span class='ocrx_word' id='word_1_829' title='bbox 492 5374 566 5429; x_wconf 92' lang='lat' dir='ltr'><strong>Vide</strong></span> <span class='ocrx_word' id='word_1_830' title='bbox 584 5375 690 5430; x_wconf 86' lang='lat' dir='ltr'><strong>Ludov.</strong></span> <span class='ocrx_word' id='word_1_831' title='bbox 712 5378 811 5433; x_wconf 86' lang='lat' dir='ltr'><strong>Vivem</strong></span> <span class='ocrx_word' id='word_1_832' title='bbox 835 5378 864 5431; x_wconf 92' lang='lat' dir='ltr'><strong>in</strong></span> <span class='ocrx_word' id='word_1_833' title='bbox 884 5394 982 5432; x_wconf 89' lang='lat' dir='ltr'><strong>comm.</strong></span> <span class='ocrx_word' id='word_1_834' title='bbox 997 5376 1045 5431; x_wconf 90' lang='lat' dir='ltr'><strong>lib.</strong></span> <span class='ocrx_word' id='word_1_835' title='bbox 1063 5382 1089 5431; x_wconf 86' lang='grc'><strong>4.</strong></span> <span class='ocrx_word' id='word_1_836' title='bbox 1103 5378 1175 5447; x_wconf 68' lang='grc' dir='ltr'><strong>Ιίὶιιιί</strong></span> <span class='ocrx_word' id='word_1_837' title='bbox 1190 5383 1305 5448; x_wconf 77' lang='lat' dir='ltr'><strong>pomunt</strong></span> <span class='ocrx_word' id='word_1_838' title='bbox 1328 5377 1533 5449; x_wconf 85' lang='lat' dir='ltr'><strong>generationes,</strong></span> <span class='ocrx_word' id='word_1_839' title='bbox 1551 5395 1625 5452; x_wconf 88' lang='lat' dir='ltr'><strong>aqua</strong></span> <span class='ocrx_word' id='word_1_840' title='bbox 1641 5383 1808 5455; x_wconf 73' lang='lat' dir='ltr'><strong>requiritur,</strong></span> <span class='ocrx_word' id='word_1_841' title='bbox 1825 5398 1862 5446; x_wconf 84' lang='lat' dir='ltr'><strong>ut</strong></span> <span class='ocrx_word' id='word_1_842' title='bbox 1882 5393 1949 5463; x_wconf 72' lang='lat' dir='ltr'><strong>igni.</strong></span> 
     </span>
     <span class='ocr_line' id='line_1_61' title="bbox 258 5458 1950 5541; baseline 0.007 -26"><span class='ocrx_word' id='word_1_843' title='bbox 258 5458 408 5529; x_wconf 76' lang='lat' dir='ltr'><strong>Augustin.</strong></span> <span class='ocrx_word' id='word_1_844' title='bbox 425 5474 485 5529; x_wconf 81' lang='lat' dir='ltr'><strong>cap.</strong></span> <span class='ocrx_word' id='word_1_845' title='bbox 505 5465 546 5516; x_wconf 80' lang='lat' dir='ltr'><strong>at.</strong></span> <span class='ocrx_word' id='word_1_846' title='bbox 582 5461 615 5515; x_wconf 87' lang='lat' dir='ltr'><strong>ln</strong></span> <span class='ocrx_word' id='word_1_847' title='bbox 631 5462 764 5519; x_wconf 84' lang='lat' dir='ltr'><strong>falsorum</strong></span> <span class='ocrx_word' id='word_1_848' title='bbox 783 5465 894 5519; x_wconf 90' lang='lat' dir='ltr'><strong>deorum</strong></span> <span class='ocrx_word' id='word_1_849' title='bbox 913 5462 1089 5518; x_wconf 88' lang='lat' dir='ltr'><strong>multitudine</strong></span> <span class='ocrx_word' id='word_1_850' title='bbox 1100 5460 1105 5491; x_wconf 73' lang='grc'><strong>·’</strong></span> <span class='ocrx_word' id='word_1_851' title='bbox 1117 5463 1218 5518; x_wconf 85' lang='lat' dir='ltr'><strong>haheat</strong></span> <span class='ocrx_word' id='word_1_852' title='bbox 1235 5464 1377 5535; x_wconf 88' lang='lat' dir='ltr'><strong>pabulum,</strong></span> <span class='ocrx_word' id='word_1_853' title='bbox 1397 5463 1581 5534; x_wconf 82' lang='lat' dir='ltr'><strong>significatam</strong></span> <span class='ocrx_word' id='word_1_854' title='bbox 1600 5467 1685 5539; x_wconf 87' lang='lat' dir='ltr'><strong>igitar</strong></span> <span class='ocrx_word' id='word_1_855' title='bbox 1702 5470 1766 5541; x_wconf 86' lang='lat' dir='ltr'><strong>fuit,</strong></span> <span class='ocrx_word' id='word_1_856' title='bbox 1786 5474 1850 5533; x_wconf 80' lang='lat' dir='ltr'><strong>sine</strong></span> <span class='ocrx_word' id='word_1_857' title='bbox 1869 5480 1950 5536; x_wconf 62' lang='lat' dir='ltr'><strong>mni·</strong></span> 
     </span>
    </p>
   </div>
   <div class='ocr_carea' id='block_1_3' title="bbox 0 0 2014 6022">
    <p class='ocr_par' dir='ltr' id='par_1_3' title="bbox 0 0 2014 6022">
     <span class='ocr_line' id='line_1_62' title="bbox 0 0 2014 6022; baseline 0 0"><span class='ocrx_word' id='word_1_858' title='bbox 0 0 2014 6022; x_wconf 95' lang='lat' dir='ltr'><strong> </strong></span> 
     </span>
    </p>
   </div>
  </div>
 </body>
</html>
