4020 6022
821 252 1093 317 accaronem.
1737 267 1798 328 sto

104 424 162 464 non
188 418 230 464 ert
256 410 410 481 separatim
428 430 482 482 pro
501 411 698 483 impedimento
712 414 862 482 ponendo,
891 414 944 465 sed
970 413 1076 482 merit,
1096 431 1159 470 cum
1178 415 1269 472 eidem
1284 416 1377 489 potius
1395 417 1431 472 sit
1449 416 1594 487 conmaria,
1620 421 1653 473 ut
1669 433 1720 472 suo
1737 416 1801 473 loco

104 498 158 550 cub
176 514 273 552 errore
290 499 560 568 comprehendenda,
580 499 648 568 quio
662 515 716 569 per
732 515 762 553 re
774 499 942 569 prohibitio·
968 500 1123 572 apparebit.
1178 504 1266 575 Atqui
1296 506 1408 560 decreta
1437 503 1630 568 conciliorum,
1668 520 1801 574 responsa

105 602 169 638 nem
186 603 242 640 non
260 585 377 651 inducit,
396 602 462 638 nam
481 584 558 639 nulli
577 586 691 639 dubium
706 593 755 654 eet,
774 587 852 655 quod
869 586 942 640 inter
968 587 1143 659 pontificum,
1172 589 1248 646 dicta
1271 596 1382 663 patrum
1418 610 1473 647 uon
1503 596 1634 662 poterunt
1652 589 1800 644 articulum

108 687 205 725 aereos
223 671 308 725 leodic
328 671 535 724 matrimonium
555 672 706 726 coneictere
716 679 809 741 poten
826 681 853 726 et
871 673 942 727 liter
968 673 1090 745 aliquem
1109 676 1175 731 fidei
1193 679 1312 733 condere
1331 677 1375 733 rel
1393 676 1599 743 conscientiam,
1622 675 1800 747 tranquillam

108 758 195 811 etiam
214 755 351 811 ancillam
364 757 475 821 ducere,
494 758 521 811 n·
531 758 591 827 scit,
610 758 701 827 ipsam
721 758 856 812 ancillam
874 773 943 825 erre,
969 761 1098 832 reddere,
1119 763 1180 823 ruisi
1200 781 1233 819 ex
1251 763 1334 819 verbo
1351 764 1407 819 Dei
1424 763 1571 834 perspicua
1588 761 1709 818 stolata
1724 762 1801 818 testi·

107 862 189 898 scats
205 845 232 897 ri
250 845 375 914 ipnoret,
407 851 433 897 ct
451 844 493 898 rio
512 861 593 898 error
610 845 782 899 conditionis
808 852 863 915 ert,
894 845 944 915 qui
969 850 1061 903 monia
1090 848 1250 904 afferantur.
1303 849 1384 914 Quod
1402 849 1613 905 Pontificiorum
1641 846 1734 919 opinio
1764 848 1801 902 sit

107 931 228 1000 impedit
244 930 463 998 matrimonium,
483 948 539 984 non
557 931 681 986 conditio
700 932 774 1003 ipsa.
803 931 942 986 Lutherus
969 933 1141 1011 ἀντίγραφοι
1170 935 1319 1006 probamus
1354 942 1377 990 1.
1408 952 1443 990 er,
1479 934 1588 989 diserta
1616 940 1642 989 et
1669 949 1801 1003 ειμι-οισι

107 1018 138 1072 in
156 1016 202 1073 lib.
222 1017 258 1074 de
276 1018 325 1073 vit.
344 1018 456 1088 conjug.
482 1034 545 1073 ann.
566 1023 641 1074 1522.
665 1018 729 1074 edit.
752 1023 818 1074 tom.
838 1024 862 1074 2.
879 1018 942 1074 Jen.
969 1021 1075 1075 Otrt'sti
1093 1023 1233 1077 decuione
1252 1021 1351 1077 Mettis
1372 1028 1412 1086 19,
1428 1038 1453 1077 v.
1473 1027 1503 1076 ιι
1538 1020 1622 1083 Quod
1639 1021 1718 1074 Deus
1737 1036 1800 1074 con·

107 1104 203 1161 Germ.
225 1105 245 1162 i.
271 1110 329 1161 151.
354 1103 501 1174 deprimis
525 1103 579 1157 illis
597 1103 705 1159 duobus
729 1104 941 1177 impedimentis,
961 1110 1073 1178 junrit,
1105 1110 1186 1164 tomo
1215 1127 1270 1164 non
1297 1116 1417 1178 separet.
1465 1108 1531 1164 Jam
1547 1123 1613 1163 reru
1640 1107 1800 1178 conjugium

108 1208 201 1248 errore
219 1197 248 1247 et
265 1191 432 1259 conditione,
449 1190 488 1245 sic
507 1191 684 1260 pronuntiat:
722 1193 849 1263 Statium
873 1192 943 1263 tritt
969 1212 1071 1266 eorum,
1089 1196 1138 1266 qui
1156 1201 1303 1266 postquam
1320 1201 1415 1250 votum
1433 1193 1619 1250 continentiae
1641 1192 1799 1262 emiserunt,

110 1293 187 1335 tastut
208 1279 260 1335 mit
282 1277 433 1349 Raibatittu
451 1279 584 1334 ιιιιιιιιι
610 1279 697 1335 toiitbe
714 1280 768 1334 aab
786 1279 871 1348 itqtctt
890 1279 942 1334 tuit
969 1283 1040 1337 dono
1071 1283 1118 1337 illo
1148 1298 1208 1337 sese
1230 1280 1378 1338 destitutos
1398 1281 1649 1336 animadvertentes
1676 1279 1800 1352 conjugii

110 1368 262 1424 ”attatum
278 1366 324 1434 bei,
344 1366 395 1421 tut
414 1380 474 1436 maq
492 1380 555 1421 ιιιιιι
574 1366 700 1437 paritet
719 1367 773 1422 unt
792 1366 832 1421 tis
849 1368 943 1422 antae
968 1369 1121 1424 remedium
1142 1369 1274 1423 divinitus
1293 1369 1363 1437 illis,
1395 1369 1443 1440 qui
1462 1373 1596 1437 uruntur,
1627 1366 1799 1438 propositum

112 1454 201 1521 itam.
238 1454 351 1523 aalma
380 1453 466 1524 tritt,
494 1462 568 1509 aaut
595 1453 629 1523 iq
656 1453 712 1508 eins
737 1454 827 1524 trime
851 1453 890 1507 tis
909 1454 942 1508 ta
969 1459 1146 1527 arripuerunt
1163 1462 1192 1511 et
1209 1454 1292 1511 fidem
1314 1456 1490 1528 conjugalem
1509 1455 1640 1511 honestae
1665 1469 1800 1525 personae

111 1540 162 1607 itti
182 1540 234 1610 [sia
253 1541 406 1610 latitanti
429 1540 536 1609 letitie
555 1540 599 1610 stri
618 1540 733 1610 betuaci,
761 1540 862 1609 battis
881 1539 942 1595 tetus
969 1542 1120 1608 dederunt,
1156 1541 1282 1610 illorum,
1314 1542 1442 1614 inquam,
1468 1540 1630 1613 conjugium
1646 1546 1689 1596 est
1707 1539 1800 1594 divina

111 1628 184 1697 ripen
202 1629 282 1692 tuito,
302 1627 439 1697 tuigrisl
459 1628 520 1696 aad)
540 1627 681 1697 mollita
724 1625 792 1682 ilict
809 1626 843 1695 itit
864 1626 942 1696 tulit,
970 1629 1137 1698 conjunctio.
1186 1628 1262 1701 Ergo
1285 1627 1407 1683 humana
1429 1628 1595 1683 auctoritate
1611 1627 1734 1698 separari
1753 1643 1799 1682 ne-

111 1725 152 1771 mo
167 1713 381 1786 rbtiiilirbeilitie
401 1714 478 1781 tolits,
499 1705 592 1768 litate
605 1714 648 1768 ιιι
664 1713 752 1771 iliutut
773 1712 837 1779 title
856 1713 943 1768 betica
953 1731 1107 1817 quaquam
1137 1713 1229 1770 debet.
1280 1714 1423 1785 Quidquid
1456 1714 1491 1770 de
1522 1721 1588 1769 soto
1615 1712 1801 1768 continentiae

110 1804 235 1874 liquarit
263 1800 379 1870 {ciuilia
405 1801 518 1868 tutan,
551 1800 601 1868 tat
630 1800 698 1855 ltine
727 1799 804 1870 quote
820 1799 890 1869 acta
910 1780 956 1855 ιι1
968 1800 1012 1855 hic
1037 1801 1176 1871 excipiant
1199 1800 1353 1868 Pontificii,
1383 1801 1418 1855 sd
1442 1800 1513 1855 illud
1536 1800 1620 1856 facile
1639 1799 1800 1871 responderi

110 1892 191 1946 tolitr.
229 1889 297 1957 aaa
324 1887 350 1955 io
378 1886 494 1956 primicii
524 1886 617 1955 tolmai
644 1884 730 1941 britti
753 1886 807 1954 isti
823 1885 944 1953 trimeter,
968 1892 1059 1958 potest
1078 1904 1111 1942 ex
1134 1887 1202 1955 illis,
1228 1886 1353 1958 quaeda
1373 1894 1436 1942 roto
1462 1887 1515 1942 isto
1534 1879 1686 1943 coelibatus
1705 1887 1798 1957 dispu-

112 1978 173 2033 obtt
192 1989 240 2046 qut
260 1974 346 2043 Ῐιῐιιιι,
366 1973 419 2027 uttb
440 1972 470 2041 itt
488 1971 574 2028 tates
593 1972 661 2042 tacti
678 1985 709 2042 ιιι
727 1971 835 2042 [siitu'
828 1986 857 2028 ιιι
875 1971 943 2039 eine,
968 1979 1027 2028 tata
1057 1979 1123 2028 sunt
1158 1974 1293 2044 superius.
1341 1976 1367 2031 2.
1397 1975 1444 2028 En
1462 1974 1625 2045 'apostolica
1648 1974 1731 2044 liujus
1750 1975 1798 2026 de·

111 2063 222 2131 ttlitttlirb
256 2061 284 2117 itt
314 2060 450 2130 Qttilutt.
502 2057 701 2130 Coujungimus
737 2063 830 2113 autem
867 2057 943 2113 hisce
968 2061 1083 2115 cisionis
1103 2061 1275 2130 repetitione.
1295 2058 1390 2116 icor.
1409 2067 1434 2129 7,
1452 2078 1479 2114 ι.
1502 2061 1616 2125 10:12³,
1634 2060 1795 2129 quimatri·

113 2149 223 2205 duobus
244 2146 447 2217 impedimentis
465 2144 553 2200 libero
572 2145 718 2199 consensui
731 2144 865 2215 oppositis
885 2144 942 2200 duo
969 2148 1062 2203 monio
1074 2148 1171 2218 juncti
1187 2154 1259 2215 sant,
1273 2145 1422 2216 praecipio
1438 2163 1496 2200 non
1507 2163 1566 2214 epo,
1576 2148 1630 2200 red
1642 2147 1798 2201 Dominae.-

112 2237 183 2305 alia,
216 2234 345 2289 videlicet
380 2239 402 2290 1.
433 2235 574 2297 desectum
603 2248 752 2287 corweneue
777 2232 894 2301 paterni
914 2232 942 2285 in
973 2236 1048 2290 Uror
1065 2254 1084 2289 a
1102 2234 1230 2288 uironon
1247 2234 1383 2303 discedat,
1401 2241 1426 2287 et
1442 2233 1487 2287 air
1504 2249 1619 2287 uuorem
1638 2251 1694 2288 non
1707 2233 1800 2287 dimit-

111 2323 215 2395 nuptiis
247 2321 397 2376 liberorum
428 2318 480 2374 sub
512 2324 658 2389 parentum
675 2319 821 2389 'potestate
852 2316 943 2371 adbuc
969 2331 1018 2380 tat,
1068 2323 1143 2395 Ergo
1173 2321 1220 2392 qui
1250 2324 1315 2391 post
1341 2326 1437 2375 votum
1472 2319 1658 2374 continentiae
1689 2319 1801 2390 nuptiae

111 2411 339 2474 constitutorum,
370 2412 484 2476 propter
514 2420 597 2477 quem
628 2404 832 2459 matrimonium
863 2403 942 2460 reddi
969 2409 1158 2479 celebrarunt,
1190 2426 1246 2464 non
1273 2407 1377 2464 debent
1403 2424 1421 2463 a
1446 2425 1477 2464 se
1508 2408 1627 2464 invicem
1651 2407 1800 2464 discedere.

110 2497 232 2561 irritum,
264 2492 433 2548 ostendimus
461 2491 587 2562 superius
615 2508 639 2545 c.
659 2497 683 2546 l.
713 2495 778 2545 sect·
806 2497 829 2547 1.
849 2496 899 2544 art.
920 2496 942 2545 l·
969 2501 996 2557 3,
1018 2500 1065 2551 Ea
1084 2499 1144 2551 coti
1160 2497 1244 2565 injur
1261 2496 1429 2550 conditione.
1470 2493 1647 2549 Ostendimus
1664 2510 1715 2548 suo
1731 2494 1801 2562 loco,

111 2583 139 2657 Q.
161 2590 202 2639 59.
223 2586 247 2636 2.
273 2573 396 2634 errorem
418 2579 565 2648 qualitatt'c
591 2578 801 2642 mbatomiatir,
831 2576 943 2648 1111111110
969 2585 1072 2640 donum
1097 2582 1284 2638 continentiae
1311 2598 1370 2637 esse
1395 2580 1528 2651 speciale,
1558 2581 1669 2653 dequo
1693 2581 1801 2636 nullum

112 2669 174 2741 quis
207 2666 285 2722 ducit
310 2680 495 2736 compressam
522 2661 559 2717 111)
579 2663 647 2733 11110,
681 2679 763 2734 (11111111
783 2670 865 2733 putat
882 2679 942 2718 0⁸³0
970 2676 1061 2728 exstet
1080 2670 1255 2736 mandatum,
1285 2666 1360 2739 quod
1380 2669 1473 2722 voveri
1492 2668 1608 2732 debeat,
1641 2666 1720 2722 nulla
1738 2683 1800 2738 pra·

111 2755 256 2827 virginem,
275 2758 388 2823 propter
402 2768 484 2823 quem
503 2750 598 2805 itidem
613 2749 820 2804 dissolutionem
834 2755 942 2818 aparte
970 2758 1071 2827 missio,
1091 2756 1166 2828 quod
1185 2770 1278 2809 omnes
1296 2753 1367 2808 illud
1385 2754 1573 2811 desiderantes
1593 2758 1622 2808 ei
1641 2759 1800 2825 expetentes

112 2844 258 2897 innocente
278 2838 335 2910 peti
352 2855 441 2909 posse
461 2836 708 2892 demonstravimus
728 2835 854 2907 superius
873 2851 896 2890 c.
916 2842 941 2892 4.
969 2843 1098 2917 precibus
1118 2843 1212 2898 nDeo
1231 2842 1377 2913 impetrare
1396 2842 1516 2912 possint,
1544 2840 1612 2911 quin
1628 2840 1719 2911 potius
1737 2840 1799 2909 illis,

112 2933 221 2985 secti
240 2933 290 2981 art
311 2932 334 2982 '2
353 2924 382 2997 {i
405 2930 460 2981 111
969 2931 1017 3004 qui
1047 2930 1188 2986 continere
1216 2935 1358 3000 nequeunt
1383 2935 1413 2983 et
1437 2929 1559 2983 ustiones
1576 2926 1708 2991 sentiant,
1734 2944 1799 2982 con·

63 3044 98 3074 ιιι
148 3020 207 3072 643.
243 3017 270 3071 3
300 3015 408 3079 Votum,
436 3010 543 3065 scilicet
559 3011 715 3081 retipionie.
758 3010 978 3083 Distinguunt·
965 3019 1038 3092 Jugii
1069 3017 1221 3073 remedium
1250 3015 1382 3071 divinitus
1412 3021 1455 3071 est
1471 3015 1679 3086 praescriptum.
1723 3013 1799 3085 Ergo

63 3100 206 3159 autem
225 3102 297 3157 inter
314 3107 407 3156 votum
424 3099 611 3154 continentiae
633 3099 750 3168 iimpler
775 3103 803 3153 et
821 3099 941 3152 solenne.
969 3107 1017 3179 qui
1037 3109 1139 3160 temere
1157 3109 1185 3159 et
1201 3102 1323 3156 nondum
1343 3101 1410 3157 nafis
1431 3100 1579 3172 exploratio
1596 3100 1701 3156 viribus
1729 3100 1799 3155 illud

112 3192 218 3249 Votum
235 3188 351 3260 simplex
370 3193 496 3242 statuunt
507 3188 643 3257 impedere
655 3186 860 3241 matrimonium
878 3203 941 3239 con·
970 3192 1176 3266 praestiterunt,
1196 3189 1219 3243 ιι
1237 3190 1339 3244 malum
1358 3189 1474 3245 ιιιιοιιιι
1493 3196 1521 3245 et
1532 3188 1685 3259 perieulum
1697 3192 1798 3243 scorta·

112 3279 293 3345 trahendum,
324 3277 451 3330 sednon
475 3275 626 3329 dimitere
654 3275 860 3328 matrimonium
874 3281 942 3344 11011
968 3280 1051 3336 tionis
1067 3279 1196 3342 sentiant,
1213 3274 1584 3332 nullavotiratiouehabita
1595 3274 1798 3330 matrimonium

111 3373 204 3420 uotum
236 3369 426 3429 contractum·
454 3369 544 3415 uotum
574 3361 687 3415 solenne
717 3362 852 3429 judicant
885 3367 1130 3423 aon.00ntrnhere
1154 3370 1277 3436 possunt.
1327 3368 1351 3418 t.
1378 3366 1425 3417 Ea
1443 3363 1616 3417 matrimonii
1642 3380 1661 3416 a
1679 3362 1799 3416 notariis

110 3460 218 3506 tantum
240 3450 378 3522 impedire
400 3447 609 3502 matrimonium
630 3448 863 3514 contrabendum,
891 3451 942 3502 seri
969 3455 1029 3510 alie
1041 3453 1179 3507 conatuai
1185 3449 1380 3521 permistione.
1398 3449 1655 3505 Demonstravimus
1663 3448 1797 3520 superius,

110 3539 193 3594 etiam
224 3537 375 3591 absoluere
402 3535 612 3589 matrimonium
633 3543 700 3606 port
730 3537 821 3604 speum
850 3544 940 3590 uotum
969 3540 1043 3614 quod
1062 3544 1157 3593 votum
1177 3536 1333 3592 coelibatus
1352 3536 1456 3591 nemini
1474 3535 1577 3592 debeat
1595 3552 1655 3591 esse
1673 3535 1798 3608 laqueus,

110 3626 288 3680 celebratum.
342 3622 526 3678 Bellarminus
560 3621 594 3690 de
634 3621 807 3677 matrimonio
839 3639 862 3678 c.
899 3627 941 3678 21.
969 3644 1023 3700 quo
1061 3627 1102 3681 ita
1137 3624 1302 3681 constrictus
1331 3627 1472 3688 teneatur,
1510 3629 1541 3678 ut
1566 3623 1672 3678 etiamsi
1702 3627 1800 3693 postea

112 3712 193 3778 Quod
213 3716 305 3766 votum
324 3708 440 3781 simplex
458 3726 514 3763 non
534 3708 645 3763 dirimat
664 3708 867 3764 matrimonium
878 3715 941 3780 post
968 3712 1137 3787 gravissimis
1172 3711 1291 3767 Satanae
1324 3710 1524 3766 tentationibus
1557 3718 1670 3782 propter
1706 3709 1799 3764 incon·

110 3806 207 3855 votum
218 3803 397 3865 contractum,
409 3795 528 3850 libenter
538 3800 722 3866 acceptamus.
746 3795 940 3862 Quaestionem
967 3800 1113 3857 ιιιιιιιιιιιιι
1130 3798 1285 3868 subjectus,
1315 3797 1431 3852 ustionis
1456 3796 1587 3865 flammis,
1610 3795 1798 3851 fornicationis

111 3885 238 3958 priorem,
258 3900 293 3938 au
310 3889 403 3937 votum
418 3881 604 3937 continentiae
625 3882 739 3953 simplex
757 3882 883 3938 absolute
909 3899 941 3938 ac
968 3886 1099 3959 periculo,
1120 3883 1320 3955 pollutionibus
1339 3884 1429 3938 carnis
1447 3890 1475 3938 et
1496 3900 1567 3955 quae
1581 3900 1615 3938 ex
1627 3883 1800 3939 immunditie

111 3971 273 4044 simpliciter
312 3969 447 4040 impediat
476 3970 679 4024 matrimonium
715 3969 940 4035 contrahendum,
968 3972 1145 4044 consequitur
1163 3970 1312 4041 perditioni
1330 3970 1451 4042 corporis
1471 3976 1500 4025 et
1518 3971 1627 4026 mimae
1644 3970 1798 4041 expositum

110 4059 232 4115 breviter
247 4057 426 4111 tractavimus
448 4072 471 4113 c.
494 4062 516 4111 t.
535 4057 634 4112 memb.
659 4062 682 4113 2.
709 4063 760 4111 art.
780 4059 811 4112 ’1.
835 4059 862 4131 Q.
882 4063 941 4115 229.
968 4076 1027 4114 sese
1047 4059 1153 4127 videat,
1184 4062 1278 4112 tamen
1308 4073 1363 4111 non
1390 4056 1477 4128 possit
1509 4072 1543 4111 ex
1573 4073 1606 4112 eo
1631 4056 1741 4112 liberari
1771 4062 1799 4113 et

86 4146 194 4202 ’latius
213 4161 277 4199 vero
296 4143 412 4198 eandem
433 4143 594 4214 exponimus
613 4151 641 4198 et
654 4144 759 4199 idoneis
771 4145 941 4215 argumentis
968 4145 1113 4215 extricari,
1134 4144 1182 4200 sed
1201 4144 1226 4198 si
1244 4143 1386 4199 continere
1405 4150 1544 4215 nequeant
1562 4149 1591 4200 et
1605 4150 1731 4213 urantur,
1750 4144 1798 4216 qui

111 4231 271 4304 negativam
289 4230 459 4302 quaestionis
479 4237 584 4300 partem
604 4229 826 4285 confirmavimus
847 4248 869 4286 o.
904 4238 940 4288 10.
967 4232 1165 4289 continentiam
1182 4230 1344 4303 virginalem
1360 4231 1471 4285 incaute
1497 4236 1648 4301 voverunt,
1675 4230 1797 4303 conjugii

113 4323 181 4374 sect.
204 4323 225 4371 l.
244 4316 269 4389 Q.
289 4323 347 4372 545.
396 4316 592 4382 Quaestionem
610 4317 724 4372 alteram
744 4316 779 4372 de
795 4324 859 4372 voto
877 4333 939 4373 cou-
965 4320 1117 4377 remedium
1143 4318 1263 4389 arripere
1290 4334 1379 4389 posse.
1424 4322 1449 4372 5.
1470 4318 1516 4371 Ec
1540 4319 1639 4373 ueteric
1666 4319 1799 4373 ecclesiae

109 4403 243 4461 ιιιιιιιιιιι
277 4403 397 4471 solenni,
428 4420 464 4459 an
496 4403 605 4458 dirimat
645 4403 849 4459 matrimonium
877 4412 941 4477 post
968 4407 1172 4477 testificatione,
1204 4422 1287 4476 quam
1317 4405 1510 4475 proposuimus
1540 4421 1564 4461 c.
1606 4411 1644 4461 10.
1682 4410 1747 4460 sect.
1777 4411 1799 4461 1.

109 4499 205 4548 votum
223 4496 409 4561 contractum,
437 4490 558 4546 breviter
575 4491 718 4562 attigimus
739 4508 762 4551 c.
782 4498 806 4547 5.
825 4493 939 4549 membr.
967 4491 994 4568 Q.
1015 4499 1073 4549 551.
1118 4496 1142 4546 6.
1171 4493 1217 4545 Er
1239 4492 1365 4561 ipsorum
1390 4492 1618 4546 aduersariorum
1647 4491 1797 4564 ippotlteci.

110 4586 136 4636 2.
162 4587 212 4634 art.
242 4584 264 4633 1.
290 4574 318 4651 Q
346 4583 403 4634 229.
428 4577 476 4631 illa
496 4576 581 4648 igitur
600 4577 653 4633 boc
677 4578 737 4634 loco
767 4579 876 4649 plenius
896 4598 939 4636 ex·
966 4579 1174 4635 Matrimonium
1197 4584 1261 4649 post
1282 4582 1377 4633 votum
1405 4579 1523 4649 rimptee
1546 4582 1718 4633 contractum
1744 4594 1800 4632 non

109 4665 241 4738 plicanda
259 4670 352 4720 restat.
392 4664 544 4720 statuimus
562 4664 656 4735 igitur,
686 4664 859 4720 matrimonia
878 4674 941 4737 post
966 4667 1092 4723 redditur
1110 4665 1225 4720 irritum.
1254 4664 1328 4736 Ergo
1345 4680 1397 4720 nec
1408 4665 1613 4720 matrimonium
1625 4671 1689 4736 post
1705 4671 1800 4720 votum

109 4759 203 4809 votum
222 4750 333 4807 solenne
351 4750 536 4806 continentiae
555 4758 698 4806 contracta
709 4770 764 4807 non
784 4769 843 4808 esse
861 4752 941 4808 irrita
952 4772 955 4811 ;
966 4755 1078 4809 roicnne
1098 4757 1270 4807 contractum
1290 4751 1373 4808 debet
1392 4751 1471 4807 reddi
1491 4751 1606 4806 irritum.
1652 4750 1797 4807 &tionem

109 4858 162 4896 nec
182 4838 370 4907 dissolvenda,
396 4855 478 4909 quam
499 4837 664 4892 sententium
682 4839 830 4909 probamus
851 4840 940 4911 dupli·
952 4828 955 4839 ’
967 4839 1184 4910 consequentiae
1202 4838 1298 4893 damus
1320 4837 1406 4902 hanc,
1439 4837 1505 4909 quia
1524 4843 1622 4893 rotum-
1642 4837 1754 4893 solenne
1783 4855 1800 4894 a

110 4927 191 4983 citer:
212 4933 233 4981 1.
256 4941 289 4980 ex
308 4941 349 4990 eo,
368 4924 443 4996 quod
468 4924 604 4979 contraria
622 4924 829 4981 Pontificiorum
847 4927 940 4998 opinio
967 4926 1085 4998 simplici
1115 4943 1171 4980 non
1196 4923 1375 4997 distinguitur
1391 4924 1587 4994 essentialiter,
1618 4923 1667 4978 sed
1691 4929 1799 4980 tantum

109 5010 180 5069 sit
163 5017 343 5090 α)ραᾳος,2
363 5010 437 5082 quod
457 5011 493 5065 sit
510 5010 688 5085 ἀντίγραφοι.
713 5012 861 5085 ityooqou
880 5031 955 5069 eam
953 5013 1188 5078 accidentaliter,
1215 5030 1266 5067 nec
1284 5028 1376 5067 coram
1394 5012 1470 5081 Deo,
1501 5011 1550 5065 sed
1570 5015 1678 5065 tantum
1706 5028 1799 5068 coram

63 5112 94 5154 ιο.
109 5117 168 5156 esse
191 5099 274 5154 tacite
300 5098 426 5153 concedit
449 5097 646 5169 Bellarminus,
679 5100 790 5171 quando
815 5100 886 5155 enim
907 5118 955 5156 ex
952 5100 1091 5173 ecclesia,
1110 5105 1142 5154 ut
1161 5117 1194 5154 ex
1213 5117 1270 5170 seq.
1289 5098 1445 5170 apparebit.
1466 5097 1622 5169 Polydorus
1640 5097 1717 5170 Virg.
1738 5098 1756 5152 l.
1776 5105 1799 5155 7.

107 5186 232 5258 professo
264 5190 367 5240 tractat
395 5184 466 5239 hanc
496 5186 687 5257 quaestionem
717 5187 765 5243 lib
798 5187 832 5243 de
862 5194 939 5244 matr
952 5162 1001 5242 lde
1019 5187 1121 5242 invent
1140 5203 1163 5240 c.
1183 5191 1215 5241 2:
1241 5186 1334 5239 Diuus
1351 5185 1526 5254 Aupuetinus
1538 5184 1652 5240 Basilio
1672 5185 1799 5256 aequalia

106 5292 129 5330 c.
149 5280 189 5330 21.
209 5289 286 5345 prop.
309 5278 331 5328 l.
349 5271 455 5327 nullum
470 5291 520 5344 pro
547 5273 713 5329 adstruenda
734 5292 785 5330 sus
810 5275 939 5346 opinione
965 5275 1113 5345 permultic
1130 5273 1288 5328 rationibue
1305 5273 1443 5343 probamt,
1463 5272 1602 5327 connubia
1622 5279 1798 5341 portuosum

105 5359 189 5415 affert
207 5359 372 5428 Scripturas
393 5360 504 5427 dictum,
522 5360 570 5415 sed
591 5359 726 5415 duntaxat
746 5362 937 5417 auctoritatem
967 5368 1111 5417 contracta
1131 5377 1187 5413 non
1207 5359 1305 5413 debere
1319 5358 1424 5426 dirimi,
1443 5366 1473 5410 ut
1491 5359 1521 5412 in
1539 5360 1612 5414 decr.
1626 5360 1670 5414 27.
1688 5375 1713 5426 q.
1733 5360 1756 5412 1.
1775 5374 1798 5413 c.

103 5447 299 5508 conciliorum,
333 5446 510 5515 pontificum,
548 5453 663 5517 pertram
670 5487 678 5513 ,
710 5446 754 5501 eui
795 5446 940 5519 subjungit
968 5448 1140 5518 Nuptiarum
1177 5452 1273 5502 arctat.
1330 5443 1481 5500 Gratianus
1516 5452 1579 5516 post
1609 5461 1632 5500 c.
1665 5443 1743 5500 Diae.
1777 5449 1799 5499 1.

103 5532 245 5609 quandam
274 5532 423 5599 rationem,
453 5550 535 5606 quam
566 5549 599 5587 er
629 5531 714 5589 rcrbo
743 5532 798 5589 Dei
827 5534 938 5590 ductam
953 5528 1032 5594 ldist.
1054 5539 1101 5589 tt:
1122 5533 1157 5589 si
1176 5534 1310 5589 ciiaconus
1329 5551 1348 5586 a
1365 5533 1520 5588 ministerio
1538 5548 1646 5587 cessare
1672 5530 1799 5597 uoluerit,
