4020 6022
203 314 263 372 eet
776 304 898 363 LOCUS
915 303 1119 365 mensurus
1135 302 1305 369 QUINTUS

201 465 253 517 sesi
265 462 350 516 simui
366 461 532 530 aermnae,
559 460 722 528 pressissime
735 476 855 530 peccare
873 478 934 529 eos,
959 474 1032 529 ossae
1094 464 1153 517 553.
1189 459 1362 531 Argumenta
1384 458 1604 528 pontificiorum,
1627 458 1730 530 quibus
1756 461 1897 531 ejusmodi
1910 466 1955 515 trs·

197 556 265 619 post
284 558 377 604 ootrnn
393 548 505 603 namet.
543 546 765 617 Respondemus:
788 546 816 601 in
834 563 867 602 eo
884 544 1030 601 tamenab
1058 546 1168 619 nuptias
1186 545 1356 602 damnabiles
1372 562 1405 601 ao
1419 545 1596 601 detestandas
1615 562 1676 602 esse
1695 546 1820 613 probare
1838 553 1897 603 sat-
1908 526 1955 609 iiii

204 634 370 690 adversariis
389 632 530 701 dissentit,
553 632 625 703 quod
644 632 756 704 nuptias
775 632 837 688 illas
857 633 954 688 statuit
972 649 1031 688 esse
1057 638 1158 704 agunt,
1183 632 1335 704 praecipua
1355 631 1460 688 isthaec
1479 630 1631 702 habentur,
1651 639 1673 688 l.
1694 650 1729 687 er
1745 634 1806 688 voti
1825 634 1896 690 etli-
1907 631 1955 713 {¹⁰22

203 729 292 790 ratas,
314 737 382 792 quaa
401 719 441 774 illi
461 718 566 774 nefarie
585 718 747 776 dissolvunt.
787 719 868 784 Quod
887 719 1029 775 Bellarmi·
1056 720 1178 790 potione.
1215 719 1355 790 Scriptum
1384 726 1440 775 est:
1467 720 1567 774 Redde
1592 720 1742 775 auterno
1760 729 1827 775 sesa
1846 728 1955 817 mim

200 827 253 864 nus
272 808 317 863 hic
335 806 480 878 distinguit
503 806 576 862 inter
592 806 644 875 jes
664 806 787 861 divinam
813 823 846 862 ac
865 807 1029 862 eoeluioeti·
1057 807 1142 863 Dent.
1160 810 1208 870 23,
1231 822 1257 861 v.
1273 811 1314 862 tl.
1346 805 1448 869 Psalm.
1467 811 1614 869 76,v.12.
1639 804 1749 862 acela.
1769 813 1799 872 5,
1825 824 1851 861 r.
1871 812 1951 868 tm,

199 914 269 963 essm,
287 901 316 948 et
332 893 536 948 matrimonium
550 899 613 964 post
624 897 718 947 votum
735 892 848 948 solenne
858 898 1030 949 contractum
1057 893 1121 950 Era
1147 897 1192 963 19,
1222 911 1248 947 r.
1267 898 1308 948 21.
1353 891 1537 947 Bellarminns
1565 892 1601 947 de
1618 890 1738 949 matrim.
1767 908 1833 965 cap.
1854 899 1894 949 21.

193 984 261 1052 jare
288 982 384 1035 divino
409 997 469 1035 esse
495 986 600 1049 ratum,
624 981 692 1050 jore
719 980 923 1045 eeclesiastico,
950 980 1029 1050 cujus
1056 995 1136 1051 prop.
1159 984 1188 1035 l:
1216 979 1315 1034 Votum
1337 985 1490 1048 perpetuos
1512 978 1700 1032 continentiae
1717 985 1759 1032 est
1776 978 1893 1033 tr'os'trnn.

199 1067 299 1123 notitia
317 1068 353 1122 ad
370 1067 559 1138 Augustinum
579 1081 634 1121 nen
652 1065 816 1136 pervenerit,
835 1065 1029 1134 maieritum,
1058 1069 1138 1136 Erpa
1158 1066 1325 1120 emendem
1345 1072 1398 1128 est,
1422 1081 1482 1117 eom
1502 1063 1653 1135 Scriptura
1670 1066 1761 1133 sinat,
1778 1064 1807 1119 si
1824 1066 1895 1136 qaid

198 1155 234 1209 de
252 1171 285 1209 eo
304 1152 418 1209 inferius
442 1170 566 1225 agemus.
608 1153 705 1223 Neque
726 1152 788 1207 ideo
810 1153 945 1208 nubentes
967 1155 1032 1224 post
1056 1153 1175 1216 eoobti,
1201 1168 1236 1205 ne
1255 1151 1374 1206 moreris
1393 1151 1520 1208 reddere.
1566 1151 1606 1205 As
1622 1152 1709 1205 reddi
1727 1168 1785 1205 non
1800 1160 1893 1221 potest

201 1246 297 1296 votum
322 1256 441 1311 peccare
461 1239 634 1310 Augustinus
653 1236 833 1305 existimavit,
858 1238 1030 1309 quodnube-
1056 1248 1149 1294 oetam
1167 1238 1351 1294 conanentios
1376 1239 1412 1291 ab
1437 1255 1484 1304 ee,
1509 1238 1559 1308 qui
1582 1255 1698 1293 onmem
1715 1239 1804 1293 steen.
1840 1238 1892 1293 Re·

202 1330 272 1394 rent,
290 1326 360 1381 alies
371 1325 440 1381 talia
456 1324 630 1380 matrimonia
647 1328 708 1378 rate
725 1341 780 1381 non
798 1341 858 1380 esse
867 1324 1029 1394 judicasset,
1057 1326 1241 1397 spondemus:
1260 1323 1327 1396 quid
1349 1324 1384 1379 de
1402 1323 1495 1395 papali
1512 1323 1665 1381 coelibatus
1684 1330 1751 1380 voto
1769 1331 1891 1380 stamen·

201 1413 249 1468 sed
269 1412 342 1482 quod
360 1429 378 1466 a
399 1411 536 1466 sanctiore
558 1410 631 1464 vitae
649 1410 789 1481 proposito
815 1429 876 1465 eum
896 1410 1030 1466 eeclesiae
1057 1413 1123 1466 dum
1142 1411 1191 1476 sit,
1209 1427 1242 1466 ex
1262 1410 1332 1479 illis,
1360 1426 1432 1481 quae
1451 1409 1584 1465 hactenus
1603 1410 1681 1465 dieta
1696 1416 1779 1479 sunt,
1807 1411 1890 1466 mani·

201 1499 334 1555 seandalo
352 1498 489 1554 resilirent
509 1502 537 1551 et
555 1496 638 1551 fidem
655 1497 749 1552 damen
768 1497 919 1561 violarent.)
951 1497 1030 1551 Idem
1056 1497 1158 1553 festum
1176 1502 1234 1565 est,
1254 1496 1353 1568 quodsi
1372 1514 1439 1568 ergo
1455 1513 1517 1550 eum
1535 1494 1732 1552 additamentis
1750 1497 1810 1552 istis
1827 1515 1890 1553 con·

202 1585 378 1658 Augustinus
404 1584 434 1637 in
452 1582 513 1638 libr.
532 1583 567 1639 de
583 1583 689 1639 haeres.
709 1584 744 1638 ad
765 1583 934 1650 Quodvultd.
955 1583 1030 1638 haer.
1057 1591 1100 1640 tra
1131 1582 1247 1647 verbum
1284 1581 1338 1639 Dei
1375 1582 1564 1655 pugnantibus
1602 1589 1698 1640 votum
1737 1583 1889 1640 coelibatus

201 1678 242 1728 te.
261 1667 407 1726 haereticis
426 1669 589 1738 apostolicis
605 1669 699 1737 dictis,
720 1669 768 1740 qui
787 1687 842 1725 non
861 1669 1031 1742 recipiebant
1056 1674 1212 1742 praestetur
1228 1674 1258 1724 et
1277 1674 1409 1735 servetur,
1427 1670 1489 1724 Deo
1503 1668 1616 1742 probari
1634 1671 1743 1742 nequit.
1782 1671 1814 1726 Si
1832 1672 1888 1743 opi-

201 1759 229 1812 in
260 1772 339 1811 suam
368 1755 588 1810 communionem
617 1760 727 1811 utentes
751 1756 917 1828 conjugibus
941 1761 969 1811 et
987 1721 1152 1812 resinionos
1170 1762 1199 1811 et
1215 1755 1405 1811 additamenta
1422 1756 1470 1811 illa
1488 1762 1692 1822 removeantur,
1716 1762 1778 1812 tum
1791 1758 1828 1812 ab
1848 1775 1887 1824 eo,

199 1842 326 1916 proprias
358 1842 546 1913 possidentes,
573 1841 643 1896 illud
672 1841 784 1914 objicit:
817 1842 921 1905 Quales
950 1843 1032 1897 tabet
1058 1844 1216 1915 quodcum
1236 1841 1411 1898 invocatione
1430 1842 1514 1897 divini
1530 1842 1690 1897 nominisin
1708 1843 1799 1899 forma
1813 1846 1887 1917 jura·

201 1929 320 1984 moieno
337 1928 484 1982 Oetlsolico
503 1935 529 1981 et
548 1929 697 1983 monachor
710 1936 735 1982 et
750 1929 867 1984 clericos
881 1929 1032 1998 plorantes,
1057 1929 1142 1985 menti
1159 1928 1310 1985 solenniter
1328 1929 1500 2000 promissum,
1520 1935 1622 1985 oemere
1640 1930 1786 1986 solariter
1802 1931 1886 1987 disce

199 2015 329 2070 videlicet
345 2021 374 2070 et
390 2013 521 2069 uxoribus
544 2020 652 2070 utentes
670 2021 699 2069 et
719 2014 832 2087 propria
849 2016 1030 2086 possidentes.
1057 2015 1178 2072 dandum
1198 2022 1323 2081 nonest,
1343 2016 1476 2072 adhibeas
1488 2033 1552 2088 ergo
1572 2016 1756 2087 diligentiam,
1777 2020 1885 2085 luctam,

200 2101 274 2174 Ergo
305 2100 457 2173 Augustini
488 2106 610 2169 tempore
640 2099 752 2156 fuerunt
783 2101 908 2157 monachi
946 2103 1029 2157 etiam
1057 2101 1261 2173 abstinentiam,
1280 2108 1441 2174 precesete
1456 2102 1479 2156 si
1492 2101 1588 2157 mediis
1605 2101 1681 2159 hisce
1695 2102 1757 2158 Deo
1771 2104 1886 2175 jurante

201 2188 307 2243 uxorati
335 2188 364 2242 in
384 2185 528 2242 catholica
547 2187 676 2257 ecelesia,
696 2186 744 2259 qui
762 2187 798 2242 ab
818 2188 976 2260 Augustino
994 2189 1031 2243 ad
1058 2188 1195 2245 ustionem
1213 2188 1361 2260 reprimere
1376 2194 1468 2259 potes,
1490 2204 1579 2244 sares
1597 2188 1767 2245 coelibatum
1782 2188 1886 2261 absque

199 2273 398 2333 confutandam
416 2272 493 2327 illam
511 2271 638 2327 haeresin
661 2274 858 2343 producuntur.
902 2273 1031 2330 Gelasius
1057 2273 1185 2344 opinione
1209 2273 1298 2329 meriti
1322 2278 1350 2330 et
1369 2273 1580 2343 satisfactionis,
1606 2274 1711 2348 absque
1728 2277 1887 2348 arrogantia

201 2361 280 2431 epist.
297 2365 321 2416 l.
351 2359 388 2414 ad
417 2359 560 2429 episcopos
590 2358 696 2413 Lucan.
720 2376 780 2430 cap.
805 2366 846 2416 2³.
878 2360 913 2415 de
940 2360 1032 2415 viduis
1058 2358 1186 2429 aefastu,
1199 2359 1248 2415 sed
1262 2360 1285 2414 si
1298 2376 1354 2415 non
1363 2365 1441 2430 potes
1452 2359 1599 2428 continere,
1611 2361 1634 2415 si
1646 2361 1763 2433 spiritus
1771 2363 1887 2433 ustione,

202 2445 400 2503 continentiam
419 2444 550 2516 professis
568 2445 684 2517 loquens
700 2446 753 2500 ait:
772 2449 834 2501 Nos
852 2447 956 2502 talibas
970 2447 1031 2502 nal·
1057 2463 1158 2518 corpus
1174 2446 1325 2518 pollutione
1337 2447 1545 2512 contaminatur,
1561 2464 1595 2503 ae
1611 2447 1640 2501 in
1658 2449 1785 2519 periculo
1805 2449 1885 2504 forni-

201 2534 258 2587 iarn
275 2533 405 2604 lnpaenm
424 2531 553 2586 nmmos
572 2531 700 2600 injicere,
722 2535 774 2586 sed
789 2535 880 2589 soloin
898 2534 1032 2588 adhorte-
1058 2532 1173 2588 cationis
1204 2533 1338 2602 versaris,
1367 2548 1516 2603 agnoscas,
1541 2533 1734 2590 necessitatem
1763 2534 1885 2608 conjugii

201 2620 289 2673 tiones
323 2618 447 2688 praemii
483 2618 646 2686 sempiterni
676 2635 838 2688 poenosque
870 2635 1031 2689 proponere
1058 2618 1170 2674 ineundi
1195 2618 1245 2675 tibi
1270 2617 1345 2691 injiei
1369 2625 1452 2690 atque
1476 2619 1561 2691 ipsius
1578 2618 1632 2676 Dei
1655 2637 1722 2677 voce
1747 2638 1799 2692 per
1822 2639 1885 2693 apo

202 2706 294 2760 divini
304 2705 427 2775 judieii,
446 2712 473 2758 et
490 2712 520 2758 nt
539 2712 637 2759 nostro
654 2705 692 2760 sit
711 2706 841 2761 obsoleto
860 2707 1031 2761 somniantis
1058 2707 1158 2762 stolum
1171 2707 1291 2778 prolata,
1319 2723 1375 2758 non
1397 2714 1427 2760 at
1449 2707 1579 2777 loqueum
1599 2708 1677 2762 sobet
1700 2707 1886 2777 injiciens‚a

201 2791 363 2845 stillarum
383 2809 438 2862 pro
464 2808 495 2846 se
523 2793 659 2846 rationem
685 2794 749 2847 Deo
775 2795 881 2847 reddat
906 2793 1030 2850 intentio.
1057 2799 1122 2847 roto
1147 2793 1347 2848 iueomiderate
1368 2792 1466 2847 emisso
1490 2793 1611 2863 absolvi,
1637 2793 1672 2849 de
1698 2811 1756 2866 qua
1779 2800 1841 2851 tota
1857 2812 1886 2851 re

200 2876 326 2948 (Excipit
337 2876 530 2946 Bellarmlnua,
548 2878 678 2949 loqueum
690 2877 771 2932 idum
783 2897 838 2934 esen
850 2895 910 2933 esse
920 2879 1031 2952 nuptie·
1059 2893 1091 2933 ex
1124 2875 1310 2934 fundammtis
1341 2878 1468 2948 superins
1503 2879 1633 2935 adductis
1664 2886 1740 2936 reete
1766 2880 1886 2953 judicari

200 2982 263 3018 rum
275 2965 494 3035 prohibitionem
512 2965 561 3033 iis,
579 2982 651 3034 quoe
668 2973 808 3029 voverant,
827 2968 878 3019 sed
897 2966 942 3034 iis,
961 2983 1032 3036 qnos
1057 2969 1157 3035 potest.
1200 2967 1225 3020 2.
1242 2962 1289 3015 Es
1311 2966 1470 3032 apostoliea
1495 2967 1708 3022 comminatione
1733 2974 1756 3025 t.
1774 2968 1845 3025 Tim.
1862 2975 1885 3038 5,

199 3068 256 3104 nen
274 3059 414 3106 voveant.
456 3051 679 3122 Respondemus:
702 3052 763 3124 egit
787 3050 916 3107 (talasius
939 3052 974 3107 de
997 3052 1031 3107 iis
1058 3068 1084 3107 v.
1106 3056 1146 3111 12.
1169 3051 1286 3106 solertes
1318 3051 1419 3106 natm
1445 3053 1546 3107 baben
1571 3054 1792 3120 stannationesn,
1821 3056 1886 3124 perio

200 3136 305 3204 viduis,
336 3154 408 3209 quae
434 3138 597 3209 promissam
623 3138 683 3194 Deo
707 3137 869 3209 pudicitiam
893 3139 1032 3196 custodire
1053 3137 1178 3208 primam
1196 3137 1277 3203 sidem
1290 3137 1417 3200 sererent
1430 3139 1550 3211 irritam,
1568 3141 1617 3194 obi
1628 3140 1886 3215 apostolastinquit

85 3230 187 3276 xalta
202 3223 383 3292 tenebantur,
415 3225 519 3279 talibus
550 3224 661 3297 (inquit)
687 3224 794 3281 scilieet
823 3224 977 3297 dequibus
1002 3225 1031 3279 in
1057 3223 1237 3279 Bellarmism
1261 3221 1287 3279 d
1310 3221 1340 3287 l.)
1365 3241 1418 3278 non
1443 3227 1559 3281 damnet
1587 3229 1689 3282 videos
1708 3228 1793 3298 illos,
1819 3231 1886 3300 pafo

200 3309 432 3381 praecedentibus
457 3316 567 3380 egerat,
596 3314 626 3366 at
650 3310 673 3366 si
692 3311 841 3383 prohibitio
872 3312 1030 3384 nuptiarum
1053 3319 1202 3381 postquem
1223 3309 1383 3363 lnnnrietoe
1400 3315 1529 3380 jaer-ont,
1548 3314 1650 3368 nabere
1665 3315 1828 3380 voluerant,
1855 3318 1886 3370 et

201 3401 242 3452 est
260 3395 376 3465 laquem
394 3396 464 3464 illis,
488 3414 559 3468 quae
583 3415 638 3453 non
656 3403 803 3467 voverunt,
828 3399 924 3471 utique
947 3398 1030 3454 etiam
1058 3399 1129 3452 enim
1145 3397 1321 3450 leodensium
1341 3405 1407 3464 eret,
1425 3416 1481 3454 non
1504 3401 1729 3471 vituperandam,
1746 3405 1801 3457 sed
1819 3405 1885 3479 speie

199 3481 269 3546 illis,
295 3498 368 3553 quae
386 3489 533 3549 voverunt,
557 3490 599 3539 est
618 3484 747 3554 laqueus,
775 3485 798 3538 si
817 3484 956 3540 continere
974 3501 1030 3539 non
1057 3485 1157 3539 nabere
1183 3482 1305 3536 sobnas
1330 3481 1452 3553 prinam
1468 3487 1557 3553 fidem
1582 3489 1618 3541 de
1639 3490 1783 3542 remando
1800 3490 1885 3543 eont-

200 3566 322 3638 possint,
354 3585 445 3639 neque
475 3567 547 3622 enim
578 3585 628 3641 per
653 3575 747 3624 votum
772 3588 853 3624 suum
883 3570 1032 3642 impetrant
1057 3568 1226 3624 nentioDeo
1245 3569 1343 3621 statam
1356 3567 1466 3624 irritans
1474 3572 1625 3636 faciebant.
1656 3574 1884 3646 Respondemus:

199 3654 386 3712 continentiae
404 3655 521 3720 donum,
545 3655 598 3710 nisi
622 3655 755 3727 peculiari
773 3656 827 3712 Dei
852 3658 944 3729 gratia
960 3657 1028 3711 illud
1058 3657 1091 3712 de
1108 3655 1162 3712 hoc
1181 3654 1243 3710 loco
1261 3655 1341 3725 plene
1361 3655 1466 3726 egimsss
1483 3657 1512 3712 in
1528 3660 1768 3729 praecedentibus.
1799 3667 1827 3720 3,
1841 3664 1885 3718 Es

199 3745 364 3811 praestetur.
411 3740 522 3800 Confer.
543 3742 580 3798 M.
605 3742 707 3798 Anton.
739 3742 776 3798 de
799 3743 925 3799 Dominis
948 3743 967 3797 l
992 3743 1030 3812 d.)
1056 3741 1228 3797 notariorum
1245 3757 1307 3794 cam
1327 3740 1438 3797 Christo
1463 3745 1688 3814 desponsatione.
1726 3749 1818 3803 Nullo
1837 3752 1884 3805 de·

200 3826 337 3883 Addimus
354 3836 379 3886 l.
399 3828 618 3885 advenanorum
638 3830 810 3900 quorundam
822 3827 1028 3885 confessionem.
1055 3833 1191 3899 sponsata
1214 3826 1319 3881 vivente
1342 3843 1441 3895 sponso
1459 3838 1551 3899 potest
1576 3832 1666 3886 otiam
1689 3834 1751 3889 sine
1770 3837 1885 3893 erimine

200 3912 333 3968 Erasm
352 3913 381 3968 in
401 3913 542 3970 declamat
562 3915 599 3970 de
623 3914 697 3969 laud.
716 3916 846 3974 matrim:
869 3915 947 3970 Mihi
962 3932 1030 3970 sene
1056 3912 1194 3969 adniteris·
1217 3914 1334 3979 discere,
1364 3915 1417 3966 ssd
1438 3915 1559 3985 virgines
1587 3919 1652 3972 Deo
1680 3920 1795 3975 dicetne
1822 3929 1885 3975 sunt

198 4016 255 4054 non
277 4001 388 4054 ridetur
408 4003 529 4071 pessinw
556 3991 732 4057 consultante
755 4004 836 4057 rebus
861 4011 886 4057 et
907 4002 1030 4057 moribus
1057 3998 1168 4053 Cisristo
1192 4000 1387 4069 desponsatae.
1432 3998 1652 4074 Respondemus:
1679 4004 1828 4079 Scriptura
1851 4008 1885 4064 de

201 4084 356 4153 hominnm,
379 4089 429 4156 pai
445 4089 636 4143 sacerdotibus
655 4097 681 4142 et
698 4090 841 4144 mesecin
859 4104 978 4158 quoqne,
1002 4086 1030 4139 ei
1055 4083 1191 4154 spirituali
1219 4083 1320 4142 Christi
1350 4102 1452 4155 sponsa
1479 4104 1512 4143 ae
1538 4088 1750 4162 desponsatione
1776 4094 1884 4165 piorum

199 4188 246 4225 res
263 4173 306 4226 ite
323 4175 414 4241 seret,
433 4174 485 4243 jus
503 4173 630 4241 idaipent
655 4176 789 4245 eonjops'i.
830 4175 939 4231 Aeneas
963 4169 1027 4241 syl·
1053 4185 1116 4225 cum
1136 4168 1243 4224 Christo
1264 4171 1373 4242 saepius
1390 4177 1507 4238 noent,
1530 4177 1580 4231 sed
1598 4179 1726 4250 nuspiam
1740 4180 1817 4237 hunc
1834 4182 1881 4237 ho·

199 4256 261 4312 vius
283 4262 382 4329 postea
404 4259 528 4330 pontifex
556 4259 624 4315 Pius
644 4261 681 4316 11.
709 4262 737 4315 in
770 4260 887 4333 epistola
903 4259 959 4311 ³21.
992 4256 1027 4310 ad
1053 4273 1147 4311 norem
1166 4264 1195 4312 et
1212 4257 1283 4313 hanc
1301 4260 1522 4330 praerogativam
1539 4263 1716 4333 peculiariter
1734 4265 1807 4335 illis,
1835 4266 1882 4340 qui

199 4343 319 4401 Johann.
333 4346 456 4411 Frundt,
482 4347 530 4418 qui
549 4354 614 4418 post
637 4354 731 4403 votum
750 4344 900 4402 oosllhatus
917 4357 1028 4397 uxorem
1052 4348 1147 4398 votum
1166 4343 1316 4399 coelibatus
1337 4344 1500 4416 emiserunt,
1518 4347 1568 4402 sed
1585 4350 1613 4405 in
1631 4368 1734 4422 genere
1754 4353 1882 4409 omnihus
1895 4368 1946 4410 xrs

200 4430 327 4502 dmerat,
345 4432 449 4503 scripta
467 4431 507 4487 sic
525 4432 661 4503 loquitur:
685 4426 847 4491 Orestinus,
864 4434 891 4482 te
912 4428 1027 4481 consino
1052 4446 1115 4486 rere
1140 4429 1194 4501 piis
1218 4434 1246 4485 et
1270 4429 1298 4484 in
1326 4430 1465 4486 Christum
1493 4434 1668 4492 erodentibus
1696 4437 1808 4507 tribuit,
1832 4424 1902 4496 nec¹

198 4520 243 4573 uss·
259 4538 314 4574 non
333 4520 455 4587 immo,
473 4521 501 4575 ss·
518 4534 578 4574 suin
597 4531 718 4583 nequeas
737 4514 890 4583 continere,
916 4530 1027 4567 onorem
1053 4516 1173 4572 medium
1206 4517 1424 4587 desponsationis
1459 4520 1558 4575 statuit
1593 4523 1700 4593 uspiam
1731 4524 1884 4582 coelibatus

199 4607 320 4676 qnam,
339 4606 465 4675 women
482 4601 609 4672 s'dpries
630 4601 809 4677 eopitondem
822 4601 935 4669 fuisset
953 4608 1026 4655 onte·
1053 4608 1162 4672 nomm,
1195 4602 1244 4658 sed
1267 4605 1355 4672 fidem
1379 4607 1408 4659 s'n
1433 4604 1573 4661 Glsrfstnm
1593 4606 1704 4667 Hoseae
1721 4617 1752 4679 2,
1783 4630 1811 4670 r.
1843 4618 1884 4669 20.

199 4709 283 4762 pem
300 4692 393 4747 serris
416 4687 575 4743 indmrsrs‘s
598 4687 759 4753 ordinibus,
784 4689 836 4741 ssd
863 4706 918 4741 non
935 4704 1028 4741 semus
1055 4689 1223 4757 1.Cor.11,
1248 4707 1273 4744 v.
1293 4696 1318 4746 2.
1347 4697 1401 4747 etc.
1430 4709 1520 4764 neque
1543 4694 1601 4749 ulla
1624 4695 1696 4751 inter
1712 4698 1886 4770 spiritualem

200 4778 251 4841 dii,
268 4776 318 4846 qni
333 4778 435 4838 fenero
455 4774 622 4844 prospicere
640 4772 791 4828 celsenses.
837 4772 957 4835 Quando
977 4775 1029 4827 bne
1055 4774 1289 4841 desponsationem
1310 4794 1372 4831 eum
1392 4777 1502 4834 Christo
1522 4779 1645 4851 atpium
1663 4783 1827 4857 conjugium
1843 4792 1887 4842 est

199 4872 306 4919 eneam
332 4869 385 4932 est,
413 4868 441 4915 at
465 4861 522 4933 lapi
549 4861 644 4914 cornis
661 4859 790 4913 resistere
807 4877 861 4913 non
879 4860 1030 4928 valeamus,
1056 4857 1196 4930 oppositio,
1216 4861 1284 4916 alias
1301 4863 1440 4920 nullusex
1457 4864 1625 4938 conjugibus
1637 4871 1885 4938 possetChristum

199 4950 300 5005 melius
320 4957 360 5003 est
379 4942 649 5017 nobere'qaomori.
680 4946 837 5018 Polydorus
849 4945 929 5017 Virg.
943 4945 991 5000 lib.
1007 4953 1029 5000 7.
1057 4942 1159 4999 ssimae
1188 4962 1254 5002 auae
1283 4964 1414 5018 sponsum
1441 4950 1552 5009 habere.
1598 4952 1804 5012 Animadvertit
1833 4957 1886 5014 hoc

199 5038 235 5093 de
252 5051 304 5090 rer.
336 5035 438 5090 invent
461 5051 521 5105 cap.
543 5040 570 5089 l:
603 5033 721 5087 Nullum
746 5040 871 5087 noemam
890 5033 1030 5086 vinealem
1058 5032 1232 5101 augustana,
1250 5033 1314 5089 ideo
1333 5036 1508 5107 oppinionem
1527 5037 1603 5095 illam
1615 5056 1783 5112 perversam,
1802 5046 1887 5114 qnasi

199 5122 238 5192 (in
262 5128 388 5178 veterum
404 5121 575 5177 monasteriis
598 5123 669 5188 erat)
694 5120 736 5175 ito
761 5127 792 5173 nt
812 5119 952 5189 inteperent
970 5120 1029 5173 ani·
1058 5116 1212 5183 pereuntis
1226 5138 1286 5174 cum
1302 5122 1411 5178 Christo
1429 5125 1609 5195 emensam
1616 5144 1672 5197 per
1688 5136 1783 5183 soron
1801 5132 1885 5187 cosli·

200 5210 300 5280 eniens
309 5213 392 5279 soret
419 5225 532 5262 nsoners
549 5216 598 5262 esst
621 5206 780 5278 protensi,
811 5222 865 5276 quo
893 5213 1033 5259 terrorum
1059 5202 1133 5255 imas
1160 5203 1211 5266 tint
1234 5214 1259 5257 et
1276 5209 1436 5280 conjnpions
1461 5212 1611 5284 impediet,
1643 5214 1765 5286 graviter
1782 5216 1888 5275 refellit

201 5297 302 5362 veliet,
344 5295 388 5350 est
434 5295 462 5349 si
511 5311 589 5367 prens
637 5293 777 5364 ejsssrnodi
819 5292 942 5345 instituti
989 5292 1035 5345 sni
1065 5286 1114 5343 'bn
1133 5286 1168 5343 de
1189 5288 1252 5345 ben.
1277 5289 1374 5346 viduit
1397 5313 1421 5349 e.
1443 5302 1481 5354 lo.
1505 5296 1534 5352 in
1552 5298 1655 5369 princ:
1684 5300 1760 5363 ensa
1779 5302 1889 5359 Christi

200 5383 396 5453 poenituisset,
436 5381 521 5435 etiam
550 5389 677 5450 potestas
714 5386 782 5434 esset
815 5380 856 5432 ed
882 5377 1034 5448 prasinam
1051 5376 1207 5444 confusions
1225 5375 1356 5431 efferentur
1373 5378 1486 5447 sls'pere¹
1508 5402 1579 5449 qnae
1598 5386 1763 5444 centem
1779 5392 1888 5446 same.

201 5470 288 5525 oisans
318 5468 457 5525 redeundi
486 5485 543 5522 non
574 5468 676 5537 absque
704 5475 797 5520 tomen
829 5464 1110 5590 inconstantiesptote
1129 5478 1184 5516 non
1202 5463 1314 5529 nument,
1334 5464 1399 5517 hinc
1412 5472 1643 5534 orpumentantar
1660 5473 1777 5539 quidem
1790 5477 1888 5531 dicen.

201 5564 277 5612 noto.
1053 5554 1111 5602 tes:
1139 5547 1173 5602 Si
1196 5546 1257 5601 siro
1276 5565 1326 5603 sno
1343 5549 1420 5618 υἰυο,
1443 5566 1516 5619 qaae
1534 5551 1620 5607 oitsri
1637 5554 1730 5624 nabit,
1750 5556 1888 5614 odedum
