4020 6022
827 157 1097 242 on'ooueeero.
1198 205 1201 211 ·
1766 190 1807 251 ee

107 332 264 405 monice
274 338 482 403 connectentur,
495 333 570 407 quod
582 350 691 406 temper
704 335 730 391 ei
742 341 853 407 preeeto
862 335 943 392 eitec
975 340 1099 396 Domini
1115 341 1158 397 cel
1175 358 1195 396 ο
1215 340 1340 395 Domiw
1358 339 1499 397 ceciderat
1518 355 1603 411 ηραν
1622 352 1697 406 eoru
1719 343 1747 392 et
1764 336 1807 402 ef-

112 419 260 487 minietret,
277 419 362 476 LXX
380 420 544 492 interpretes
564 419 622 476 eur‘
643 419 735 487 uitrici,
762 429 795 477 ut
813 421 950 480 indicetur
973 427 1057 497 fecti,
1082 427 1150 498 quie
1168 425 1277 482 inducit
1294 424 1495 493 ἀναισθησίαν,
1518 441 1552 481 ee
1575 430 1633 481 tem
1653 422 1809 496 profundus

108 507 296 564 erctieeimum
309 525 342 564 ec
356 507 788 565 euenieeimumririecmulierie
802 508 948 566 contuber-
975 519 1024 583 eet,
1048 519 1081 569 ut
1102 512 1195 568 Adem
1221 530 1278 568 nou
1301 512 1416 577 eeutiet,
1442 515 1549 567 cortem
1568 509 1622 567 eibi
1641 508 1731 567 evelli.
1751 509 1808 585 ,Ut

108 594 187 650 nium
201 598 231 651 et
243 594 392 651 insolubile
404 594 526 651 foederi·
537 594 694 667 conjugalis
706 594 856 661 vinculum,
874 596 948 652 unde
973 604 1067 655 eutem
1084 599 1163 654 Dcue
1179 597 1289 655 Ammo
1307 597 1454 655 tormenti
1478 604 1507 654 et
1523 596 1594 654 nihil
1611 596 1702 654 minue
1722 613 1808 670 quem

110 681 228 753 nuptiee
244 681 376 737 dicuntur
391 682 449 737 oiri
471 689 498 736 et
523 683 651 738 mulierie
667 683 827 753 coniunctio
847 684 948 739 iudici·
973 688 1009 744 de
1026 685 1158 758 conjugio
1171 686 1307 758 coeunti
1318 685 1404 741 Erum
1417 683 1535 754 formete
1553 684 1594 741 ite
1612 684 1705 749 edituo
1725 684 1808 741 hodie

108 771 198 824 duam
216 769 290 824 veae
311 767 536 824 commedieem
553 770 696 824 conticere
717 766 744 845 6.
763 775 788 827 2.
804 770 891 827 inetit
910 770 946 827 de
973 773 1027 845 piie
1049 771 1179 844 precibus
1204 772 1348 828 invocatus
1371 773 1408 828 de
1431 770 1506 828 felici
1533 777 1561 827 et
1581 771 1725 829 commodo
1742 787 1807 830 con·

108 862 182 928 petr.
202 860 313 929 potent.
342 859 371 911 et
397 855 427 909 iu
452 855 584 927 conjugio
611 857 775 928 proponitur
802 856 946 928 speculum
970 859 1052 931 Jugio
1071 858 1130 914 euie
1148 859 1283 931 prospicit
1307 866 1337 915 et
1352 859 1421 915 telie
1437 859 1605 931 quendoque
1629 858 1697 930 ipeie
1715 859 1808 917 medie

108 943 211 999 emorie
228 938 300 1000 inter
318 941 459 999 Christum
478 947 506 998 et
524 942 679 998 eccleciam.
715 943 762 998 Ad
779 942 863 999 hoece
881 960 946 1000 eon·
973 945 1110 1015 ostendit,
1150 943 1185 1000 de
1219 944 1320 1017 quibu·
1347 945 1402 1017 ipei
1431 961 1575 1016 uunquem
1604 944 1804 1018 cogitaverat

106 1030 182 1102 jugit
200 1030 269 1086 nnec
290 1029 319 1085 in
336 1028 404 1101 ipeie
423 1028 535 1085 divinae
552 1028 763 1085 coneultetionie
787 1029 879 1086 rerbie
899 1046 944 1085 ex·
973 1037 1000 1089 2.
1023 1031 1123 1088 Goetoe
1140 1049 1155 1086 e
1172 1033 1262 1088 lucere
1280 1031 1426 1089 atrnctio.
1453 1017 1522 1105 953,
1542 1030 1682 1104 eignifioet
1701 1039 1807 1088 noctem

107 1133 219 1189 preeeoe
244 1121 308 1187 poet
330 1116 439 1188 lepeum
458 1116 582 1201 ιοοοοοοὶ1
606 1122 732 1187 quertue,
759 1116 834 1188 quod
850 1117 946 1188 eonju-
973 1122 1002 1175 et
1019 1119 1107 1189 letue,
1130 1136 1164 1174 ex
1187 1135 1242 1190 quo
1261 1117 1369 1189 colligit
1387 1117 1618 1184 Lntherne,.ooe
1634 1120 1741 1174 eedem
1760 1136 1805 1174 oo·

108 1204 188 1276 mum
206 1210 250 1259 eet
268 1202 420 1259 remedium
439 1208 535 1259 contre
548 1201 775 1273 fornicationem,
806 1210 829 1260 1.
841 1202 903 1260 (lor.
922 1210 947 1272 ·λ,
973 1214 1055 1274 mam,
1079 1207 1133 1260 ced
1154 1220 1241 1259 corne
1259 1204 1386 1258 cutiam
1410 1219 1428 1259 e
1447 1203 1534 1260 lutere
1550 1205 1637 1262 iniere
1653 1211 1807 1277 eeceptem,
1898 1280 1904 1292 ,

109 1308 135 1345 v.
156 1297 180 1348 2.
198 1307 255 1363 que
273 1291 308 1346 dc
323 1306 354 1346 re
370 1289 481 1361 plenius
499 1288 674 1359 ἁλοοοοοιοιιο,
692 1289 806 1362 quendo
823 1290 861 1347 ed
878 1307 903 1350 c.
921 1297 946 1346 i.
974 1309 1008 1348 er
1033 1309 1090 1365 que
1111 1291 1243 1348 seminem
1267 1290 1346 1346 Deue
1368 1290 1500 1346 tormerit
1523 1296 1552 1347 et
1577 1309 1689 1349 cernem
1706 1309 1757 1364 pro
1773 1309 1808 1348 ee

111 1377 148 1433 de
163 1375 220 1432 fine
239 1376 406 1432 memimouii
424 1375 640 1448 pervenerimus.
974 1378 1082 1448 oleueit,
1101 1379 1176 1451 quod
1187 1377 1278 1451 iprum
1290 1377 1376 1434 etiem
1389 1377 1556 1451 intelllgitur
1567 1396 1601 1436 cr
1612 1379 1705 1437 verbio
1717 1379 1805 1450 Adue

17 1469 70 1511 ne·
146 1469 187 1520 12.
225 1467 251 1521 2.
271 1462 392 1519 Decrcti
407 1463 499 1518 diuini
516 1463 661 1519 ereccutio.
687 1461 766 1517 Deue
783 1478 841 1518 non
856 1461 946 1519 colum
973 1468 1025 1522 loo
1048 1472 1089 1521 eet
1113 1483 1145 1522 oe
1168 1482 1202 1520 ee
1218 1466 1329 1522 oeeibue
1344 1465 1414 1520 meir
1437 1472 1464 1520 et
1483 1482 1552 1520 earo
1571 1468 1607 1521 de
1631 1483 1718 1521 ceree
1736 1483 1806 1523 meu.

10 1522 87 1613 iiii-⁶
112 1549 251 1608 deliberet
276 1549 312 1606 de
335 1549 450 1606 muliere
475 1548 621 1605 condenda
637 1553 666 1604 et
683 1549 815 1621 conjugio
836 1549 946 1606 inetitu·
974 1552 1114 1609 Admonet
1141 1557 1235 1608 eutem
1260 1567 1310 1607 noe
1336 1551 1386 1608 ille
1410 1556 1505 1608 coetee
1530 1568 1565 1608 cx
1589 1552 1691 1608 Ademi
1720 1553 1807 1610 lutere

10 1625 96 1717 22:¹²
112 1638 194 1707 endo,
213 1637 263 1694 red
284 1636 368 1692 eb'em
393 1636 535 1692 decimum
555 1653 636 1692 euum
660 1635 755 1692 etetim
773 1636 945 1708 ereequitur3
974 1640 1087 1706 eruleio,
1106 1639 1226 1711 primum
1245 1638 1358 1711 quidem
1377 1640 1413 1693 dc
1430 1639 1530 1694 meriti
1547 1638 1652 1704 officio.
1690 1639 1753 1697 Non
1772 1656 1806 1694 ec

10 1733 74 1790 m!
113 1725 143 1780 in
166 1723 369 1780 deliberatione
389 1723 481 1781 clucet
503 1722 591 1794 ipeine
620 1721 716 1778 divine
740 1722 896 1792 ecpiemtr'er,
915 1724 945 1779 in
973 1728 1093 1797 pedibu
1109 1725 1162 1781 riri
1181 1725 1281 1782 mulier
1303 1724 1436 1790 formate,
1463 1743 1501 1782 ne
1523 1725 1675 1782 ecebellum
1703 1726 1806 1798 pedum

10 1776 96 1873 tw
112 1813 220 1868 decreti
239 1810 414 1868 ereecutione
440 1808 550 1866 infinite
562 1811 699 1882 potentia.
730 1808 880 1866 Emecntio
897 1810 946 1866 ille
973 1813 1010 1870 eb
1028 1814 1088 1886 ipeo
1108 1812 1246 1869 bibentur
1264 1811 1369 1867 Ecclee.
1389 1818 1413 1880 t,
1432 1827 1458 1867 v.
1478 1817 1519 1869 35.
1531 1828 1584 1871 uec
1602 1829 1636 1867 eu
1654 1814 1746 1882 cupite
1763 1819 1806 1869 eet

10 1881 62 1923 ¹⁸¹⁰·
107 1897 236 1954 coneum
252 1901 276 1952 1.
295 1897 325 1951 ο.
343 1897 472 1952 murce
484 1897 679 1965 formem·
697 1902 724 1954 ο.
743 1897 773 1951 οι
785 1897 944 1967 primorum
972 1899 1104 1969 eman,
1142 1917 1178 1956 no
1207 1899 1353 1971 imperium
1381 1899 1412 1954 in
1443 1898 1534 1954 virum
1565 1899 1605 1953 en
1636 1900 1805 1956 concentu

107 1986 260 2056 coeiupum
287 1983 483 2054 copulam·
515 1985 541 2037 3.
570 1982 602 2037 io
627 1981 698 2052 lepie
725 1983 945 2040 metrimoeicle'e
975 1995 998 2045 1.
1017 1987 1089 2044 lim.
1111 1993 1141 2053 2,
1169 2004 1194 2044 v.
1215 1991 1256 2044 13.
1273 1986 1322 2042 ced
1342 2002 1375 2040 ec
1392 1986 1495 2053 lutere,
1523 1985 1686 2041 hoceeter
1703 1986 1806 2043 ricinie

106 2072 352 2144 provenientium
376 2072 448 2126 tie
466 2087 599 2126 eooomm
624 2072 775 2142 coejepum
794 2071 943 2126 benedicti·
972 2074 1062 2130 cordie
1080 2079 1173 2130 eumte
1188 2079 1245 2143 eet,
1271 2079 1304 2128 ut
1327 2073 1371 2128 rir
1390 2088 1452 2129 cem
1474 2072 1575 2145 diliget
1594 2077 1728 2145 tunquam
1746 2091 1804 2130 cor·

110 2176 169 2217 one.
206 2164 229 2214 1.
257 2159 394 2214 Mulierie
416 2157 619 2223 formationem
643 2157 756 2230 lioyeee
779 2157 825 2213 bie
851 2156 942 2215 verbio
972 2160 1047 2231 poris
1078 2160 1122 2216 eui
1152 2163 1260 2229 purtem
1292 2163 1322 2214 ct
1350 2158 1476 2230 ejuedem
1504 2165 1621 2216 ueturec
1649 2165 1804 2216 consortem

111 2245 244 2304 describit
265 2246 334 2302 Gen.
355 2251 381 2304 2.
397 2261 425 2302 r.
444 2250 492 2301 tl:
518 2246 560 2300 Et
585 2245 700 2301 emmieit
716 2246 798 2300 Dece
813 2260 943 2316 euperem
970 2245 1044 2318 Eph.
1062 2254 1093 2311 5,
1117 2263 1145 2303 v.
1165 2251 1207 2302 211.
1244 2245 1345 2301 Mulier
1362 2260 1381 2300 e
1399 2244 1460 2299 viro
1480 2243 1580 2316 recipit
1598 2245 1684 2303 robur
1702 2263 1737 2303 ec
1757 2246 1803 2303 de·

110 2351 196 2404 cuper
215 2333 361 2401 bominem,
381 2340 407 2386 et
432 2332 573 2399 miei,
591 2341 617 2387 et
635 2334 707 2404 cepit
722 2349 809 2387 neem
826 2349 841 2388 e
857 2333 942 2387 eoetie
969 2333 1131 2402 scurionem,
1148 2332 1212 2389 ideo
1227 2337 1351 2403 experte
1364 2330 1451 2402 ipriue
1470 2330 1548 2397 dure,
1565 2332 1697 2388 videlicet
1716 2339 1802 2403 coetu,
1839 2347 1842 2351 ’
1887 2382 1899 2402 ,.

110 2424 172 2493 ejece
189 2429 216 2477 et
233 2420 335 2476 eluueit
359 2435 474 2474 comem
489 2436 545 2490 pro
559 2435 594 2474 ee
618 2428 644 2474 et
662 2420 825 2488 aedificarit
843 2420 942 2475 Domi·
969 2427 1013 2478 cet
1028 2419 1149 2476 formate
1175 2419 1289 2488 mulien
1318 2417 1371 2475 cub
1398 2418 1488 2474 tutele
1505 2418 1557 2473 viri
1576 2425 1605 2474 et
1621 2419 1721 2476 umbre
1739 2419 1802 2477 bre·

107 2527 160 2565 eur
179 2510 261 2564 Deo
276 2515 391 2576 coetum,
409 2522 494 2576 quam
511 2514 623 2579 ceperat
640 2509 676 2562 de
699 2507 817 2576 bomine,
835 2508 865 2562 ie
883 2526 940 2562 me·
968 2507 1092 2564 chiorum
1110 2507 1171 2577 ciue
1188 2505 1282 2576 vivere
1300 2503 1392 2574 debet,
1411 2503 1475 2560 ideo
1491 2520 1525 2560 er
1542 2511 1620 2561 corte
1633 2507 1741 2563 letcreli
1758 2516 1802 2565 eet

80 2597 211 2654 ,liorem
248 2593 440 2667 Erpendeude
465 2599 530 2649 eunt
555 2592 584 2648 in
610 2592 663 2648 hec
688 2592 811 2649 mulieris
836 2594 941 2666 primee
967 2594 1093 2650 formate.
1129 2592 1257 2649 Secundo
1273 2594 1310 2647 de
1328 2598 1423 2646 moeno
1440 2591 1547 2646 emorie
1571 2593 1671 2657 debile
1696 2602 1800 2649 coctam

107 2683 236 2755 conjugis
259 2680 425 2737 formatione
450 2683 473 2733 1.
502 2679 594 2734 romei
606 2681 866 2750 proetemcturolie
888 2681 940 2736 im·
967 2682 1076 2751 occepit
1091 2681 1185 2745 Deue,
1209 2677 1299 2751 inquit
1315 2677 1507 2735 Theodorctue
1527 2677 1557 2732 in
1579 2678 1726 2744 hocloco,
1752 2684 1799 2736 ire

107 2771 212 2825 mreeic.
248 2767 400 2841 Cejeteuue
419 2766 571 2833 existimet,
599 2764 672 2821 hene
694 2767 879 2822 narrationem
905 2766 939 2823 de
966 2770 997 2823 ro
1017 2765 1119 2824 ταύτὸν
1134 2765 1257 2841 ἐπιδείξῃ
1276 2766 1322 2834 τῆς
1339 2764 1450 2838 φύσεως
1466 2769 1513 2820 καλ
1532 2768 1579 2820 ἵνα
1597 2766 1722 2839 φυσικήν
1738 2787 1800 2824 reru

106 2856 195 2912 comni
235 2855 404 2911 immieeioue
430 2857 459 2910 et
488 2852 671 2923 productione
693 2851 771 2909 Erue
797 2868 831 2908 ex
855 2853 939 2910 lutere
967 2859 1167 2929 φιλοστοργίαν
1184 2852 1276 2913 αὐτοῖς
1293 2850 1362 2926 πρὸς
1380 2849 1514 2922 ἀλλήλους
1531 2852 1652 2928 turpior.
1687 2853 1799 2911 (loetum

106 2946 189 3001 Adee
205 2960 262 2999 non
278 2941 432 2998 secundum
448 2939 572 3007 literem,
596 2939 647 2995 eed
673 2940 790 3011 myctice
808 2957 842 2996 ec
858 2956 938 3014 pere·
966 2942 1076 3014 occepit
1100 2939 1187 3007 Dent,
1217 2939 1284 3012 quie
1315 2938 1408 3010 quood
1434 2944 1528 2995 ectum
1558 2940 1733 3013 conjugelem
1762 2941 1799 2998 ed

106 3032 197 3088 bolico
215 3026 433 3100 intelligendum,
452 3026 492 3083 ite
503 3034 536 3082 ut
550 3040 603 3099 per
619 3043 746 3082 somnum
763 3033 875 3084 notetur
892 3027 938 3083 de
965 3030 1045 3103 perio
1061 3033 1198 3095 tenentur,
1217 3044 1282 3083 cum
1298 3044 1348 3083 neo
1364 3028 1410 3082 oir
1428 3027 1529 3083 lubeat
1541 3028 1669 3098 corporie
1686 3029 1733 3082 eei
1743 3045 1798 3100 po-

105 3117 196 3175 iectue
213 3115 322 3172 rimutie
333 3114 428 3184 virilie,
445 3131 479 3170 er
491 3129 546 3186 quo
559 3113 600 3185 lit,
617 3119 650 3169 ut
661 3119 809 3185 generetur
828 3114 938 3187 femiue,
965 3125 1098 3187 malem,
1115 3118 1168 3171 eed
1185 3115 1300 3184 mulier,
1325 3130 1376 3169 mec
1393 3114 1495 3168 mulier
1513 3115 1642 3184 corpor-ie
1658 3116 1705 3170 eui
1717 3125 1798 3187 pote·

104 3213 134 3262 ct
151 3205 218 3278 quie
236 3204 283 3260 ille
300 3203 425 3259 defectus
438 3209 481 3258 eet
497 3219 531 3258 ex
548 3201 700 3258 intentione
718 3201 813 3258 divine
828 3203 864 3258 ed
875 3220 937 3275 pro·
964 3213 1064 3262 motem
1083 3205 1198 3270 talou,
1220 3204 1275 3257 ecd
1289 3202 1334 3257 eir
1355 3205 1377 3259 1.
1397 3200 1457 3257 Cor.
1479 3206 1509 3267 1,
1535 3217 1561 3255 r.
1581 3206 1605 3257 4.
1643 3204 1691 3257 De
1709 3203 1799 3259 lutere

105 3291 264 3365 pegendem
281 3291 410 3362 epccicm,
429 3289 491 3344 ideo
505 3288 560 3344 dici
576 3305 702 3344 somnum
720 3306 738 3345 e
754 3289 817 3347 Deo
836 3289 937 3345 immic-
964 3295 1052 3363 opiter
1068 3298 1159 3346 eumen
1176 3297 1217 3344 eet
1233 3289 1344 3354 semino
1366 3295 1500 3357 mrpuom
1519 3287 1650 3357 aequulie
1674 3297 1700 3343 et
1718 3291 1797 3346 rocio

103 3397 173 3435 eum
210 3378 266 3436 ece
292 3377 369 3433 nulle
391 3393 441 3432 noe
465 3376 542 3448 cogit
563 3374 730 3447 noconius,
764 3383 797 3432 ut
819 3377 937 3434 elitern
963 3381 1060 3451 quoad
1073 3377 1272 3449 obliqatiooem
1287 3374 1431 3430 reddendi
1447 3373 1575 3428 debilem.
1604 3390 1628 3430 c.
1647 3373 1707 3432 Nec
1725 3376 1796 3434 illud

104 3466 295 3534 discedemus,
322 3462 445 3536 quinimo
473 3460 540 3518 fidei
563 3463 665 3519 veritur
696 3479 748 3519 noe
775 3471 874 3537 urget,
905 3471 936 3523 ut
962 3472 1003 3524 33.
1023 3482 1051 3541 q.
1072 3471 1093 3521 6.
1130 3463 1261 3535 Denique
1274 3464 1310 3516 de
1324 3461 1420 3516 debinc
1437 3463 1562 3531 pecodum
1573 3462 1714 3531 mysterio.
1741 3463 1796 3528 Qui

103 3552 237 3609 literelem
268 3568 379 3606 eentum
406 3550 589 3619 retineamur,
618 3567 675 3623 que
704 3551 776 3607 enim
801 3551 935 3610 fecilitete
958 3553 1052 3624 potuit
1070 3552 1131 3606 eine
1151 3551 1251 3604 dolore
1268 3548 1385 3610 auferre
1404 3555 1511 3603 coctam
1528 3548 1685 3615 dormiemi,
1699 3552 1795 3618 potuit

104 3639 214 3705 dicitur,
231 3639 284 3694 boc
301 3640 362 3694 loco
379 3656 398 3694 e
412 3638 494 3694 litere
513 3637 726 3704 discedendum,
750 3637 849 3696 cedem
868 3639 934 3697 fuci·
960 3649 986 3695 et
1002 3638 1141 3709 οἰοολοοεί,
1160 3637 1213 3691 eed
1228 3651 1317 3706 quare
1327 3635 1417 3690 coluit
1428 3636 1580 3690 dorooiem
1587 3637 1708 3700 secere!
1727 3638 1797 3706 puio

104 3725 181 3784 litete
199 3725 255 3782 dici
273 3731 381 3796 peccet,
407 3725 490 3780 etiem
510 3725 539 3781 iu
556 3724 684 3797 reliquie,
710 3743 781 3796 quoe
798 3726 887 3798 primo
906 3736 934 3785 et
961 3725 1111 3784 dormienti
1131 3723 1242 3780 cereto
1261 3723 1292 3778 io
1310 3738 1391 3778 auce
1408 3723 1491 3786 suctu
1514 3730 1554 3776 cet
1576 3725 1679 3793 conjece
1698 3725 1734 3778 de
1751 3725 1794 3780 lc·

103 3814 225 3870 necundo
241 3813 333 3884 cupite
351 3828 370 3868 e
388 3812 487 3882 Moyee
504 3811 711 3882 describuntur,
737 3831 754 3869 e
773 3832 856 3871 eeuru
873 3833 933 3873 ver·
959 3823 1025 3886 tere,
1039 3828 1206 3885 percurram
1224 3810 1297 3866 emim
1313 3817 1354 3864 eet
1374 3809 1450 3864 lctue
1464 3810 1618 3879 prudentie
1636 3811 1744 3880 mcccc,
1765 3820 1791 3867 et

103 3897 199 3956 borum
216 3897 319 3955 literali
338 3898 537 3954 discedendum
557 3914 631 3970 eree,
646 3906 675 3955 ct
694 3899 734 3956 cic
751 3901 830 3958 nulle
846 3902 931 3974 bujue
956 3903 1153 3977 prostremo
1169 3896 1288 3970 eccpuie
1311 3903 1338 3952 et
1355 3913 1439 3968 aquo,
1458 3897 1516 3952 duo
1532 3905 1727 3969 eceramccta,
1759 3915 1792 3954 ec

101 3986 213 4043 articuli
225 3986 261 4042 de
273 3984 412 4041 creatione
426 3983 563 4041 certitudo
574 3990 698 4042 meumet
717 3987 798 4042 nobie
816 3988 931 4062 relique.
959 3988 1058 4061 quidue
1091 3986 1202 4046 Gierieto
1231 3991 1355 4055 paratur
1389 3998 1504 4053 epoeem
1558 3982 1734 4055 Augustino·
1763 3985 1792 4041 in

99 4069 173 4130 Vere
189 4072 279 4144 igitur
288 4076 317 4127 et
333 4070 444 4127 realiter
460 4088 585 4127 eomnum
604 4071 686 4127 Adeo
703 4073 855 4132 immiecum
874 4093 931 4133 cre·
959 4075 1061 4133 Penlm.
1080 4077 1122 4130 66.
1139 4078 1220 4130 trect.
1238 4077 1263 4128 9.
1290 4070 1320 4126 in
1337 4069 1437 4126 Johen.
1462 4067 1508 4125 lib.
1533 4074 1559 4126 9‘.
1582 4069 1617 4126 de
1635 4069 1736 4129 Gener.
1753 4073 1791 4128 ed

97 4160 205 4226 dimne,
226 4160 293 4232 quie
309 4174 328 4213 e
343 4157 442 4228 Moyse
461 4157 595 4230 scriptum
613 4158 748 4232 legimur,
772 4161 819 4234 qui
839 4170 932 4219 temen
958 4162 999 4219 lit
1019 4177 1044 4219 e.
1065 4165 1103 4217 19.
1117 4163 1169 4215 etc.
1189 4174 1223 4214 ex
1239 4155 1311 4228 Eph.
1330 4163 1355 4224 5,
1372 4173 1398 4212 r.
1417 4161 1460 4212 32.
1494 4155 1697 4212 3.Μολο“ονοόο
1714 4165 1792 4213 coetu

88 4244 150 4305 tuit
170 4265 284 4303 remoue
299 4244 572 4319 penetrentur-alie,
602 4249 635 4299 ut
659 4245 800 4319 colligitur
818 4254 877 4304 turn
897 4267 930 4305 er
959 4247 1128 4321 aedificatio.
1162 4245 1332 4314 Aedificam’l
1349 4245 1431 4298 Dcue
1451 4243 1534 4298 illam
1550 4250 1656 4299 cortem
1680 4244 1710 4300 iu
1731 4263 1790 4301 mu-

88 4333 308 4407 appellatione,
334 4337 450 4386 vocetur
473 4332 546 4388 enim
565 4331 705 4407 PtlffltJ,
716 4335 790 4405 quod
807 4334 931 4408 Tergnm
959 4337 1062 4393 liercm.
1094 4332 1220 4390 Verbum
1238 4331 1322 4405 7723,
1344 4330 1513 4400 aedificarit,
1530 4329 1612 4386 rnlde
1625 4331 1791 4402 eetempbe-

81 4414 146 4480 hoc
157 4420 222 4475 loco
233 4418 356 4475 reddidit
364 4408 467 4495 Νῐχῖἦύ,
479 4423 508 4473 et
522 4411 618 4474 addito
628 4418 767 4490 adjectivo
778 4424 930 4501 6211122122,
957 4422 1051 4479 ticum.
1086 4419 1216 4491 Lyrenue
1236 4433 1269 4474 cr
1287 4416 1358 4473 Reb.
1378 4415 1523 4473 Solomone
1542 4417 1677 4474 tutionem
1696 4419 1790 4491 eppei·

77 4502 160 4565 Job.
181 4510 225 4575 36,
250 4523 275 4560 r.
296 4511 335 4561 lt.
360 4506 479 4579 Netteia
505 4512 525 4561 l.
545 4505 618 4563 Sum.
638 4510 680 4575 26,
709 4523 735 4560 v.
762 4512 802 4563 12.
819 4526 931 4563 remoue
958 4507 1068 4564 letionie
1085 4504 1194 4580 quaerit
1211 4508 1241 4559 in
1258 4503 1447 4561 similitudine.
1489 4503 1607 4568 Mulier,
1626 4503 1730 4577 inquit,
1749 4522 1791 4560 ee·

69 4593 262 4660 profundus
273 4597 300 4645 et
309 4592 406 4662 fortir,
417 4591 507 4662 quelic
519 4592 573 4647 fuit
583 4592 713 4650 Abrnhee
722 4593 793 4651 Gen.
806 4599 846 4664 15,
857 4613 883 4651 v.
893 4601 931 4652 12.
958 4597 1079 4652 medum
1102 4591 1333 4649 commotionem
1357 4598 1384 4644 et
1407 4590 1644 4656 confirmationem
1664 4593 1792 4662 emperie

74 4674 222 4739 Sinceree
239 4677 304 4738 dud.
325 4684 356 4748 4,
372 4696 398 4735 r.
418 4684 458 4735 21.
477 4678 568 4735 Seulie
594 4686 616 4737 1.
635 4681 754 4737 Samuel.
774 4687 820 4750 26,
843 4699 869 4737 v.
893 4687 931 4739 12.
958 4683 1004 4736 eui
1031 4679 1245 4735 eimrlitedioem
1268 4677 1411 4747 comodum
1432 4676 1514 4731 labet
1539 4676 1677 4743 aedificii,
1710 4679 1791 4749 mciue

74 4764 180 4826 Lxx
191 4767 303 4836 interpr.
317 4765 499 4822 reddiderunt
518 4767 655 4832 ἔκστασιν,
674 4769 775 4823 mertie
786 4784 932 4837 eeceeenm,
959 4767 1082 4835 inferior
1096 4781 1171 4836 pare
1189 4763 1312 4833 amplior
1324 4769 1349 4817 et
1360 4763 1485 4817 craeeior
1502 4770 1553 4831 eet,
1570 4780 1642 4833 pure
1661 4766 1792 4835 euperior

75 4854 205 4930 Aquila
223 4851 402 4926 κοταφοράν,
429 4855 589 4907 deremeum
611 4861 637 4908 et
653 4856 739 4910 totiue
755 4855 872 4926 ciciliae
888 4857 930 4911 lc·
958 4853 1105 4924 auquor
1123 4859 1149 4905 et
1165 4850 1291 4922 κηπίον,
1318 4851 1414 4906 codem
1432 4851 1516 4905 modo
1542 4865 1588 4905 ree
1612 4866 1643 4905 ee
1661 4851 1744 4908 lubet
1760 4853 1790 4910 in

67 4957 186 5008 perere,
200 4939 489 5013 Symmachuexopdv,
506 4958 618 5012 prooem
633 4943 931 5016 etprosundmneom·
957 4940 1074 5009 femina.
1114 4938 1171 4995 Sed
1205 4936 1279 4994 idem
1306 4937 1343 4993 de
1375 4952 1488 5009 corpore
1518 4927 1571 4991 riri
1601 4937 1657 4994 dici
1689 4947 1790 5012 poreet.

75 5044 169 5085 num.
208 5025 327 5104 πηῖΓζη
350 5031 421 5084 enlm
444 5032 523 5084 notet
544 5027 608 5099 plue
629 5046 715 5101 quern
731 5045 845 5102 gravem
861 5046 931 5084 eom·
958 5029 1173 5101 chrysostomus
1189 5023 1283 5081 homil
1306 5028 1345 5080 16.
1364 5023 1393 5079 in
1415 5020 1517 5080 Gener.
1544 5039 1659 5082 ceueem
1682 5027 1791 5099 queerit

76 5125 177 5180 mum,
207 5112 255 5186 qui
282 5112 391 5169 ecilicct
415 5117 505 5187 major
534 5120 576 5172 eet
604 5131 689 5188 quem
711 5103 781 5191 ”iii
806 5119 836 5170 et
861 5116 931 5190 112111,
957 5117 986 5172 iu
1012 5114 1136 5187 origiue:
1176 5110 1248 5176 Quia
1276 5112 1368 5166 Adam
1388 5112 1485 5175 suctue
1508 5110 1549 5166 eet
1571 5127 1604 5166 en
1627 5111 1707 5179 limo,
1725 5113 1790 5170 ideo

83 5203 186 5275 meJ‘or
198 5205 241 5255 eet
257 5216 342 5273 quem
354 5200 455 5276 6112126]
487 5200 605 5257 'lumen
622 5202 811 5275 cumprime
827 5209 853 5258 et
866 5220 930 5258 coo·
958 5206 1039 5259 Doce
1060 5199 1180 5271 proprie
1204 5199 1310 5254 dicitur
1339 5214 1401 5252 erem
1428 5197 1573 5263 formem
1598 5198 1644 5254 oel
1667 5199 1789 5268 βοοίεοο,

85 5304 143 5345 ece
153 5286 315 5354 efficienti,
334 5285 409 5359 quod
418 5286 496 5343 Deue
509 5287 588 5344 illum
605 5287 753 5345 immiecrit
760 5291 817 5345 eive
830 5291 932 5346 cadem
956 5291 1025 5363 quio
1042 5306 1109 5345 ocro
1126 5287 1190 5342 lica
1205 5286 1289 5353 fucta
1312 5292 1352 5341 eet
1380 5301 1414 5340 ec·
1431 5293 1509 5341 coeto
1526 5303 1557 5341 re
1570 5287 1636 5358 jam
1650 5288 1790 5354 formala,

92 5375 200 5439 fecerit
216 5390 302 5446 euper
319 5374 475 5441 Adumum,
505 5372 589 5431 LXX
613 5374 778 5448 interpreter
797 5378 931 5448 intentor
956 5386 984 5434 et
1005 5379 1053 5433 cui
1074 5383 1182 5432 mntem
1206 5377 1305 5431 deerat
1328 5374 1470 5446 perfectio
1492 5381 1518 5430 et
1541 5373 1696 5440 cbeomtio,
1717 5392 1787 5447 pro·

10 5457 62 5510 1³²
94 5462 213 5534 perinde
229 5460 411 5519 ut-deSeulc
422 5461 524 5518 dieitur
544 5469 567 5519 1.
581 5462 654 5520 Sem.
672 5467 714 5527 26,
733 5479 759 5517 v.
780 5468 812 5520 t:
835 5463 928 5534 Sopor
952 5473 1055 5536 pterea
1071 5464 1149 5520 dicto
1165 5469 1206 5516 eet
1223 5462 1385 5530 aedificato.
1420 5459 1572 5533 (lejetenue
1598 5460 1637 5519 ed
1652 5480 1787 5536 procree-

147 5557 254 5601 ementi
265 5556 315 5600 loci.
332 5556 378 5602 m
1442 5570 1458 5620 3
