4028 6030
864 350 916 406 Du
933 343 1133 407 compulo.
1390 408 1393 413 ,
1779 364 1835 421 251
1876 358 1881 365 '

143 518 224 557 orum
236 502 352 575 mulieri,
365 504 410 561 cui
421 506 849 575 menstruafluerent,hominum
862 506 979 561 societas
1010 500 1109 567 tineae,
1135 524 1169 561 ne
1196 508 1325 564 moralem
1350 517 1376 565 et
1408 511 1528 567 ethicum
1554 510 1752 566 immunditiem
1774 528 1840 567 con-

143 587 370 661 hardeshem,
387 590 636 665 cremabanturque
652 592 722 657 loca,
741 592 770 647 in
791 608 863 665 quae
876 592 976 664 pedem
1007 589 1107 645 trahet.
1150 598 1177 650 3.
1201 596 1298 651 Prelio
1324 598 1439 651 carruae.
1482 598 1535 662 Qui
1559 606 1683 669 tempore
1707 600 1839 653 menstrui

142 675 292 744 posuisset,
350 682 378 733 2,
420 679 567 749 veriorque
604 680 732 749 eoojopir
768 681 919 734 morediano
953 690 980 735 ce
1006 674 1117 731 fluentis
1136 680 1339 752 concipiuntur,
1355 685 1501 738 monstrosi
1515 683 1695 755 fiuntpartur
1710 702 1742 739 ac
1756 685 1840 740 variis

144 762 291 817 aaudiat.
345 763 477 829 Quamvis
515 765 588 821 enim
628 765 719 821 adhuc
754 766 826 821 inter
856 766 978 821 medicos
1006 762 1123 829 morbis,
1152 769 1313 835 praesertim
1336 770 1490 841 epilepticis
1515 778 1544 824 et
1568 770 1762 841 elephantide,
1791 771 1838 826 ob-

145 845 325 920 disceptetur,
344 868 382 906 an
400 849 571 921 καταμήνιον
601 852 672 906 illud
697 846 767 917 uino
785 852 843 907 aive
862 855 978 922 aaupuis
1006 850 1094 918 noxii,
1128 858 1246 907 caveant
1265 854 1351 925 igitur
1368 859 1516 928 conjuges,
1542 874 1577 912 ne
1596 857 1764 911 suavissimis
1782 858 1839 913 suis

144 942 301 989 rumetruue
318 935 368 1003 (sic
388 937 494 1006 dictus,
520 938 594 1009 qued
622 938 702 993 statis
722 939 843 1009 periodis
868 938 977 1010 singulo
1005 934 1100 990 liberis
1119 937 1187 991 haec
1211 940 1285 994 mala
1302 948 1401 1010 sponte
1419 943 1567 997 attrabunt.
1613 942 1692 998 Haec
1716 942 1837 1013 probibi-

144 1036 255 1092 quoque
269 1038 361 1078 mense
372 1039 424 1095 per
434 1030 544 1079 uterum
556 1026 735 1095 expurgetur)
748 1025 806 1079 sola
815 1026 976 1094 quontitate,
1004 1021 1086 1076 tionis
1120 1024 1191 1077 ratio
1223 1026 1364 1098 colligitur
1397 1045 1429 1083 er
1462 1028 1553 1083 verbis
1585 1030 1654 1100 legis
1683 1028 1771 1085 Lerit.
1795 1036 1837 1099 20,

144 1122 181 1161 an
199 1123 265 1163 rere
284 1110 365 1164 etiam
383 1112 520 1180 quontitate
540 1123 644 1181 peccet,
666 1128 720 1182 qua
738 1113 820 1168 dere
845 1111 900 1184 legi
917 1119 977 1180 pot·
1004 1126 1028 1161 v.
1059 1116 1106 1165 ta:
1146 1111 1203 1179 Vir,
1239 1115 1289 1181 qui
1322 1116 1499 1168 concubuerit
1530 1134 1591 1168 cum
1623 1117 1740 1169 muliere
1775 1116 1835 1191 ΗΠ

145 1198 190 1248 est
210 1194 297 1249 Andr.
328 1196 493 1252 laurentius
520 1197 569 1253 lib,
601 1204 625 1253 Β,
654 1197 718 1253 hist,
745 1204 864 1253 anatem.
896 1218 922 1270 q,
953 1204 976 1253 5,
1004 1196 1145 1249 debilior
1173 1198 1326 1266 lanquida,
1355 1200 1590 1278 1¹&qussle
1620 1202 1776 1269 immunda,
1805 1208 1836 1255 ut

142 1297 173 1350 p.
193 1284 253 1337 6112.
272 1283 367 1353 negari
390 1288 484 1340 tamen
501 1301 556 1338 non
585 1290 692 1354 potest,
719 1301 782 1339 cum
800 1285 896 1341 eodem
914 1303 976 1340 ran·
1003 1281 1187 1352 significetur,
1215 1284 1362 1356 languores
1395 1293 1423 1341 ct
1452 1286 1622 1342 infirmitates
1656 1288 1683 1341 in
1712 1287 1834 1343 sobolem

147 1366 405 1437 marocenorum
419 1378 552 1439 tanquam
565 1370 690 1423 uniuersi
701 1372 976 1440 eorporiaeentinam
1003 1370 1164 1438 propagari,
1192 1370 1214 1423 ei
1231 1389 1306 1441 ¹cum
1341 1378 1511 1427 arenstruuta
1537 1374 1599 1444 quis
1630 1374 1834 1446 congrediatur.

143 1462 170 1506 et
188 1454 338 1508 membrum
355 1458 456 1511 sarilo
471 1458 584 1525 deferri
593 1458 691 1511 noxior
703 1457 841 1527 hanroree,
859 1476 976 1527 qaorum
1002 1454 1187 1526 Hieronymus
1216 1459 1244 1511 in
1276 1466 1422 1514 comment.
1454 1478 1477 1515 c.
1512 1468 1550 1516 111.
1577 1460 1676 1515 Erech.
1709 1470 1773 1517 tom.
1809 1468 1834 1517 1.
1848 1460 1895 1503 ¹V·
1912 1462 1954 1506 ⁸²⁰·

139 1540 322 1609 permistione
347 1544 501 1611 maliqnam
526 1544 691 1613 qualitatem
714 1545 805 1605 facile
829 1546 974 1614 acquirere
1001 1558 1028 1611 p.
1048 1548 1112 1597 etl:
1132 1545 1190 1597 Per·
1210 1545 1335 1613 einpulos
1353 1563 1460 1600 necuere
1476 1550 1576 1616 prurio
1591 1557 1673 1617 atque
1695 1548 1835 1619 torpentia

141 1644 177 1681 ac
196 1627 252 1683 cita
282 1628 381 1683 uitiari
412 1638 438 1684 et
464 1631 604 1701 pmeimaa
631 1630 784 1700 qualitatee
812 1630 976 1685 contrahere
1003 1628 1148 1682 rnulr'emrm
1187 1649 1310 1701 corpora
1349 1634 1487 1688 intonandi
1514 1637 1661 1703 eanpuioie
1699 1636 1834 1706 effeminat

136 1720 238 1783 potest,
256 1715 330 1771 unde
341 1715 527 1787 Hippocrates
545 1716 595 1772 lib.
612 1721 675 1791 περὶ
686 1735 795 1789 yorerx.
813 1719 873 1789 ejas
888 1717 975 1788 quali-
1002 1714 1169 1785 relocantur,
1188 1736 1242 1787 qno
1267 1727 1391 1788 tempere
1409 1722 1435 1773 ei
1452 1722 1611 1775 circuierit
1630 1740 1691 1775 eom
1709 1722 1834 1787 norliere,

140 1804 226 1855 tatem
245 1800 285 1856 rie
303 1802 450 1857 describit:
470 1800 527 1866 ξύει
547 1805 597 1873 τὴν
613 1806 667 1875 γῆν
687 1804 723 1865 ὥς
742 1802 862 1867 ὅξοςκαὶ
880 1804 973 1859 δάκνει
1002 1802 1133 1855 elimentur
1150 1805 1276 1873 concepti
1291 1807 1387 1869 foetur
1405 1808 1500 1860 uitium
1518 1807 1633 1861 neminie
1650 1808 1774 1872 trahere,
1792 1810 1834 1861 ita

140 1889 185 1953 τῆς
205 1890 335 1955 γυναικὸς
353 1883 383 1942 oi
398 1888 433 1945 oie
451 1889 593 1964 ἐπιψαύσῃ
620 1892 667 1943 rui
695 1891 772 1945 ituci
789 1889 837 1951 rie
861 1886 974 1964 μητριὶςι
1000 1897 1030 1941 ut
1056 1890 1165 1960 leprooi
1192 1900 1216 1943 et
1239 1892 1429 1963 elephantiaci
1449 1910 1482 1947 ee
1505 1895 1560 1947 tali
1589 1896 1764 1964 conceptione
1784 1912 1833 1947 na·

141 1976 221 2028 radit
251 1982 358 2030 terram
385 1976 459 2031 uelut
488 1984 598 2031 acetum
629 1984 655 2031 et
679 1980 789 2032 mordet
819 1978 973 2048 amenaque
999 1984 1124 2045 scarum,
1143 1986 1168 2031 ct
1185 1979 1277 2043 fereda
1298 1980 1324 2031 in
1341 1988 1458 2049 retroque
1470 1997 1536 2033 seru
1556 1998 1676 2049 corpora
1691 1982 1834 2049 proreitate

140 2061 284 2116 mulierem
303 2063 449 2130 cantiperit
469 2070 496 2116 et
512 2070 606 2118 eeteros
626 2065 775 2118 exulcerat.
811 2064 972 2121 Aristoteles
1000 2062 1042 2115 rel
1054 2064 1219 2117 enormitate
1233 2066 1417 2119 membrorum
1429 2068 1665 2135 eanieseorrupta
1679 2069 1833 2135 deponeret.

138 2148 185 2203 lib.
215 2153 237 2203 3.
266 2148 302 2204 de
327 2154 384 2205 nat.
412 2149 523 2205 animal.
549 2167 573 2205 c.
604 2157 641 2207 te.
665 2151 694 2205 id
713 2168 802 2223 genus
828 2152 972 2223 sanguinis
1001 2150 1175 2219 Augustinus
1208 2151 1236 2205 in
1268 2158 1375 2223 quaest.
1412 2169 1494 2223 super
1528 2153 1617 2209 Lerit.
1655 2162 1759 2225 quaest.
1791 2160 1832 2211 et.

139 2235 269 2289 uitiatum
285 2244 490 2305 repertamque
508 2253 568 2292 esse
588 2236 698 2306 scribit;
717 2236 831 2293 Ovidius
849 2238 972 2309 appellat
998 2241 1064 2292 tom.
1083 2243 1107 2291 t.
1128 2236 1181 2293 col.
1202 2244 1265 2293 ’.Ἧι
1291 2238 1420 2293 Ezechiel
1444 2242 1515 2293 inter
1539 2246 1657 2309 peceat-o
1677 2241 1833 2309 iniquitatie

141 2322 217 2377 tir-ue
237 2323 353 2392 tonora·
373 2322 479 2377 Plinius
499 2329 528 2378 et
547 2322 700 2379 Columella
716 2324 790 2378 hunc
809 2325 971 2397 sanguinem
998 2332 1203 2392 conmemorat,
1225 2325 1252 2377 ei
1267 2326 1308 2377 ael
1325 2332 1524 2377 rirenstruatom
1545 2326 1608 2393 quir
1626 2327 1757 2392 accedat,
1776 2344 1831 2395 qua

138 2426 194 2464 nen
214 2409 303 2465 telum
316 2409 454 2473 vitiosum,
474 2409 523 2464 scd
535 2410 794 2482 quandoqueetiam
808 2420 969 2466 venenatum
999 2408 1028 2460 r'n
1046 2426 1077 2461 re
1097 2427 1153 2463 non
1166 2418 1271 2463 neaera
1284 2412 1444 2471 warnaria-r,
1462 2414 1514 2464 secl
1526 2412 1725 2479 concipiendae
1739 2413 1832 2480 prolis

138 2512 198 2551 esre
230 2501 338 2567 patant,
367 2496 441 2551 illiue
466 2496 540 2552 enim
580 2504 709 2553 contactu
748 2500 873 2553 novellas
904 2499 971 2553 niter
998 2495 1111 2548 nerium
1126 2496 1300 2564 prohibetur.
1839 2540 1842 2551 .

139 2598 277 2653 oreeeere,
295 2584 407 2639 sterilee
420 2585 591 2654 fieritaetas
608 2586 716 2653 frupes,
735 2587 814 2638 emori
828 2586 971 2641 horterum
1034 2587 1094 2637 439.
1132 2582 1304 2638 Scholastici
1331 2601 1365 2636 oc
1389 2583 1561 2642 recunduntor,
1591 2584 1639 2654 qui
1663 2584 1697 2637 de
1721 2583 1832 2639 casibus
1845 2584 1864 2627 ¹·
1877 2584 1946 2625 '¹⁸³¹-

139 2670 286 2740 qermina,
302 2671 413 2739 spionia
431 2671 506 2726 velut
524 2671 586 2724 tabe
604 2671 683 2741 injici
697 2670 827 2726 referunt.
864 2671 972 2727 Femel.
997 2668 1184 2724 conscientiae
1215 2670 1385 2741 scripserunt
1415 2676 1499 2741 atque
1528 2686 1588 2735 eos,
1619 2669 1665 2740 qui
1697 2678 1763 2724 sunt
1794 2670 1832 2725 ab
1844 2646 1955 2738 {rev-iii·

140 2754 187 2810 lib.
208 2762 231 2810 t.
250 2754 370 2826 physiol.
399 2772 422 2811 c.
446 2762 467 2812 1.
493 2774 521 2827 p.
541 2762 606 2812 322:
634 2758 668 2811 Si
694 2758 796 2813 mulier
808 2774 973 2829 praequam
998 2753 1144 2809 audiendis
1169 2756 1396 2821 confessionibus,
1424 2754 1571 2810 informare
1598 2755 1759 2821 voluerunt,
1779 2756 1832 2813 hac
1845 2740 1963 2780 ΜΝ*

139 2842 260 2897 alterius
279 2851 423 2897 menstruo
446 2845 678 2915 superprediatur
710 2854 759 2899 aut
777 2846 838 2899 illis
855 2846 972 2899 circum·
998 2840 1120 2911 generali
1139 2841 1239 2913 regula
1254 2841 1376 2896 contenti
1396 2858 1455 2897 esse
1475 2842 1636 2909 noluerunt,
1658 2844 1705 2897 sed
1727 2844 1832 2914 specia-
1916 2892 1919 2897 .

138 2930 257 2997 linatur,
275 2930 401 2984 abortum
417 2931 510 2999 facia·
527 2932 556 2985 ei
573 2939 682 3001 autem,
702 2948 774 3001 qaae
789 2938 898 2985 uterum
916 2949 972 2984 non
998 2927 1037 2980 lia
1060 2927 1196 2998 quaedam
1224 2936 1375 2997 praecepta
1400 2944 1431 2981 oc
1456 2927 1609 2996 peculiares
1635 2930 1833 2999 prohibitiones

138 3025 246 3087 perluit,
277 3018 456 3087 concipiendi
489 3036 567 3088 spem
596 3020 705 3073 adimit.
758 3019 894 3073 Gustatus
927 3017 972 3071 hic
998 3019 1209 3084 proposuerunt.
1230 3030 1302 3085 quae
1321 3014 1445 3068 revocari
1464 3020 1579 3084 possunt
1592 3015 1628 3067 ud
1646 3024 1769 3085 quotuor
1786 3035 1832 3071 ca-

137 3102 256 3173 enoquie
273 3120 358 3158 caneo
376 3105 406 3158 in
426 3105 530 3159 rabiem
548 3105 761 3175 epithemium
780 3112 872 3158 antem
892 3105 972 3158 miris
993 3100 1069 3169 pite,
1090 3116 1162 3171 quae
1180 3107 1244 3156 sunt
1267 3107 1287 3156 l.
1305 3096 1418 3173 χρόνος,
1438 3108 1461 3157 2.
1480 3099 1571 3163 τόπος,
1592 3108 1616 3156 tl.
1629 3100 1738 3173 τρόπος,
1756 3110 1779 3159 l.
1791 3106 1832 3157 τέ-

136 3188 309 3244 cruciatibue
337 3191 457 3260 asflipit,
486 3191 655 3245 comitialem
681 3192 819 3259 morbum,
847 3192 972 3261 pilorum
999 3191 1053 3248 1ος.
1093 3194 1114 3243 1.
1128 3186 1173 3242 De
1199 3195 1324 3257 tempore
1357 3186 1513 3259 conjugalis
1539 3188 1656 3257 copulae
1679 3188 1831 3259 disputant.

137 3276 283 3345 effluaium
307 3277 401 3331 aliare
424 3277 663 3347 elephantiam-um
684 3278 755 3331 uitia
779 3278 881 3347 infert,
907 3279 972 3331 ideo
999 3272 1073 3343 quod
1091 3272 1286 3329 abstinendum
1306 3272 1344 3327 sit
1365 3280 1387 3329 l.
1405 3292 1424 3327 a
1450 3274 1567 3342 conjupe
1590 3283 1769 3343 praepoante
1786 3278 1831 3331 ael

136 3378 157 3413 o
179 3361 315 3415 artemiae
340 3362 411 3416 inter
437 3378 542 3417 renerio
566 3362 675 3415 relatur
699 3362 772 3432 paci
795 3364 972 3433 malipnitate
998 3360 1128 3415 laetante.
1167 3360 1244 3415 ldem
1265 3360 1385 3413 suadent
1404 3358 1517 3430 quidam
1541 3376 1574 3413 ex
1593 3359 1747 3426 valamber,
1771 3360 1832 3417 cle-

138 3445 314 3501 eeietimotur
332 3456 416 3517 atque
428 3449 544 3518 conquir
560 3448 730 3517 elephantici
746 3458 838 3519 potus.
869 3449 973 3521 Ecquis
999 3462 1076 3500 mens
1102 3446 1182 3502 Alex.
1209 3446 1256 3501 lib.
1276 3452 1299 3501 2.
1318 3445 1435 3516 paedag.
1460 3462 1483 3499 e.
1506 3450 1550 3500 te:
1580 3448 1694 3517 ellopser
1723 3448 1832 3503 rinellum

136 3534 223 3606 igitur
249 3532 366 3603 dubitet,
391 3550 578 3606 acongreson
596 3533 716 3588 maritali
740 3550 803 3590 cam
823 3553 869 3603 ea,
900 3553 973 3608 quac
997 3550 1120 3601 unquam
1138 3532 1250 3586 indotuit
1268 3540 1389 3585 ueterum
1406 3532 1599 3586 Hebraeorum
1620 3538 1831 3589 convinceremur.

138 3620 219 3675 tluori
240 3618 398 3691 hujusmodi
416 3620 536 3676 obnoxia
554 3626 603 3689 est,
623 3620 659 3676 ob
678 3622 826 3677 mundiciei
849 3623 972 3679 studium
997 3636 1050 3671 tua
1066 3636 1152 3673 uxore
1171 3626 1360 3688 praelibabit,
1386 3618 1449 3672 ⁸02⁰
1467 3620 1540 3671 ‘mim
1556 3618 1703 3689 octrrpeor,
1727 3622 1754 3673 εἰ
1768 3622 1832 3690 quit

138 3724 199 3762 eree
236 3705 454 3762 abstinendum?
507 3707 634 3763 Clemens
671 3707 824 3761 Alexandr.
861 3707 910 3765 lib.
946 3713 971 3764 2.
997 3721 1031 3759 ea
1057 3704 1140 3757 etiam
1161 3712 1259 3758 utetur
1285 3705 1314 3756 in
1334 3705 1477 3773 conjupio,
1504 3711 1544 3757 eet
1563 3713 1683 3773 praeter
1702 3707 1777 3773 lepra
1806 3718 1833 3761 et

28 3776 40 3797 ⁴
136 3792 292 3865 paedageg.
312 3810 336 3849 c.
358 3798 397 3849 111.
415 3811 443 3863 p.
463 3798 527 3849 226:
556 3794 673 3862 Moyses
691 3811 753 3846 erem
774 3793 844 3862 ipsis
865 3810 972 3862 quoqne
997 3792 1106 3861 injusta
1123 3798 1149 3845 et
1165 3810 1185 3844 a
1203 3791 1314 3844 ratione
1331 3791 1434 3843 alienia.
1482 3792 1590 3843 Rursus
1608 3798 1699 3844 autem
1717 3794 1833 3847 erbrlneit

139 3880 272 3933 erroribuo
292 3879 423 3948 prohihet
447 3880 594 3948 conpredi,
623 3880 651 3932 si
668 3881 745 3944 forte
762 3896 810 3932 eae
828 3880 972 3931 detineant
997 3878 1112 3947 Moprce
1129 3876 1206 3930 viros
1223 3894 1243 3929 a
1254 3876 1491 3947 praepotentibur,
1509 3893 1650 3947 qnoarque
1661 3880 1827 3948 pepererint

136 3966 321 4037 purpationee
358 3973 521 4020 menstruae.
574 3967 641 4019 Non
676 3966 749 4019 enim
782 3972 969 4035 pnrpamento
996 3972 1047 4021 ete.
1074 3963 1185 4017 Matrie
1197 3970 1264 4033 post
1283 3963 1487 4031 conceptionem
1498 3964 1664 4032 probrorum
1684 3972 1708 4017 et
1725 3967 1829 4034 euterpe-

137 4053 285 4123 corporea,
310 4052 344 4105 id
366 4053 444 4121 qued
468 4059 509 4105 eet
532 4053 649 4106 manime
666 4052 788 4120 penitale
813 4052 927 4106 seminia
946 4052 1119 4125 etpraroium
1147 4058 1230 4117 neqat
1258 4050 1374 4115 coitum,
1400 4058 1467 4118 post
1493 4051 1631 4105 sationem
1658 4067 1706 4106 ore
1732 4052 1830 4105 clauco

136 4142 215 4211 quod
232 4156 295 4193 moa
311 4138 392 4193 homo
407 4142 535 4203 futurum
560 4146 612 4207 eet,
632 4139 764 4208 polluere
790 4147 830 4193 eet
855 4130 1107 4235 concon-{omnino
1118 4138 1183 4207 jam
1201 4136 1347 4191 libidinem
1359 4137 1516 4191 occludere.
1549 4138 1729 4206 Ejreeoutem
1744 4156 1828 4209 oppe-

136 4236 265 4295 taneum,
295 4241 343 4279 nee
366 4225 486 4279 sordido
516 4225 637 4279 mariae
660 4226 817 4294 profluvio,
849 4233 874 4277 et
899 4222 1120 4317 qrraeqtitienee,
1144 4239 1216 4291 quoe
1229 4224 1315 4291 prius
1333 4223 1364 4275 in
1381 4222 1538 4277 amentibus
1556 4224 1740 4278 recreabantur
1757 4242 1828 4279 com-

137 4320 341 4385 eepurqantur,
371 4312 587 4382 inquinamentis
617 4314 757 4367 inundare
786 4322 813 4366 et
845 4313 969 4367 obterere.
982 4310 1135 4381 'pleribnm
1169 4310 1242 4364 intro
1272 4326 1421 4364 eonucreae
1447 4310 1477 4364 in
1492 4312 1691 4379 procreatione
1726 4312 1829 4366 coorto

136 4400 287 4473 Colligitur
317 4400 386 4455 hacc
426 4398 618 4471 prohibitionis
650 4398 720 4454 ratio
757 4406 816 4454 tum
845 4416 879 4454 ex
909 4399 1150 4470 lege'occupatae
1168 4404 1323 4467 operantur
1346 4415 1403 4450 ana
1429 4414 1491 4449 cam
1518 4398 1625 4469 opifice.
1670 4399 1764 4462 Nefae
1787 4406 1829 4453 eet

135 4487 267 4559 pancrati
283 4484 372 4541 Lerit.
394 4491 434 4551 11,
447 4502 472 4538 v.
492 4492 534 4542 ll:
548 4486 650 4541 Sancti
659 4486 739 4540 eritis
759 4486 800 4553 (id
813 4491 855 4540 est
866 4484 1076 4553 mundi‚lcrpo,
1095 4490 1255 4553 operantem
1273 4484 1332 4552 jam
1353 4490 1484 4536 naturam
1503 4484 1596 4537 odhra
1616 4485 1745 4538 melectia
1762 4486 1829 4553 offi-

135 4572 291 4647 impolluti,
307 4572 493 4641 continentes,
519 4572 558 4626 ita
576 4572 649 4627 enim
661 4560 743 4646 tii-tp
765 4571 874 4641 saepius
893 4587 1065 4637 usur-,cera
1077 4572 1217 4639 superflue
1224 4572 1440 4639 prorumpendo
1452 4572 1494 4623 orl
1502 4570 1829 4640 pctrrlonteminjuriom.

137 4668 228 4734 petar,
245 4666 330 4731 atque
347 4659 400 4715 hoc
413 4658 527 4716 locoita
541 4658 732 4730 accipiendum
744 4674 812 4727 esse,
831 4656 1075 4728 colligiturldem
1094 4655 1141 4709 lib.
1161 4662 1185 4711 ⁴2.
1211 4661 1333 4711 stromat.
1363 4674 1424 4725 cup.
1449 4662 1486 4711 lt.
1510 4674 1576 4728 pag.
1595 4662 1661 4712 445:
1692 4656 1772 4719 erorl
1792 4666 1832 4711 eet

135 4768 171 4804 ex
192 4746 342 4819 subjuncta
363 4746 531 4815 liceretne),
562 4746 629 4814 qnia
655 4752 767 4798 earrctar
791 4762 852 4797 suat
868 4760 928 4811 eqo,
945 4742 1143 4796 et'eerclidum
1161 4749 1186 4795 et
1203 4759 1332 4813 epurcam
1353 4743 1484 4806 elueliran,
1504 4745 1538 4796 iel
1556 4750 1596 4796 eet
1616 4762 1635 4796 a
1653 4744 1831 4799 matrimonio

137 4854 192 4891 non
207 4832 346 4904 polluetie
365 4834 476 4886 animas
494 4839 619 4899 vostrae,¹
638 4835 698 4884 tum
718 4847 751 4885 ex
769 4829 822 4884 hac
835 4828 1221 4911 ipsalege'eepnrpandurn,
1247 4846 1281 4880 ne
1306 4829 1385 4883 nobie
1410 4829 1517 4898 probro
1543 4829 1611 4882 dari
1624 4830 1732 4901 poerit,
1756 4834 1834 4900 quod

134 4919 257 4993 rpeciali
276 4917 360 4973 Leria
391 4923 439 4984 le,
466 4935 491 4973 v.
520 4922 562 4972 ta:
595 4916 647 4970 Arl
667 4916 811 4970 mulierem
837 4916 867 4967 in
891 4917 1139 4987 repa-*brutarum
1174 4915 1359 4968 aninuantium
1390 4932 1553 4983 conpreseua
1586 4917 1676 4983 mapis
1712 4926 1832 4972 naturae

134 5008 245 5061 ratione
264 5004 394 5078 15111ξῖ2119,
410 5002 601 5057 immunditiae
619 5000 689 5069 ciue,
706 5020 760 5055 non
773 5003 900 5069 recredet,
912 5000 970 5055 rad.
983 5066 985 5077 Ι
997 5002 1155 5065 conveniat,
1183 5019 1267 5071 quam
1286 5002 1407 5055 humana
1429 5002 1588 5071 conjunctio
1607 5002 1636 5055 in
1656 5004 1718 5073 ipro
1736 5006 1833 5059 calore

135 5100 180 5147 eet
196 5092 379 5160 &tntaquae
404 5104 458 5142 non
486 5088 574 5142 solum
593 5087 628 5142 dc
646 5086 776 5141 Leviticis
802 5087 971 5143 contamina-
1003 5088 1125 5143 Veneria
1156 5089 1303 5142 Nonnulla
1317 5096 1391 5143 certe
1401 5107 1504 5153 corum,
1523 5106 1578 5157 qrro
1596 5097 1718 5163 tempore
1730 5091 1831 5159 juben-

135 5174 803 5247 tionibnrnsurpeturLevit.13,v.45.o.15,
826 5192 851 5231 v.
879 5179 901 5229 2.
922 5172 1057 5283 reditur,
1084 5174 1178 5227 rtatim
1208 5176 1340 5228 reeedemt
1367 5175 1556 5244 relinquentia
1589 5176 1833 5230 ariminirtrationi

135 5263 221 5321 etiarn
254 5264 289 5319 de
318 5260 518 5334 pollutionibus
549 5278 582 5317 ex
606 5258 744 5331 peccatis,
777 5276 849 5331 quae
876 5260 1147 5331 conueepifieiam.
1186 5259 1361 5331 Aegrutinns
1386 5260 1434 5319 lib.
1459 5259 1577 5317 debon
1598 5261 1738 5334 conjugali
1758 5278 1781 5314 c.
1801 5266 1831 5315 δι

136 5352 228 5423 legem
248 5349 380 5405 moralem
397 5348 622 5415 committuntur,
649 5346 811 5414 contractis,
841 5346 911 5403 Gen.
930 5348 1072 5414 ³4,=Sunt
1091 5349 1147 5402 uiri
1164 5350 1281 5417 quidam
1300 5364 1386 5417 eroque
1404 5351 1477 5402 odeo
1495 5348 1702 5415 incontinentes,
1721 5356 1749 5402 at
1768 5366 1832 5403 cerr·

135 5458 162 5492 v.
186 5442 225 5494 lo.
245 5436 363 5492 Levitic.
388 5440 434 5500 ts,
461 5453 488 5489 v.
508 5440 548 5490 tt.
592 5432 694 5490 δοιιιιιιιι
721 5430 880 5503 igiturest,
907 5432 973 5504 quia
993 5434 1111 5503 juqibns
1130 5452 1178 5488 nee
1196 5435 1325 5503 precidit
1341 5442 1472 5506 pareant.
1506 5434 1671 5491 Ambrosius
1688 5435 1715 5488 in
1734 5450 1831 5489 comm.

136 5527 311 5579 mmmasta
336 5528 379 5577 eet
404 5520 546 5577 immunda
569 5538 625 5577 non
645 5518 734 5576 solum
753 5518 892 5584 Levitice,
922 5518 1102 5595 sed31.(lor.
1123 5527 1147 5575 1.
1170 5536 1253 5591 super
1270 5520 1369 5577 verba:
1393 5522 1438 5575 Nc
1461 5528 1544 5575 tentet
1561 5540 1610 5578 eor
1629 5522 1758 5576 Satanae.
1798 5520 1832 5575 st

133 5610 221 5668 ctiam
241 5608 370 5681 physice,
393 5607 456 5665 ideo
474 5607 511 5665 ab
528 5606 590 5679 ejus
607 5622 759 5680 congrum
774 5605 889 5661 maritae
907 5605 970 5661 abr·
993 5622 1082 5661 cauea
1100 5606 1225 5669 filioram
1242 5610 1431 5664 creandorum
1449 5608 1562 5663 eluatur
1580 5624 1666 5675 uuor,
1689 5624 1745 5661 nen
1763 5608 1832 5661 oreri-
