4020 6022
256 268 318 325 452
837 254 960 315 LOCUS
975 250 1181 313 molismus
1199 254 1369 320 QUINTUS

255 413 406 487 conjugale
423 432 457 470 ex
477 419 571 470 mutuo
591 430 727 470 consensu
744 418 916 469 conhactum
932 430 988 466 non
999 412 1092 482 potest
1118 418 1234 480 macrae
1252 413 1400 481 ooniacum
1418 411 1616 467 coodamtiam
1628 416 1801 481 perpacem
1820 413 1917 462 noceor
1930 415 1952 460 et

256 502 378 558 humana
396 501 560 557 auctoritate
577 501 621 556 vel
640 517 776 556 consensu
796 501 897 555 iterum
912 498 1041 566 dissolri,
1061 501 1094 551 ut
1118 500 1160 551 ad
1176 499 1339 568 religionem
1358 507 1502 562 tramam
1523 499 1604 568 eajor
1624 497 1670 552 rei
1681 495 1820 566 plurimu
1836 493 1952 563 nampio

257 590 428 645 ostendimus
447 587 573 659 superius
593 583 622 661 ᾗ.
643 592 702 644 638.
721 586 798 642 Deus
819 587 878 658 ipsc
896 604 946 657 pro
967 584 1092 640 adultero
1118 593 1278 640 condomam
1311 593 1426 640 aretam.
1477 585 1536 642 Nos
1569 589 1666 639 contre
1697 598 1854 655 negamus,
1883 582 1951 650 cujus

260 675 346 732 babet
364 681 392 730 et
416 675 512 745 poenis
533 674 662 729 adulterii
686 674 800 745 subjicit
819 690 889 741 eum,
914 672 962 745 qui
980 671 1093 726 alterius
1118 673 1272 729 sententias
1296 678 1410 728 nostrae
1428 673 1610 728 fiandamenta
1628 669 1810 741 exposuimus
1832 667 1863 721 in
1880 683 1952 738 quse

259 778 390 833 sponsam
409 759 558 815 violaverit
580 760 663 817 Deut
683 766 730 827 22,
759 778 784 814 v.
804 765 846 816 24.
869 776 936 831 ergo
953 758 1092 813 matrimo-
1104 720 1108 830 i
1121 760 1210 816 stione
1227 759 1354 831 superius
1370 763 1555 831 pertractata,
1584 776 1622 811 ao
1641 758 1728 811 liceat
1745 754 1910 825 conjugatis
1927 771 1953 808 er

258 849 335 903 nium
354 854 445 902 ratum
470 854 512 902 est
528 864 625 902 rerum
643 863 735 902 coram
754 852 814 918 ipso
832 844 1037 902 matrimonium
1056 831 1213 901 acimatao
1250 864 1385 902 corneam
1420 861 1518 900 eccere
1551 852 1722 918 perpetuam
1760 840 1953 896 continentiam

257 933 372 1004 proinde
391 933 597 998 indissolubile,
622 932 688 989 licet
708 933 809 1004 copule
826 933 949 988 nondum
968 904 1145 1006 secema-lg.
1164 940 1223 989 441.
1245 933 1294 987 ubi
1320 934 1403 988 etiam
1426 933 1463 988 ed
1488 931 1615 1003 exempla
1633 934 1798 986 sanctorum
1819 944 1839 981 a
1857 925 1953 981 bellar-

257 1021 301 1077 rit.
344 1025 368 1077 2.
387 1019 417 1076 si
435 1020 576 1076 vinculum
600 1020 725 1092 conjugii
744 1019 887 1092 spirituale
905 1034 957 1089 per
976 1023 1089 1073 mortem
1117 1021 1192 1076 mino
1204 1021 1328 1075 adducta
1338 1019 1538 1091 respondimus.
1564 1018 1627 1073 Hoc
1638 1017 1699 1071 loco
1711 1014 1955 1088 explicandummt

257 1107 428 1179 spiritualem
454 1106 545 1161 dirimi
570 1112 676 1178 potest,
702 1107 799 1178 utique
820 1105 903 1161 etiam
920 1120 1091 1160 consumma·
1119 1108 1223 1163 dictum
1237 1107 1338 1163 Christi
1350 1106 1449 1164 Matth.
1472 1111 1512 1175 19,
1523 1123 1550 1162 v.
1563 1110 1609 1160 29:
1632 1103 1739 1173 Omnis,
1750 1102 1804 1171 qai
1814 1101 1954 1170 reliquerit

257 1201 317 1249 tum
334 1193 538 1249 matrimonium
556 1210 606 1264 per
629 1198 745 1251 mortem
769 1191 954 1264 spiritualem,
978 1191 1031 1245 hoc
1050 1195 1093 1245 est
1119 1197 1231 1250 domam
1256 1195 1301 1248 oei
1324 1212 1421 1264 aeram
1445 1192 1490 1247 ccl
1514 1208 1628 1246 acorem
1647 1196 1699 1245 etc.
1718 1188 1750 1242 id
1768 1187 1954 1243 mcomnoda

257 1296 308 1352 per
323 1280 478 1352 ingressum
497 1280 525 1334 in
544 1278 713 1352 religionem,
732 1278 844 1335 dissolri
856 1285 958 1350 posset.
989 1282 1012 1333 3.
1029 1276 1092 1332 Non
1120 1280 1302 1336 Bellarminus
1324 1281 1361 1335 ad
1378 1282 1511 1355 conjuges
1535 1294 1585 1348 per
1610 1275 1793 1331 monasticam
1814 1272 1953 1345 professio

258 1367 287 1421 in
310 1366 383 1421 omni
403 1384 477 1435 vero,
495 1365 620 1438 legitimo
638 1365 803 1437 etperfecto
822 1362 995 1419 matrimonio
1008 1362 1091 1417 inter·
1119 1384 1182 1423 ηοω
1200 1384 1218 1422 a
1237 1385 1265 1422 se
1282 1367 1401 1421 invicem
1421 1360 1601 1428 discedentes,
1621 1363 1671 1418 sed
1684 1378 1826 1433 perquam
1842 1360 1955 1417 absurde

259 1453 335 1509 cedit
367 1451 470 1522 duplex
501 1451 572 1505 illud
608 1451 763 1522 vinculum,
801 1452 867 1523 quia
900 1450 929 1504 in
963 1448 1093 1520 conjugio
1119 1461 1148 1509 et
1171 1462 1355 1526 praepostere,
1393 1452 1465 1508 Nam
1493 1458 1515 1508 1.
1540 1450 1666 1506 Christus
1688 1450 1719 1504 in
1744 1449 1848 1504 eodem
1870 1449 1954 1520 capite

259 1539 365 1594 Mariae
384 1545 413 1594 et
431 1538 548 1610 losephi
565 1555 619 1593 non
633 1539 789 1594 intercessit
815 1537 956 1593 vinculum
975 1534 1093 1599 carnale,
1120 1540 1232 1595 unicum
1243 1539 1353 1595 divortii
1367 1538 1488 1594 faciendi
1500 1554 1611 1594 oausam
1624 1534 1770 1592 mustituit
1783 1535 1954 1589 adrdteriam

261 1635 288 1681 et
306 1632 399 1681 tamenr
414 1625 469 1680 fuit
486 1642 591 1692 rerum,
611 1625 765 1697 legitimum
784 1630 812 1680 et
828 1623 981 1695 perfectum
999 1622 1092 1676 matri·
1120 1633 1180 1684 v.9.
1197 1626 1270 1681 absit
1287 1626 1383 1697 igitur,
1400 1631 1433 1679 nt
1443 1624 1611 1706 cogitemus,
1625 1624 1715 1694 ipsum
1725 1620 1860 1677 iuverbis
1869 1620 1904 1675 de
1919 1636 1954 1674 rc·

261 1712 392 1771 monium.
417 1718 442 1768 4,
456 1711 655 1766 Firmissimum
665 1710 831 1766 matrimonii
839 1709 1094 1780 vinculumestipsa
1120 1713 1272 1785 linquenda
1293 1727 1378 1766 uxore
1404 1710 1487 1765 aliam
1516 1727 1642 1779 causam,
1671 1709 1808 1764 videlicet
1840 1707 1955 1762 studium

134 1798 188 1842 XVI·
201 1798 247 1839 ²⁵³·
260 1802 305 1856 lex
325 1799 421 1854 divina
439 1798 473 1853 de
494 1798 660 1854 matrimonii
679 1797 932 1853 indissolubilitate.
970 1795 1012 1850 Ea
1029 1811 1093 1851 vero
1121 1798 1233 1868 majoris
1262 1796 1454 1869 perfectionis,
1491 1796 1594 1852 addere
1627 1795 1757 1851 soluisse.
1811 1799 1837 1851 2.
1867 1793 1897 1850 Si
1923 1793 1954 1849 ob

260 1885 382 1956 pertinet
399 1885 556 1939 nouaclum
574 1885 609 1939 ad
635 1885 842 1940 matrimonium
865 1889 1094 1950 consummatum,
1120 1885 1243 1940 studium
1261 1885 1372 1955 majoris
1390 1882 1568 1955 perfectionis
1587 1882 1653 1939 licor
1666 1883 1821 1953 conjugem
1836 1880 1954 1935 desem

260 1971 309 2028 sed
342 1970 427 2026 etiam
457 1977 562 2035 ratum,
595 1970 730 2043 spirituali
766 1970 852 2042 igitur
884 1973 972 2024 morte
1003 1975 1094 2023 ratum
1122 1988 1155 2026 ac
1182 1972 1217 2026 de
1241 1971 1291 2026 tali
1315 1970 1471 2026 desertione
1498 1970 1603 2024 dictum
1627 1967 1728 2023 Christi
1755 1967 1954 2038 accipiendum,

260 2057 464 2114 matrimonium
482 2057 593 2112 dissolvi
618 2075 673 2112 non
690 2057 799 2129 poterit
833 2057 1093 2129 salpensem
1122 2075 1219 2130 perum
1260 2057 1364 2123 aberit,
1405 2057 1473 2130 quin
1509 2056 1546 2110 ad
1576 2055 1831 2126 Anabaptistarum
1871 2061 1955 2110 casus

261 2145 431 2217 spiritualem
455 2144 606 2200 solueretur
628 2144 796 2199 matrimonii
825 2143 978 2207 vinculum,
1006 2141 1094 2196 multo
1121 2144 1267 2199 causitum
1291 2144 1441 2213 iaciamus,
1466 2143 1514 2215 qui
1539 2141 1575 2197 ob
1602 2141 1793 2197 diversitatem
1820 2141 1955 2214 religionis

261 2232 350 2304 magis
367 2249 418 2303 per
444 2237 559 2287 mortem
583 2230 704 2300 ciuilem,
731 2230 951 2301 deportationem
981 2228 1094 2293 scilicet,
1121 2231 1256 2303 ejusmodi
1281 2230 1464 2286 desertionem
1489 2229 1655 2286 concedunt.
1701 2234 1725 2284 3.
1750 2227 1882 2282 Christus
1906 2245 1955 2282 nou

253 2319 430 2385 solveretur,
467 2318 534 2389 quia
562 2317 636 2373 civili
663 2317 817 2372 contractui
842 2316 930 2387 magis
956 2320 1096 2387 repugnat
1121 2318 1243 2391 loquitur
1262 2318 1297 2373 de
1316 2324 1469 2388 spontanea
1487 2316 1646 2371 dimissione
1665 2315 1759 2370 uxoris
1777 2316 1878 2384 moad
1903 2314 1956 2367 cia-

262 2424 336 2461 mors
354 2405 444 2460 civilis
457 2421 539 2476 quam
559 2403 717 2476 spiritualis.
747 2403 787 2458 At
804 2418 975 2474 consequens
993 2400 1094 2456 estab-
1123 2406 1228 2472 caiam,
1259 2403 1304 2458 vel
1328 2404 1421 2474 quoad
1437 2404 1672 2458 cohabitationem
1690 2410 1716 2456 et
1735 2410 1833 2456 torum
1850 2410 1956 2473 propter

242 2484 384 2548 'surdum
409 2492 492 2563 Ergo.
516 2497 541 2548 b.
551 2491 580 2547 Si
595 2508 645 2562 per
661 2497 776 2546 mortem
795 2489 964 2561 spiritualem
978 2488 1096 2543 solvitur
1122 2493 1277 2563 ingressum
1291 2489 1320 2543 in
1338 2488 1509 2561 religionem,
1527 2490 1576 2544 sed
1589 2489 1625 2544 de
1641 2489 1764 2543 violente
1783 2488 1956 2557 separatione

262 2577 429 2634 matrimonii
457 2578 611 2646 vinculum,
641 2578 755 2631 maritus
785 2575 904 2631 infidelis
934 2582 962 2630 et
985 2574 1095 2646 impius,
1123 2579 1280 2648 aconjuge,
1302 2575 1438 2631 liberisac
1455 2575 1645 2640 facultatibus,
1663 2592 1748 2647 quam
1765 2579 2000 2646 persecutorem

263 2666 367 2738 quippe
384 2664 565 2735 spiritualiter
580 2670 711 2734 mortuus,
732 2683 786 2720 nou
804 2663 919 2719 habebit
930 2667 1093 2733 potestatem
1122 2668 1235 2735 propter
1279 2661 1416 2734 evangelii
1458 2662 1657 2718 confessionem
1700 2661 1782 2717 nobis
1830 2661 1955 2717 inferunt

262 2752 416 2806 maritalem
435 2751 465 2805 in
480 2767 558 2805 suam
576 2752 720 2821 conjugem
740 2758 768 2807 et
780 2751 841 2806 rice
857 2766 944 2806 versa.
969 2757 993 2807 t.
1011 2749 1096 2821 Spiri-
1122 2757 1147 2806 4.
1171 2748 1408 2814 Quemadmodum
1432 2750 1504 2805 enim
1530 2751 1628 2804 domm
1652 2756 1677 2803 el
1702 2749 1770 2816 agri
1790 2756 1859 2804 sunt
1881 2747 1956 2802 relin-

260 2839 365 2895 tualem
384 2844 498 2893 mortem
524 2837 667 2908 Scriptura
683 2856 738 2893 non
757 2837 855 2894 definit
871 2854 924 2907 per
942 2838 1095 2906 inpressam
1123 2836 1234 2909 quendi‚
1247 2837 1360 2907 quando
1372 2836 1477 2892 scilicet
1490 2841 1681 2908 persecutores
1691 2834 1820 2889 canobis
1834 2833 1957 2906 eripiunt,

261 2927 291 2980 io
320 2925 500 2993 religionem,
536 2924 586 2980 sed
614 2924 754 2996 duplicem
782 2922 954 2996 spiritualem
980 2929 1094 2979 mortem
1124 2928 1152 2978 et
1170 2924 1402 2995 quemadmodum
1414 2932 1549 2995 parentes
1562 2923 1684 2977 etliberi
1696 2929 1763 2975 sunt
1776 2920 1958 2994 relinquendi,

260 3012 340 3068 uobis
365 3011 511 3083 proponit,
537 3029 622 3066 auam
647 3013 747 3065 bonum
779 3019 804 3065 et
826 3010 1012 3080 laudabilem,
1041 3028 1097 3083 qna
1123 3011 1235 3083 quaudo
1243 3010 1408 3065 confessioni
1420 3010 1555 3082 evangelii
1568 3008 1799 3079 impedimentum
1809 3007 1958 3077 objiciunt;

261 3097 392 3154 morimur
410 3096 547 3168 peccatis,
574 3096 626 3151 boc
653 3102 695 3152 est
722 3095 758 3152 ab
776 3095 830 3150 illis
849 3097 1004 3152 desistimus
1022 3103 1050 3152 et
1069 3099 1098 3151 in
1124 3099 1164 3152 ita
1187 3114 1297 3170 quoque
1321 3115 1392 3151 eaor
1410 3097 1594 3168 relinquenda
1613 3101 1666 3163 est,
1690 3100 1724 3150 ut
1747 3095 1886 3149 connexio
1903 3110 1957 3147 rer·

261 3185 370 3240 Christo
386 3184 518 3253 vivimus,
537 3184 656 3238 abaram
670 3183 775 3237 malam
787 3191 812 3237 et
829 3185 1024 3253 damnabilem,
1043 3201 1099 3256 qua
1124 3186 1221 3241 borum
1240 3185 1368 3242 ostendit.
1412 3184 1500 3257 Atqui
1524 3188 1652 3254 parentes
1676 3187 1703 3237 et
1721 3181 1806 3237 liberi
1824 3198 1880 3236 uon
1899 3186 1959 3235 sunt

260 3271 391 3326 morimur
410 3270 586 3340 inpeccatis,
605 3270 658 3324 hoe
677 3274 831 3325 estsccure
850 3269 904 3323 illis
924 3269 1098 3342 indulgemus
1123 3273 1163 3326 ita
1186 3272 1377 3343 relinquendi,
1405 3280 1437 3326 ut
1462 3271 1587 3326 subsidia
1611 3270 1699 3333 ritae,
1728 3269 1765 3323 ad
1791 3285 1866 3340 quae
1885 3284 1959 3339 pree

260 3357 383 3414 etavita
396 3356 448 3412 Dei
463 3356 623 3412 alienamur.
648 3356 756 3413 Neutra
764 3354 890 3410 dissolvit
899 3356 1098 3412 matrimoniale
1125 3358 1224 3413 standa
1238 3360 1302 3429 jure
1326 3358 1447 3413 naturali
1472 3358 1540 3430 ipsis
1558 3356 1686 3412 obstricti
1712 3372 1829 3424 sumus,
1854 3354 1896 3410 eis
1914 3355 1956 3409 de

259 3444 417 3512 vinculum3
435 3461 491 3498 non
503 3444 586 3515 prior,
604 3443 670 3515 quia
687 3442 736 3497 illa
753 3442 905 3497 communis
918 3443 1098 3498 estomnibus
1124 3454 1267 3517 negentur,
1286 3451 1308 3502 l.
1329 3445 1401 3501 Tim.
1421 3451 1445 3512 5,
1457 3463 1482 3501 v.
1502 3451 1525 3501 8.
1557 3445 1592 3498 Si
1608 3445 1670 3514 quis
1687 3461 1807 3498 arrarum
1824 3449 1876 3500 etc.
1893 3462 1919 3500 v.
1936 3450 1959 3499 4.

262 3548 326 3586 vere
344 3530 397 3602 piis
417 3537 445 3586 et
461 3530 576 3599 renatis,
602 3547 657 3603 qua
674 3529 870 3584 ratione'inter
887 3529 948 3599 pios
965 3531 1097 3602 conjuges
1124 3532 1243 3606 ἀμοιβὰς
1273 3531 1454 3597 ἀποδιδόναι,
1484 3532 1533 3586 sed
1567 3536 1598 3584 ut
1627 3547 1722 3586 eorum
1752 3547 1834 3586 amor
1861 3530 1958 3586 Christi

262 3636 318 3673 non
330 3621 402 3672 esset
415 3634 508 3672 verum
520 3615 804 3685 matrimonium3non
813 3615 955 3687 posterior,
971 3617 1038 3688 quia
1049 3617 1097 3672 illa
1123 3619 1210 3673 amori
1234 3618 1263 3672 in
1292 3617 1464 3672 confessione
1487 3615 1625 3689 evangelii
1647 3622 1843 3688 postponatur.
1888 3617 1958 3690 Ergo

266 3704 420 3760 communis
442 3710 485 3760 est
510 3703 637 3759 omnibus
671 3702 762 3774 impiis
789 3708 816 3757 et
845 3702 1017 3772 infidelibus,
1042 3721 1098 3776 qua
1123 3705 1205 3760 etiam
1230 3720 1300 3758 uror
1324 3704 1363 3759 ita
1384 3705 1565 3776 relinquenda
1585 3712 1640 3769 est,
1662 3721 1719 3758 non
1743 3710 1777 3759 ut
1805 3705 1842 3760 ab
1865 3704 1958 3760 officiis

261 3791 367 3845 ratione
381 3790 453 3845 iuter
464 3790 562 3861 impios
574 3796 601 3844 et
611 3788 736 3844 infideles
748 3795 886 3844 nonesset
900 3806 995 3844 rernm
1004 3790 1097 3844 matri·
1120 3794 1183 3862 jure
1207 3790 1372 3846 matrimonii
1396 3791 1436 3844 illi
1464 3789 1564 3846 debitis
1583 3791 1756 3855 discedatur,
1782 3792 1835 3847 sed
1856 3800 1888 3847 ut
1914 3808 1957 3863 ps·

261 3877 391 3932 monium.
437 3882 461 3934 8.
485 3877 571 3933 Recte
600 3876 680 3932 addit
709 3875 893 3932 Bellarminus
929 3876 1095 3932 vocabulum
1125 3880 1225 3934 tienter
1241 3877 1376 3945 ieramus,
1397 3876 1421 3931 si
1439 3894 1456 3931 a
1473 3877 1695 3948 persecutoribus
1716 3878 1800 3933 nobis
1820 3878 1957 3950 eripiatur,

260 3964 479 4033 quodammodo,
514 3963 588 4034 quod
612 3961 739 4017 monachi
766 3962 969 4033 quodammodo
994 3963 1096 4018 mundo
1124 3982 1191 4020 neve
1220 3965 1371 4036 quidquam
1398 3976 1495 4019 contra
1525 3963 1661 4034 evangelii
1691 3962 1897 4021 confessionem
1925 3982 1956 4022 ex

260 4049 425 4117 moriautur,
450 4049 560 4104 scilicet
590 4049 613 4103 si
631 4053 772 4104 externam
790 4048 989 4120 professionem
1007 4055 1036 4104 et
1049 4067 1095 4104 va·
1123 4068 1215 4106 amore
1249 4050 1342 4106 uxoris
1376 4067 1500 4123 agamus.
1553 4048 1795 4114 Quemadmodum
1834 4050 1957 4107 Christus

260 4155 324 4192 nam
357 4137 479 4208 ipsorum
511 4135 703 4208 gloriationem
737 4135 873 4207 respicere
899 4135 1030 4203 velimus,
1067 4145 1097 4193 at
1123 4139 1230 4208 dicens,
1254 4140 1303 4208 qai
1326 4137 1486 4210 perdiderit
1515 4137 1640 4191 unimam
1664 4155 1745 4190 raam
1764 4146 1887 4208 propter
1906 4124 1956 4202 me,

260 4241 340 4278 secus
360 4239 404 4277 res
424 4239 453 4278 se
472 4222 564 4291 habet,
584 4222 607 4276 si
625 4222 666 4277 rei
677 4221 821 4277 veritatem
840 4222 1003 4289 iutueamur,
1022 4224 1096 4279 unde
1124 4224 1240 4279 investiet
1260 4242 1329 4288 eom,
1347 4241 1522 4297 nequaquam
1539 4223 1592 4277 hoc
1609 4222 1704 4287 voluit,
1718 4223 1796 4294 quod
1816 4225 1957 4296 nosipsos

262 4310 392 4365 Erasmm
412 4309 495 4377 dicit,
520 4310 667 4363 rnonacbos
693 4316 751 4362 tam
777 4326 835 4362 esse
861 4318 940 4363 estro
962 4312 1096 4364 mandam
1123 4311 1279 4366 interimere
1298 4310 1456 4379 debeamus,
1472 4311 1521 4366 sed
1540 4310 1616 4381 quod
1636 4311 1753 4379 animae,
1772 4310 1805 4365 id
1824 4318 1868 4367 est
1887 4312 1955 4366 vitae

263 4415 346 4466 quam
365 4412 445 4450 renes
463 4403 542 4448 estro
562 4412 665 4464 eorpus
684 4394 826 4448 animalia.
1123 4405 1247 4463 nostrae,
1277 4396 1359 4451 fidem
1391 4397 1419 4450 iu
1446 4395 1585 4451 Christum
1616 4402 1643 4452 et
1667 4394 1733 4452 fidei
1756 4397 1957 4454 confessionem

135 4485 167 4525 su
183 4492 229 4523 Μ·
299 4488 358 4538 681.
392 4480 439 4535 Ab
456 4479 509 4534 hac
534 4480 695 4552 quaestione
724 4482 758 4536 de
778 4480 951 4538 matrimonio
969 4490 1043 4549 rato,
1062 4499 1097 4536 an
1124 4484 1263 4539 anteferre
1290 4482 1455 4553 debeamus,
1484 4484 1525 4538 ita
1550 4499 1660 4554 quoque
1683 4483 1737 4537 hoc
1763 4481 1828 4539 loco
1858 4484 1958 4545 diceus,

135 4538 215 4628 iffi·
262 4569 332 4625 illud
350 4569 386 4624 sit
405 4567 521 4623 solubile
540 4568 633 4640 quoad
650 4567 792 4623 vinculum
809 4585 859 4640 per
876 4574 970 4623 votum
985 4568 1098 4624 solenne
1124 4572 1174 4640 qni
1189 4571 1336 4638 reliquerit
1355 4588 1476 4639 arerent,
1497 4587 1552 4624 non
1569 4569 1622 4623 hoc
1641 4569 1735 4637 voluit,
1753 4570 1832 4640 quod
1849 4586 1958 4626 uxorem

136 4647 241 4731 ffiffi'
263 4654 463 4721 continentiae,
501 4654 647 4709 transitum
680 4653 798 4709 iacimus
834 4655 871 4710 ad
910 4656 1098 4728 quaestionem
1124 4674 1142 4711 a
1165 4656 1244 4711 nobis
1267 4663 1366 4728 sponte
1383 4655 1513 4711 abdicare
1536 4655 1699 4722 debeamus,
1727 4655 1780 4709 sed
1803 4658 1881 4729 quod
1900 4675 1958 4714 oon·

135 4743 239 4835 '2¹:2¹3‘
264 4744 379 4799 alteram
397 4741 485 4796 eidem
505 4741 699 4813 cognatamde
714 4742 888 4798 matrimonio
901 4752 1098 4813 consummato,
1121 4744 1184 4815 jugi
1211 4743 1386 4815 evangelium
1412 4749 1441 4798 et
1469 4745 1530 4814 ejus
1560 4741 1759 4797 confessionem
1792 4760 1959 4816 praeponere

135 4805 250 4885 iuncos·
263 4848 299 4885 an
318 4828 388 4884 illud
406 4827 443 4883 sit
459 4827 577 4883 solubile
598 4830 695 4898 quoad
713 4836 804 4883 taram
822 4838 848 4883 et
867 4829 1098 4884 cohabitationem
1124 4830 1278 4889 conveniat.
1325 4837 1348 4885 5.
1369 4829 1484 4894 Qualem
1512 4829 1694 4884 desertionem
1713 4827 1845 4886 Christus
1862 4831 1959 4887 intelli·

135 4898 245 4997 },ffim
264 4932 314 4987 per
335 4918 431 4971 votum
458 4915 572 4969 solenne
598 4914 786 4971 continentiae
809 4915 867 4971 sive
893 4915 1047 4987 ingressum
1068 4915 1097 4969 in
1124 4924 1185 4989 gat,
1216 4916 1338 4970 omnium
1364 4916 1517 4972 rectissime
1544 4916 1682 4987 colligitur
1704 4933 1738 4971 ex
1766 4919 1959 4989 apostolorum,

136 5005 219 5054 soron.
264 5000 445 5074 religionem?
481 5000 666 5056 Bellarminus
686 5000 823 5073 affirmat,
850 5002 889 5057 sic
914 5002 985 5057 enim
1002 5002 1099 5057 scribit
1125 5004 1160 5059 ad
1180 5019 1249 5075 quos
1266 5002 1398 5074 loquitur,
1424 5004 1558 5074 exemplo.
1602 5003 1671 5058 Post
1687 5002 1878 5062 desertionem
1893 5007 1959 5063 eniu

263 5089 310 5144 lib.
343 5089 378 5143 de
405 5087 522 5144 matum
550 5106 610 5162 cap.
646 5096 690 5146 il:
728 5090 872 5145 &olentia
906 5090 1097 5161 theologorum
1124 5090 1215 5160 illam,
1246 5107 1301 5161 qua
1334 5089 1438 5145 relictis
1470 5090 1597 5146 omnibus
1629 5088 1729 5144 Petrus
1757 5107 1826 5147 cum
1849 5092 1959 5166 reliquis

263 5174 517 5246 (Scholasticorum)
539 5184 566 5230 et
592 5177 725 5231 ecclmiae
748 5178 832 5230 totius
851 5176 1024 5248 (pontificum
1042 5177 1097 5232 Ro·
1126 5176 1262 5248 epostolis
1281 5176 1422 5232 Christum
1440 5181 1501 5232 crat
1519 5184 1645 5242 secuun,
1665 5176 1757 5233 adhuc
1775 5186 1821 5235 est
1837 5187 1868 5236 et
1886 5198 1959 5237 voca

263 5279 408 5319 manorum
427 5267 579 5328 eteorum,
605 5264 653 5336 qui
670 5263 724 5317 illis
743 5262 907 5330 adhaerent)
934 5269 988 5327 est,
1013 5281 1098 5336 posse
1123 5270 1168 5319 tur
1186 5267 1285 5318 donum
1305 5263 1429 5317 Simonis
1448 5271 1473 5317 et
1491 5263 1639 5331 Andreae,
1664 5264 1745 5334 cujus
1763 5267 1960 5339 proprietatem

263 5351 470 5406 matrimonium
488 5358 705 5405 consummatam
718 5350 791 5405 inter
802 5352 901 5416 fideles
920 5351 994 5405 colai
1004 5353 1100 5421 quoad
1124 5351 1163 5405 ita
1196 5349 1251 5404 sibi
1280 5350 1425 5417 vendicat,
1457 5357 1489 5404 ut
1521 5348 1677 5404 convivium
1709 5350 1738 5404 in
1770 5352 1822 5408 ills
1847 5353 1960 5410 instruat

263 5446 353 5493 terrm
377 5445 403 5491 et
420 5437 650 5492 colobitotiooem
673 5454 706 5492 ec
736 5455 871 5492 consensa
895 5444 1017 5508 propter
1039 5455 1097 5491 ma·
1123 5436 1221 5492 Matth.
1240 5443 1270 5505 8,
1296 5454 1321 5490 v.
1348 5439 1384 5492 14,
1413 5438 1498 5491 Mare.
1518 5443 1547 5505 1,
1573 5453 1599 5489 v.
1618 5440 1660 5492 29.
1679 5435 1750 5493 Luc.
1770 5447 1806 5510 4,
1824 5459 1851 5495 v.
1872 5447 1914 5500 38.
1931 5457 1959 5497 sc

256 5524 351 5593 jarem
377 5532 460 5595 otqas
483 5523 613 5579 altiorem
636 5531 740 5579 statam
770 5525 985 5595 acquirendum,
1014 5531 1045 5578 at
1070 5525 1098 5579 si
1123 5529 1255 5599 tanquam
1274 5522 1343 5580 ciris
1358 5522 1569 5595 Capemaiticus
1580 5522 1745 5580 didrachma
1762 5526 1848 5583 solvit
1865 5527 1958 5585 bistth
