4020 6022
765 176 819 231 DE
837 174 1039 239 censuale.
1693 190 1753 249 ιιι

49 340 145 389 meae
161 332 279 403 ιιιιιιι·
292 332 427 399 fontane
444 332 562 387 seraa
584 332 669 387 nerei
694 348 751 387 aon
766 332 1093 429 porrintlmanifestam
1110 334 1160 391 liet
1177 334 1246 391 loco.
1294 333 1377 391 Dnee
1395 334 1513 407 proinde
1530 333 1616 405 hujus
1640 333 1751 391 ιιιίιιιιι

49 420 114 487 iare
131 426 226 475 tamon
240 418 362 489 pennam
379 426 406 473 ιι
424 426 545 473 amarae
562 418 706 487 ejusmodi
719 416 888 486 prohibitio·
901 434 904 457 ¹
915 419 1000 475 ιιιιιιί
1020 428 1250 493 perrumpentes,
1263 436 1380 491 quarum
1398 419 1474 490 prior
1488 420 1524 477 do
1537 420 1754 491 propinquitate

50 521 113 559 neos
137 522 194 559 non
219 522 288 571 ιιιι,
311 505 466 575 exemplam
484 504 619 559 Atreias
637 506 733 569 ἀιιιι,
765 502 813 557 cni
828 506 1119 573 commatrimoninm
1145 506 1327 577 impediente,
1354 506 1491 577 posterior
1522 506 1558 563 de
1585 507 1755 576 deiparitate

50 592 161 647 oaciua
178 594 262 661 ripas·
280 608 343 647 nere
355 592 420 661 fast
438 590 609 662 eoajaqiam.
902 580 1040 697 {legitimo
1059 592 1232 649 matrimonio
1250 592 1369 647 adversa
1385 590 1524 647 tractabit.

422 768 476 773 -...
506 766 575 775 --.ω
1229 768 1438 777 ——n—

85 910 854 977 naulounueaosunaloa.
1139 914 1534 978 Prasmon.

52 1072 120 1137 De
172 1070 381 1136 RELATA
432 1067 788 1149 QUALITATUM
835 1064 889 1129 ΙΝ
919 1068 984 1133 DE
1011 1068 1451 1149 PROPINQUITATE
1487 1069 1752 1137 MATRIMO·

52 1172 307 1241 PERSONIS
356 1169 692 1237 MATRIMONIO
736 1166 890 1235 COPU·
938 1170 1070 1236 NIUM
1127 1173 1480 1257 lMPEDlENTE,
1536 1172 1621 1239 UBI
1664 1170 1729 1237 DE

71 1275 268 1343 LANDIS
305 1272 706 1353 REQUISITARUM
729 1268 849 1337 GON-
985 1273 1235 1339 GRADUUM
1293 1274 1687 1342 PROHIBITIONE

285 1375 659 1445 SIDERATIONE.
1168 1375 1492 1443 TRAOTATUR.

10 1558 30 1585 ¹·
89 1552 148 1604 ἰιι-
190 1546 318 1603 Vidimus
354 1544 489 1599 Ιιιιιιιιιιι
524 1544 673 1615 qualitates
711 1557 890 1613 personarum
953 1549 1011 1599 239.
1046 1544 1174 1599 Ceterum
1206 1552 1238 1599 ιιι
1265 1546 1302 1600 de
1315 1547 1528 1615 propinquitate
1547 1545 1751 1601 matrimonium
1766 1550 1784 1591 ¹·
1802 1550 1880 1593 ulnis

10 1608 36 1689 ia
56 1633 233 1688 matrimonio
256 1631 513 1703 conjungendarum
540 1631 666 1684 absolate
694 1628 890 1695 consideratas,
920 1630 1089 1700 impediente
1117 1630 1218 1687 rectius
1244 1631 1303 1686 fieri
1332 1633 1419 1702 poerit
1437 1631 1575 1701 judicium
1600 1648 1632 1685 ec
1649 1630 1751 1686 clarius
1764 1605 1858 1703 iiii&

10 1752 38 1791 q.
56 1718 111 1775 hoo
130 1727 173 1775 est
190 1718 258 1789 quid
277 1716 307 1772 in
324 1716 449 1788 qualibet
466 1733 585 1787 persone
609 1730 660 1784 per
678 1730 709 1769 se
731 1720 760 1769 et
776 1712 889 1769 seorsim
918 1716 1070 1783 elucescet,
1100 1734 1173 1789 quae
1198 1726 1226 1773 ιι
1252 1718 1343 1789 qualis
1362 1717 1556 1789 propinquitas
1578 1717 1751 1772 matrimonio

57 1806 232 1877 requiretur,
262 1808 296 1857 ιιι
326 1802 500 1857 matrimonio
527 1800 628 1855 habilis
655 1806 684 1856 et
700 1800 802 1855 idonee
827 1815 891 1853 cen·
918 1803 1092 1872 adversetur,
1130 1820 1194 1858 oum
1226 1803 1379 1859 sententiae
1409 1803 1557 1874 plurimum
1586 1820 1620 1859 ea
1650 1804 1685 1857 de
1721 1820 1751 1857 ro

56 1896 166 1957 natur,
196 1888 297 1961 quibus
320 1888 368 1959 qui
392 1887 595 1956 destituuntur,
627 1887 663 1942 eb
686 1886 761 1941 omni
780 1884 890 1955 penitus
917 1890 1037 1960 varient,
1071 1889 1134 1945 ideo
1164 1890 1282 1945 docendi
1313 1892 1405 1963 gratia
1430 1890 1647 1961 propinquitatis
1678 1888 1752 1944 illins

56 1975 230 2031 matrimonio
247 1973 440 2031 excluduntur.
489 1972 535 2027 Sic
552 1972 671 2028 eunuchi
690 1990 745 2027 non
764 1971 853 2026 solum
873 1988 891 2025 a
917 1976 1001 2031 staturi
1017 1982 1134 2046 possunt
1153 1982 1245 2031 certae
1264 1977 1401 2047 quaedam
1429 1976 1587 2031 divisiones.
1635 1975 1752 2047 Propin-

57 2060 231 2116 matrimonio
254 2076 318 2115 curn
344 2064 421 2113 certe
437 2059 533 2128 eliqua
551 2076 670 2128 persone
694 2057 891 2119 contrahendo,
918 2062 1009 2133 quites
1031 2064 1113 2132 juxte
1137 2062 1272 2133 quosdam
1289 2070 1332 2117 ιιι
1356 2063 1469 2133 triplex,
1500 2064 1544 2117 vel
1573 2062 1678 2137 νόμου,
1708 2062 1752 2115 ιιι

58 2148 107 2203 sed
133 2147 162 2199 in
186 2160 289 2217 genere
313 2144 350 2198 ab
371 2144 446 2199 omni
463 2145 573 2199 omnino
590 2145 722 2217 conjugio
744 2161 807 2198 cum
825 2159 892 2213 qua·
918 2147 1083 2218 πνεύματος,
1102 2149 1145 2203 vel
1163 2148 1266 2221 σαρκὸς
1282 2144 1298 2215 ἢ
1317 2148 1436 2221 φύσεως,
1452 2150 1565 2218 tepolis,
1582 2150 1751 2219 spiritantia,

60 2249 174 2303 cunque
209 2246 328 2303 persons
363 2237 500 2287 ementur.
556 2230 734 2301 Consequens
771 2237 826 2294 cst,
861 2236 893 2282 ut
918 2235 1066 2288 irritaretis.
1102 2234 1217 2305 legalis
1234 2242 1278 2289 ιιι
1295 2252 1329 2288 ιι
1346 2236 1515 2307 adoptivam-
1548 2235 1752 2305 spiritualiora

57 2319 208 2391 qualitates
245 2332 424 2387 personarum
459 2316 632 2371 matrimonio
673 2315 891 2386 copulandemm
917 2322 1161 2391 compaternitat03
1192 2320 1327 2375 naturalis
1354 2322 1411 2375 eive
1439 2322 1558 2376 camelis
1594 2322 1699 2377 estaol
1718 2340 1752 2375 ιι

57 2404 266 2461 confideremus
290 2402 397 2469 relate,
427 2401 479 2457 hoc
506 2410 548 2457 ost
568 2402 637 2471 quid
655 2402 683 2455 in
702 2401 826 2472 personis
851 2398 890 2453 in·
917 2408 1013 2460 carnin
1030 2409 1255 2477 propoqatione,
1279 2408 1353 2462 unde
1378 2408 1621 2479 consanguinitas,
1646 2409 1690 2462 ost
1718 2426 1752 2461 ιι

55 2493 149 2547 vinem
178 2489 384 2561 conjungendis
407 2488 444 2543 ob
469 2497 595 2544 mutuum
618 2505 712 2545 earum
736 2493 890 2559 respectum
918 2494 1014 2548 carnia
1025 2494 1212 2565 repedatione,
1224 2493 1300 2547 unde
1312 2493 1442 2547 affinitas.
1473 2494 1532 2549 Nos
1545 2493 1751 2563 pauloplenins

10 2570 40 2617 ι
56 2577 222 2649 requiratur,
243 2582 275 2630 ut
293 2575 417 2647 legitime
436 2580 465 2629 et
482 2573 598 2631 honeste
622 2574 794 2630 matrimonio
808 2572 891 2643 jungi
917 2580 957 2634 sic
997 2595 1208 2634 enumeremus:
1246 2579 1443 2650 Propinquitate
1483 2596 1675 2649 personarum,
1715 2580 1751 2634 de

52 2663 171 2735 possint,
189 2660 291 2733 qnibue
311 2660 493 2731 qualitatibus
522 2664 546 2716 si
566 2664 612 2733 qui
632 2662 834 2727 destituuntur,
852 2659 891 2713 illi
918 2683 1034 2737 quarum
1054 2666 1248 2721 matrimoniali
1266 2666 1461 2737 conjunctione
1479 2667 1628 2737 quaeritur,
1647 2668 1691 2721 eet
1707 2668 1751 2722 vel

55 2768 114 2805 non
138 2750 176 2804 ab
201 2748 275 2804 omni
298 2748 409 2818 penitus
427 2748 617 2816 matrimonio,
649 2747 699 2802 sed
721 2747 892 2800 duntaxata
917 2753 1047 2817 nonesto,
1071 2752 1114 2807 vel
1134 2752 1286 2807 inhonesta.
1336 2752 1461 2807 Honeste
1478 2758 1521 2807 ιιι
1539 2752 1583 2806 vel
1600 2752 1750 2813 naturalis,

52 2835 187 2906 conjugio
219 2851 283 2889 cunr
313 2834 397 2888 cortis
423 2832 590 2905 quibusdem
619 2834 743 2903 personis
771 2830 892 2887 ineundo
917 2839 962 2893 val
991 2840 1163 2895 noluntaria,
1215 2838 1371 2903 Naturalis,
1403 2838 1531 2910 quaneh
1561 2838 1624 2909 ipen
1651 2844 1751 2893 natura

55 2928 193 2979 monetur.
244 2920 291 2975 Sic
316 2920 365 2991 qni
391 2920 427 2974 ob
444 2919 563 2990 medum
581 2918 702 2990 aliquem
720 2916 892 2988 cognationis
918 2923 1052 2995 originem
1070 2922 1157 2979 hebet
1175 2930 1205 2979 ιι
1222 2926 1251 2978 in
1263 2924 1382 2979 naturali
1394 2924 1588 2992 conjunctione
1600 2923 1749 2991 fundatum

57 3025 123 3063 oom
140 3014 217 3063 corto
234 3006 355 3078 qoodom
373 3004 563 3076 personatui
582 3005 667 3058 oimio
684 3003 892 3075 propinquitate
918 3010 1081 3077 voluntarie,
1099 3026 1172 3081 queo
1190 3027 1207 3064 ι
1225 3010 1314 3064 libera
1325 3009 1444 3063 hominis
1456 3008 1599 3064 voluntate
1615 3008 1749 3079 originem

52 3097 172 3165 junctus
187 3091 413 3164 eetconjngium
424 3092 494 3147 inire
508 3091 677 3162 prohibetur,
694 3090 784 3145 isnon
798 3090 891 3144 statim
916 3096 1012 3151 nubit.
1063 3096 1259 3168 propinquitas
1289 3094 1423 3149 naturalis
1452 3098 1595 3164 spectetur
1626 3094 1657 3148 in
1687 3111 1750 3147 ean-

56 3181 95 3235 ab
120 3179 195 3234 omni
219 3178 331 3249 ponitus
356 3178 529 3233 matimonio
554 3184 678 3241 aneta,
706 3177 755 3231 sed
775 3176 891 3231 liberam
919 3182 1124 3253 aanpatnaaq
1141 3181 1299 3236 nolanam
1315 3180 1507 3251 propinquitas
1527 3186 1569 3233 ιιι
1585 3178 1631 3233 nl
1652 3180 1749 3233 nan-

56 3283 123 3321 cum
150 3266 206 3322 elie
233 3281 351 3336 persona
377 3264 559 3320 contrahendi
588 3270 753 3335 potestatem
780 3262 890 3317 retinet.
917 3268 1057 3331 monialis,
1077 3266 1121 3321 vel
1140 3268 1259 3321 alteriue
1277 3268 1396 3337 panaris.
1433 3265 1630 3337 Propinquitas
1653 3264 1750 3319 volun·

52 3351 140 3407 Tales
166 3352 315 3422 qualitates
334 3350 363 3406 in
380 3350 505 3421 personis
531 3349 703 3405 matrimonio
727 3348 891 3419 copulandis
916 3356 987 3409 teria
1006 3352 1216 3407 matrimonialis
1235 3358 1277 3407 ιιι
1297 3358 1326 3407 ιι
1342 3351 1446 3405 dicitnr
1463 3353 1610 3421 affinem,-
1637 3352 1749 3421 propin·

55 3439 145 3493 relate
176 3437 357 3494 consideretis
390 3436 539 3507 requisitae
567 3435 691 3491 revocari
715 3440 832 3506 possunt
853 3434 890 3487 ad
917 3440 1010 3512 quites
1026 3438 1139 3493 alterim
1156 3438 1265 3509 generis
1282 3444 1326 3492 ιιι
1343 3437 1386 3493 vel
1405 3436 1567 3507 spiritualia
1583 3438 1750 3493 eteocton'a·
1764 3462 1865 3507 qam

54 3524 113 3580 duo
129 3524 272 3595 generata
287 3523 398 3595 eapite,
414 3539 450 3579 ne
469 3522 575 3577 scilicet
594 3521 731 3591 ejusmodi
747 3536 889 3591 personae,
917 3526 996 3595 mea,
1015 3525 1060 3580 vel
1078 3525 1181 3593 topatio
1199 3532 1225 3576 ιι
1239 3525 1370 3596 politica.
1401 3523 1559 3595 spiritualis
1576 3530 1606 3579 ιι
1623 3524 1750 3579 ecelesia·

55 3611 90 3666 de
109 3626 227 3681 quarum
250 3609 427 3665 maritatione
450 3608 606 3680 quaeritur,
639 3607 695 3662 siut
717 3608 801 3661 simio
820 3624 889 3676 pro·
917 3612 989 3667 stica
1012 3611 1207 3682 propinquitas
1234 3616 1278 3665 est
1299 3610 1343 3665 vel
1368 3612 1520 3664 commanis
1544 3610 1667 3665 omnium
1685 3626 1750 3665 scre

48 3698 179 3767 pinquat
209 3712 259 3749 aaa
289 3696 406 3749 nimiam
438 3695 579 3765 dispareo.
627 3696 670 3748 Ao
694 3693 811 3764 proinde
834 3693 890 3747 duo
917 3699 1025 3768 piorum
1051 3714 1084 3752 ιι
1115 3712 1171 3751 uno
1196 3695 1350 3766 eodemque
1368 3694 1421 3750 Dei
1440 3695 1526 3750 verbo
1543 3701 1573 3750 et
1589 3695 1750 3751 initiationis

57 3783 225 3838 matrimonii
244 3782 442 3853 impedimenta
453 3780 499 3835 lrio
511 3780 641 3837 constitui
659 3785 784 3851 possunt,
801 3780 889 3833 nimia
918 3788 1091 3838 sacramento
1103 3781 1298 3852 regennarum,
1313 3781 1356 3835 vel
1374 3782 1510 3850 spectatis
1522 3782 1593 3837 inter
1605 3787 1750 3851 susceptos

57 3870 165 3925 scilicet
177 3868 380 3939 propinquitas
396 3886 431 3921 ae
449 3868 539 3921 nisnio
556 3868 723 3935 disparitas.
768 3866 887 3923 Nimiam
917 3886 950 3925 ιι
980 3868 1090 3923 leveoro
1120 3867 1251 3936 baptismi
1281 3871 1311 3921 et
1340 3872 1521 3937 susceptores.
1576 3866 1690 3938 Legelis
1721 3873 1750 3921 ιι

55 3955 290 4028 propinquitatem
308 3971 368 4009 esse
389 3954 615 4024 impedimentum
634 3952 807 4014 matrimonii,
826 3969 890 4006 oon·
917 3954 1031 4025 politica
1043 3955 1126 4008 estin
1139 3954 1292 4023 adoptione
1303 3953 1374 4007 inter
1390 3952 1570 4022 adoptantem
1590 3960 1619 4008 ιι
1640 3954 1749 4023 adopti-

55 4049 161 4098 stater
175 4040 322 4095 manifeste
339 4039 427 4094 divini
447 4040 550 4094 codicis
568 4039 724 4107 sanctione,
742 4038 831 4095 Lavit
850 4045 889 4106 18,
917 4059 987 4095 vam.
1025 4040 1174 4095 Inhonesta
1199 4045 1241 4093 est
1256 4038 1301 4094 vel
1314 4056 1347 4093 ιι
1364 4041 1534 4093 crematione
1551 4047 1580 4095 ιι
1597 4040 1749 4107 adulterio,

55 4147 81 4183 v.
100 4134 131 4185 ιε
162 4127 268 4182 Noun
292 4128 333 4180 ad
354 4127 545 4195 propinquans
566 4126 662 4179 camir
688 4142 756 4180 onae
772 4128 889 4179 conectat
915 4128 959 4183 vel
976 4144 1010 4182 ex
1029 4127 1089 4180 alio
1108 4126 1233 4189 ommino,
1247 4124 1396 4196 dequibus
1415 4124 1747 4196 pmpinquitetiospeeie·

56 4216 98 4269 od
116 4214 302 4269 revelandam
328 4213 484 4267 nudantem
510 4214 587 4281 ejas,
617 4228 700 4281 qoam
718 4212 888 4266 sanctionem
916 4214 968 4269 bus
985 4212 1112 4267 omnibus
1129 4216 1159 4267 ιι
1178 4211 1295 4283 singulis
1312 4227 1394 4281 porro
1413 4210 1604 4267 disserendum
1623 4212 1686 4268 erit
1760 4200 1766 4211 ’

53 4299 125 4371 Jnris
155 4316 212 4353 non
242 4298 332 4353 solum
359 4297 476 4353 forensis
505 4306 534 4354 ιι
564 4298 690 4362 Moesici,
728 4298 777 4353 sed
805 4298 888 4353 etiam
953 4306 1012 4355 itt).
1048 4300 1075 4352 A
1110 4297 1317 4368 propinquitate
1354 4298 1499 4366 rsotarali,
1537 4314 1599 4353 cum
1637 4314 1671 4351 ea
1705 4297 1748 4351 vel
1765 4317 1858 4365 proptr-

56 4384 167 4445 morelis
193 4400 228 4439 ac
253 4383 381 4453 perpetui
421 4383 536 4439 inferius
565 4400 616 4437 suo
641 4384 701 4437 loco
720 4384 887 4438 demonstra·
916 4385 1033 4440 maxime
1056 4386 1086 4438 in
1111 4382 1315 4454 impedimentis
1338 4383 1504 4437 matrimonii
1528 4383 1681 4453 spectanda
1704 4384 1748 4451 sit,
1763 4368 1849 4459 222?ss

57 4470 156 4525 bimus.
204 4467 274 4524 Cum
302 4470 375 4525 enim
403 4472 537 4541 conjuges
569 4488 618 4541 per
642 4470 808 4525 matrimonii
831 4471 888 4525 sin·
915 4471 1012 4526 merito
1035 4470 1208 4524 tractationis
1230 4470 1349 4523 sumitur
1372 4468 1491 4525 initium.
1548 4468 1681 4523 Consistit
1707 4484 1749 4536 ea,
1762 4468 1800 4511 ¹¹³·

57 4556 150 4610 culum
169 4554 240 4609 fient
256 4572 314 4609 ana
340 4572 408 4610 earo
429 4556 528 4611 Gener.
548 4562 577 4620 t.
607 4574 632 4611 v.
652 4563 692 4611 ιι.
728 4555 826 4611 llletth.
848 4562 885 4626 lt,
916 4556 957 4609 uti
978 4555 1112 4621 diximus,
1138 4555 1168 4609 in
1183 4556 1440 4623 consarrqninitate,
1472 4556 1552 4624 eujus
1571 4555 1748 4608 simulacrum

57 4660 82 4695 r.
100 4648 126 4699 e.
152 4640 218 4696 inde
234 4641 346 4696 divinae
363 4642 517 4712 sapientiae
534 4642 699 4696 conveniens
727 4643 816 4697 visum
834 4660 888 4696 non
915 4647 959 4695 est
977 4642 1115 4706 aspiratae.
1144 4641 1377 4711 Consanguinites
1391 4640 1521 4695 definitur
1534 4640 1749 4707 ascholastiois,

57 4735 112 4797 est,
141 4744 202 4796 eos,
233 4728 281 4797 qui
310 4727 517 4799 propinquitate
542 4727 632 4782 carnis
656 4728 709 4783 iam
740 4734 806 4782 ante
825 4744 888 4782 con·
916 4727 990 4799 quod
1021 4728 1058 4781 sit
1087 4727 1227 4779 vinculum
1253 4745 1441 4795 personarum
1470 4729 1506 4779 ab
1531 4730 1630 4781 aoann
1654 4728 1750 4796 stipite

53 4814 146 4883 juncti
164 4820 250 4880 erant,
268 4828 320 4883 per
336 4814 496 4884 conjugium
514 4813 542 4865 in
562 4830 645 4868 unam
675 4830 784 4869 carnem
805 4831 888 4885 copo·
914 4814 1138 4867 descendentium
1146 4813 1259 4866 carnali
1263 4814 1473 4883 propaqationa
1483 4814 1751 4881 contractamsslat·

57 4900 114 4955 leri.
149 4898 269 4955 Nimiam
287 4898 478 4969 disparitatem
498 4914 560 4954 esse
587 4900 754 4955 matrimonii
773 4900 888 4972 impedi·
915 4900 1102 4969 fttuabltipaft,
1132 4899 1285 4969 fflloqldaft.
1338 4899 1497 4956 Notandum
1516 4898 1663 4963 hocloco,
1689 4916 1750 4969 pro·

56 4992 189 5051 mentum,
207 4984 303 5041 itidem
320 4991 430 5041 ιοιιιιιι
448 5003 480 5041 ιι
501 4986 596 5040 divine
612 4988 755 5042 sanctione
768 4987 888 5051 Deutt,
916 4985 1080 5056 pinquitstis
1117 5002 1217 5040 nomen
1258 4984 1303 5037 hic
1338 4986 1423 5054 paulo
1455 4984 1613 5055 generalius
1649 4986 1749 5057 accipi,

57 5090 82 5129 r.
100 5078 131 5128 t:
154 5072 223 5126 Non
240 5072 342 5141 ianpes
368 5080 395 5126 ιι
416 5072 561 5143 affinitate
580 5073 741 5127 cananaeis
765 5076 889 5146 populis,
916 5072 1029 5144 quando
1046 5072 1120 5126 enim
1137 5072 1246 5143 proprie
1264 5079 1293 5126 et
1310 5071 1442 5125 distincto
1462 5070 1617 5141 loquimur,
1641 5078 1699 5127 tum
1719 5076 1748 5126 ia

56 5160 146 5221 tiliam
163 5167 241 5213 amm
257 5176 315 5212 noa
334 5158 417 5212 dabie
427 5158 494 5228 filio
514 5160 575 5227 ejus
596 5167 622 5211 ιι
634 5159 731 5227 filiam
753 5162 814 5229 eires
831 5180 889 5215 non
914 5159 994 5212 lineo
1016 5160 1246 5213 adscendentiam
1265 5167 1291 5211 ιι
1311 5158 1535 5213 ananan-notam
1553 5160 1689 5214 duntaxat
1708 5164 1752 5213 est

57 5246 152 5315 copies
163 5244 232 5314 filio
247 5252 311 5310 too,
337 5260 410 5315 qnae
428 5245 590 5300 constitutio
608 5246 735 5315 quamvis
765 5246 802 5301 rit
816 5246 889 5316 J‘uris
916 5244 1124 5316 propinquites3
1156 5243 1186 5297 in
1210 5244 1423 5299 collateralibus
1449 5262 1515 5302 vero
1546 5245 1649 5301 dieitur
1681 5262 1751 5317 avy-

57 5330 172 5387 iorensis
196 5329 233 5386 ed
251 5330 437 5387 israeliticum
454 5330 588 5402 populmn
611 5331 723 5401 proprie
746 5340 888 5402 spectem,
915 5336 1025 5402 γένεια,
1055 5338 1085 5387 ιι
1111 5330 1222 5403 quando
1254 5330 1304 5384 ille
1329 5334 1477 5400 συγγένεια
1504 5334 1591 5388 oritur
1619 5349 1653 5387 ιι
1677 5331 1752 5386 linea

56 5422 149 5473 ιιιιιιι
175 5416 280 5472 morale
305 5416 381 5472 illins
405 5417 475 5487 legis
500 5422 543 5472 est
567 5422 747 5487 perpetuam,
775 5424 809 5472 nt
836 5434 887 5473 sno
915 5418 1078 5485 masculine,
1095 5418 1198 5473 dicitnr
1208 5417 1332 5486 naneae,
1343 5418 1457 5487 quando
1475 5425 1569 5474 ιιιιιιιι
1581 5434 1615 5473 ιι
1629 5417 1752 5473 feminee
