4020 6022
212 230 275 288 ³02
787 224 909 284 Locus
926 221 1135 281 mosmos
1154 224 1324 291 QUINTUS

211 379 244 432 ut
267 375 307 442 is,
337 377 385 450 qui
404 378 559 450 existimet,
589 397 619 436 sc
637 379 807 455 ἀσχημονεῖν
832 396 918 452 super
939 380 1193 453 virginofpublieis
1207 381 1345 452 perieulis
1363 381 1550 453 &amollire
1574 390 1601 435 et
1619 382 1661 436 ud
1673 382 1847 451 peragosus
1858 396 1912 451 ps·

212 462 373 538 ὑπεράκμῳ,
390 481 452 521 enm
470 465 570 536 nuptui
592 466 700 530 usust,
726 466 794 538 quin
819 466 913 538 potius
933 467 1046 545 ciceret,
1059 458 1061 475 '
1073 465 1148 521 blica
1167 466 1325 522 ministeria
1344 468 1402 536 liis,
1427 469 1477 537 qui
1495 484 1551 523 non
1568 475 1699 535 urustsm,
1717 468 1912 522 commmoda·

211 549 290 604 nulls
313 551 421 606 rstionc
440 551 538 621 judicii
555 550 669 606 humani
706 551 803 608 babitu
838 552 1048 609 custodiendum
1074 551 1137 617 tior,
1156 558 1249 607 tumen
1261 554 1563 622 nonestsentiendmn,
1579 555 1658 622 puori
1672 552 1725 607 me
1738 553 1816 607 ritae
1827 568 1911 622 penus

212 653 272 692 esse
289 635 363 692 filice
387 636 588 708 virginitatem,
607 637 681 692 sicut
708 643 729 693 1.
747 636 810 693 Cor.
829 645 860 703 4,
876 656 903 695 v.
923 644 947 695 3.
966 638 1048 693 dicit:
1071 654 1126 707 per
1143 655 1173 692 ss
1191 639 1229 693 sit
1246 656 1342 693 caram
1360 640 1499 695 tribunali
1511 639 1571 692 Dei
1581 638 1762 693 sueollmtius
1780 646 1834 692 aut
1847 655 1910 692 sau·

213 720 291 776 Mili
301 740 359 792 pro
375 723 489 776 minima
507 730 555 790 eet,
571 731 602 776 ut
618 740 638 777 a
654 725 733 777 uobis
746 724 864 793 judicer
883 732 934 778 aut
950 725 986 778 ob
998 724 1048 777 lm·
1074 723 1146 776 cusu
1161 741 1246 793 guam
1262 725 1433 794 eonjupim

212 824 294 861 mana
312 808 367 862 die.
412 811 439 862 3.
460 809 508 861 En
528 817 651 863 umerum
678 810 818 863 doctrino.
861 808 1049 881 Hieronymus
1110 814 1168 864 493.
1204 808 1378 881 Oppononds
1410 815 1452 863 est
1476 809 1546 863 boec
1574 807 1728 880 propositio
1754 809 1911 863 imnsosis'eis

214 893 364 949 coelibatui
381 894 453 964 plus,
471 910 555 966 quum
572 911 625 964 pur
643 900 699 964 cst,
718 895 829 965 saepius
846 894 957 959 tribuit,
975 895 1050 950 idem
1075 896 1229 949 coelibatu
1245 895 1394 964 encomiis,
1410 894 1512 966 quibus
1529 910 1585 949 non
1603 894 1693 948 solum
1710 893 1742 948 in
1760 908 1793 948 sc
1812 908 1847 949 so
1863 909 1910 964 psr

212 984 305 1034 umen
335 979 398 1037 libr.
421 986 442 1036 1.
473 983 536 1036 cdv.
566 981 660 1037 Jovin.
683 998 706 1038 c.
732 988 757 1038 6.
780 981 856 1038 circs
877 981 948 1036 med.
974 987 1049 1036 recte
1075 997 1105 1036 sc
1129 981 1223 1036 cultus
1247 980 1302 1034 Dci
1329 979 1476 1044 stutuitnn,
1506 980 1556 1035 sed
1586 979 1670 1035 etism
1688 978 1847 1035 minotio
1864 995 1910 1050 pro

212 1064 324 1119 scribit:
347 1067 380 1119 Ut
399 1067 576 1123 mucurisin
593 1068 666 1123 nibil
687 1076 726 1122 ert
744 1075 773 1120 et
785 1068 967 1138 praeputium
976 1067 1049 1120 ninii
1075 1067 1201 1136 pcccatis
1226 1071 1255 1121 ct
1283 1065 1410 1122 meritum
1442 1067 1516 1121 vitae
1543 1071 1674 1122 aeternae
1702 1066 1746 1121 illi
1772 1064 1909 1121 tribuitur.

212 1157 266 1218 est,
292 1154 345 1205 secl
375 1153 533 1208 observatio
559 1156 761 1208 mandatorum
795 1154 855 1206 Dei
862 1173 874 1218 ;
903 1154 944 1207 sic
975 1152 1049 1206 nibil
1076 1150 1264 1207 Bellcminus
1283 1152 1395 1223 quidem
1414 1149 1454 1206 lib
1472 1157 1497 1209 t.
1536 1151 1572 1206 dc
1588 1150 1717 1207 monecb.
1737 1167 1762 1207 c.
1782 1156 1809 1206 6.
1825 1150 1909 1222 impu·

208 1239 328 1306 prodest
343 1239 447 1308 absque
466 1240 598 1309 operibus
616 1241 772 1295 caelibatus
790 1247 816 1293 et
832 1240 961 1309 nuptiae,
987 1256 1049 1292 eum
1075 1237 1174 1293 denter
1193 1243 1287 1308 neget,
1305 1238 1397 1292 ultum
1414 1236 1591 1292 catholicum
1603 1237 1741 1306 demisse,
1760 1239 1910 1306 quadrata

180 1316 191 1341 “
212 1323 296 1376 stiam
302 1325 388 1397 fides,
404 1341 478 1394 quoe
484 1327 605 1396 proprie
619 1325 846 1380 Christianorum
856 1332 906 1393 est,
923 1323 951 1378 si
960 1340 1048 1393 opera
1074 1323 1238 1387 monastica,
1257 1322 1330 1378 inter
1348 1339 1420 1393 ques
1437 1328 1480 1378 cst
1493 1328 1590 1377 votum
1603 1321 1770 1391 coelibatus,
1787 1339 1909 1377 mersas·

212 1427 268 1463 non
285 1409 430 1475 menae,
449 1419 563 1467 mortua
582 1428 641 1465 esse
660 1412 776 1466 dicatur
796 1419 822 1464 et
839 1410 893 1464 liae
909 1411 972 1480 ispe
991 1410 1047 1464 oir-
1074 1415 1121 1461 tur
1151 1409 1345 1463 remissionem
1369 1417 1566 1480 peccaterum,
1596 1414 1682 1479 utque
1711 1408 1766 1463 hoc
1799 1409 1906 1464 nominc

212 1496 290 1564 pines
308 1512 416 1566 mogus
442 1498 538 1552 Vestae
555 1506 582 1552 et
600 1498 724 1552 Junanis
744 1497 873 1552 univirae
891 1498 921 1551 in
937 1503 1048 1550 saneto·
1074 1493 1244 1550 Melanthoni
1280 1495 1310 1550 io
1340 1498 1474 1550 moerenti
1501 1495 1679 1550 mendacium
1700 1493 1810 1550 tribuit
1858 1494 1908 1552 Sed

212 1599 276 1636 rum
292 1590 397 1650 peream
420 1582 522 1637 ordine
545 1583 697 1638 numerari.
739 1582 891 1654 Gregorius
916 1582 1047 1638 Neriene.
1074 1580 1295 1636 contrariantes
1314 1578 1812 1651 doctrinsctprssiPontificiorurn
1831 1580 1910 1635 facile

211 1666 241 1720 in
261 1673 328 1724 orst.
348 1667 377 1722 in
394 1666 491 1725 funere
513 1685 611 1724 soror:
638 1670 698 1723 Nee
724 1669 840 1738 nuptiae
858 1676 979 1740 propter
996 1686 1046 1721 na-
1074 1666 1255 1721 demonstrari
1283 1670 1383 1736 potest.
1429 1664 1549 1730 Quinem
1573 1664 1647 1720 onim
1673 1682 1709 1719 cx
1733 1664 1909 1721 Scholasticis

212 1760 306 1805 turam
326 1756 476 1823 preprium
502 1773 562 1809 esee
589 1756 755 1825 sopiendas,
784 1771 836 1809 nec
857 1754 1047 1823 oirpinitotem
1073 1750 1230 1821 disputant,
1249 1754 1328 1821 quod
1344 1768 1434 1821 opera
1452 1752 1536 1805 etiam
1553 1751 1684 1827 minima,
1705 1759 1737 1804 ut
1753 1759 1848 1820 stare,
1870 1769 1909 1806 se·

207 1846 329 1908 propter
345 1848 478 1894 naturam
487 1842 639 1911 propriam
653 1841 852 1908 catollendam,
869 1841 922 1893 sed
931 1847 1046 1895 mentem
1074 1839 1152 1900 dere,
1172 1839 1336 1908 comme,
1360 1838 1452 1891 bibere
1472 1844 1521 1891 ete.
1544 1853 1616 1906 quae
1633 1836 1665 1890 iu
1681 1836 1825 1890 caelibatu
1841 1838 1908 1901 fiunt

212 1940 279 1988 esse,
298 1942 370 1994 quae
387 1927 531 1995 nuptiiset
548 1926 713 1994 oirpinitate
731 1925 854 1979 merel
865 1926 1045 1980 maieutitur.
1073 1941 1092 1975 a
1108 1924 1270 1977 monasticis
1288 1923 1434 1994 personis,
1457 1924 1513 1976 sint
1540 1923 1605 1976 Deo
1632 1922 1799 1992 acceptiora
1827 1938 1909 1991 quau

212 2010 387 2080 Augustinus
403 2011 433 2065 in
452 2011 500 2066 lib.
521 2012 556 2064 dc
574 2010 638 2066 bon.
656 2009 767 2082 conjug.
792 2028 816 2066 c.
837 2018 865 2066 9:
890 2011 1047 2065 Videndum
1073 2026 1163 2078 opera
1179 2011 1304 2063 maoima
1325 2010 1437 2079 primos
1463 2016 1490 2062 et
1513 2009 1653 2063 secundae
1678 2008 1812 2075 tabulae,
1840 2026 1909 2078 quae

212 2104 252 2149 est
271 2096 358 2159 nobis,
377 2097 439 2150 alia
456 2096 620 2150 bonanobis
633 2096 819 2161 Deumriare,
838 2112 911 2165 meae
928 2102 1047 2167 propter
1073 2111 1093 2147 a
1128 2096 1288 2165 conjugatis
1315 2097 1399 2163 fiunt.
1463 2091 1672 2150 Bemhsrdinus
1716 2092 1747 2147 in
1794 2092 1908 2149 Rostrio

211 2198 241 2234 ee
260 2182 326 2250 ipsa
344 2185 499 2252 repetenda
518 2192 596 2249 sunt,
624 2183 696 2237 siccet
720 2191 760 2236 est
776 2183 931 2252 sapientia,
959 2183 1047 2252 sulus,
1073 2179 1177 2244 scribit,
1197 2180 1386 2249 uirginitatem
1407 2196 1521 2233 smoure
1540 2179 1577 2232 ab
1595 2178 1908 2234 interitudamuatiosis

211 2267 360 2333 amicitia,·
376 2268 446 2336 otia,
465 2285 538 2339 quoe
545 2276 666 2339 propter
680 2269 1047 2338 aliquidsuntneeessaria,
1073 2275 1222 2330 aeternae,
1257 2274 1283 2319 ot
1297 2266 1342 2322 .in
1372 2266 1434 2335 ejus
1458 2266 1585 2334 fipuram
1610 2265 1792 2337 praecopiosa
1815 2267 1909 2320 Deum

210 2354 281 2407 sicut
307 2355 455 2419 doctrina,
485 2355 577 2422 moras,
598 2364 697 2426 potres,
729 2373 854 2419 samam,
877 2356 1047 2425 coniugium,
1073 2351 1156 2410 Num.
1171 2357 1213 2414 31,
1231 2368 1258 2406 v.
1275 2356 1315 2406 Π.
1333 2351 1399 2407 Jud.
1413 2355 1455 2419 21,
1473 2356 1553 2406 ull.
1572 2350 1908 2422 muluruauaeeapna

210 2439 372 2493 concubitus
389 2448 438 2494 ete.
458 2441 502 2495 iis
523 2444 618 2511 itaque
636 2443 723 2508 bonis,
740 2459 812 2512 quae
826 2448 948 2511 propter
964 2441 1048 2494 aliud
1073 2444 1170 2490 rerunt
1188 2438 1280 2506 uiros,
1307 2437 1470 2502 interficite,
1498 2437 1622 2505 uirgines
1644 2444 1738 2491 auum
1762 2448 1908 2493 reservate.

211 2522 371 2579 neamsaria
388 2533 465 2595 sunt,
491 2528 614 2596 quinon
632 2528 755 2592 adlice,
774 2535 895 2597 propter
912 2528 989 2595 poa
1005 2526 1047 2578 in·
1073 2523 1151 2589 Itoni,
1171 2524 1323 2577 monachas
1342 2540 1376 2578 ac
1396 2522 1532 2578 moniales
1550 2523 1581 2577 in
1599 2523 1659 2576 suis
1675 2524 1908 2580 summittantur

211 2611 310 2665 stitutu
337 2619 416 2676 sunt,
439 2614 544 2678 utitur,
567 2621 669 2682 peccat
686 2613 765 2668 alias
784 2612 948 2680 venialiter,
971 2612 1047 2666 aleas
1073 2610 1153 2674 uotis,
1172 2609 1245 2663 inter
1264 2628 1336 2680 puae
1354 2617 1395 2664 est
1409 2616 1563 2680 perpetuus
1582 2608 1752 2675 coelibatus,
1772 2627 1830 2665 son
1848 2619 1907 2665 tas·

212 2697 424 2751 damnabiliter.
464 2696 598 2766 Quisquis
614 2715 680 2752 uero
696 2699 864 2768 eispropter
881 2698 947 2765 hoe,
972 2698 1048 2766 guod
1072 2703 1131 2749 tum
1142 2713 1200 2765 pro
1229 2696 1302 2762 suis,
1333 2712 1428 2749 oerum
1454 2694 1538 2748 etium
1561 2701 1723 2748 sanctorum
1740 2702 1769 2749 et
1786 2695 1908 2751 aliam

213 2784 284 2836 duta
299 2791 379 2851 sunt,
402 2782 505 2848 utitur,
538 2784 603 2838 bene
622 2786 709 2852 facit,
742 2785 790 2837 eui
813 2802 878 2853 erpo
901 2801 959 2838 nan
983 2790 1048 2836 sunt
1071 2783 1259 2847 fundatorum
1275 2781 1403 2850 peccatis
1420 2780 1596 2849 satisfacere,
1614 2778 1681 2835 indo
1705 2779 1736 2835 in
1752 2779 1859 2852 hymno
1874 2781 1908 2838 ds

157 2874 160 2879 '
212 2868 388 2935 necessaria,
409 2870 438 2923 si
453 2887 510 2923 non
527 2871 569 2923 erc
585 2871 689 2935 utitur,
716 2869 817 2924 melius
828 2871 916 2937 facit.
940 2869 988 2924 lib.
1012 2868 1048 2925 dc
1073 2866 1226 2937 virginibus
1244 2872 1361 2922 ounuut:
1381 2867 1477 2935 Huius
1498 2866 1608 2921 obtentu
1620 2867 1701 2920 Deus
1711 2866 1789 2920 alme
1804 2866 1908 2923 nostris

212 2953 241 3011 S.
256 2952 336 3025 Virg.
359 2970 383 3008 c.
403 2959 432 3010 8:
471 2954 625 3025 Virginitas
651 2973 706 3009 non
729 2955 798 3025 guia
825 2955 891 3009 talis
914 2962 970 3024 est,
996 2957 1048 3009 sed
1069 2970 1159 3023 poree
1176 2955 1241 3021 jum
1259 2953 1352 3021 osrlpis
1372 2953 1472 3007 uitium
1488 2952 1637 3007 remittens.
1676 2950 1816 3008 Marullus
1833 2952 1907 3018 dicit,

214 3041 284 3110 quia
304 3041 369 3094 Deo
381 3041 481 3124 diruta
493 3049 542 3110 est,
561 3041 725 3110 honoratur,
746 3041 896 3110 quaelicet
914 3041 944 3096 in
962 3057 1047 3095 corne
1074 3040 1201 3107 Moysen,
1219 3039 1287 3108 quia
1305 3038 1408 3108 conjure
1420 3038 1487 3107 fuit,
1504 3055 1561 3092 non
1574 3038 1702 3109 potuisse
1720 3039 1839 3108 inps-edi
1856 3046 1908 3093 tsr·

210 3133 346 3196 serretur,
365 3127 485 3197 spiritus
506 3135 599 3181 tamm
618 3127 755 3196 religione
774 3145 810 3182 ac
827 3127 972 3181 (levatione
988 3144 1046 3181 ser·
1072 3142 1134 3178 ram
1160 3124 1373 3194 promissionis,
1402 3123 1511 3179 Josuue
1541 3140 1607 3178 uero
1632 3132 1805 3193 propterea,
1840 3126 1907 3196 quia

210 3221 300 3276 catur,
318 3229 426 3281 ceper
451 3213 503 3268 boc
529 3213 691 3283 spiritualis
717 3222 757 3267 eet
786 3214 871 3267 etium
897 3213 1047 3284 airpinitas
1073 3211 1181 3265 coelebs
1199 3211 1267 3275 fuit,
1284 3211 1336 3264 hac
1353 3210 1443 3273 suune
1463 3211 1567 3263 dotum
1603 3208 1637 3263 In
1654 3207 1754 3265 eodem
1771 3209 1907 3266 Rcrnbnr

84 3306 139 3350 xvi
157 3305 189 3349 ιο.
212 3299 354 3367 corporis,
382 3316 465 3368 mrum
483 3306 561 3353 vovet
579 3307 604 3352 et
621 3307 714 3353 seruat
734 3299 906 3355 continentia
920 3301 1046 3371 pietatis.
1073 3296 1131 3351 dini
1159 3296 1275 3351 Rosorio
1303 3313 1337 3352 ex
1364 3296 1472 3351 Thomu
1497 3295 1635 3366 allegatur
1657 3294 1728 3350 boec
1758 3298 1906 3353 sententis:

212 3384 273 3439 libr.
294 3389 318 3438 6.
337 3383 373 3438 de
392 3384 444 3437 civ.
473 3384 566 3439 Deio.
587 3390 635 3439 ³6:
663 3384 869 3439 Constituamus
888 3387 983 3439 ambos
1000 3387 1046 3439 bo·
1072 3383 1233 3452 Religiosus
1250 3390 1359 3445 tantum
1374 3383 1448 3447 facit
1469 3383 1574 3436 danum
1593 3383 1657 3436 Deo
1680 3381 1711 3435 in
1727 3399 1783 3437 sua
1791 3385 1906 3453 prases-

212 3486 264 3523 nos
281 3469 477 3536 (continentem
506 3477 535 3524 et
558 3471 764 3541 conjugatum),
787 3471 921 3540 prosecta
947 3473 1047 3526 melior
1073 3473 1150 3526 riom
1171 3472 1254 3542 (quse
1274 3468 1466 3539 complectitur
1483 3466 1567 3522 etium
1585 3472 1681 3522 votum
1699 3467 1830 3539 perpetui
1849 3486 1906 3526 coo

211 3564 251 3609 est
279 3555 447 3624 eonjuparus
470 3554 652 3618 fidelissimus
678 3563 704 3608 et
723 3556 963 3611 obedientissimus
983 3558 1047 3613 Deo
1074 3556 1203 3625 libutus),
1229 3557 1306 3625 pecori
1318 3572 1374 3624 per
1393 3555 1427 3607 id
1442 3554 1619 3623 consequitur
1633 3553 1799 3623 plenariam
1816 3556 1905 3611 inam

210 3641 453 3712 quameontinens
467 3640 586 3695 minoris
601 3642 670 3706 fidei
680 3642 852 3711 minorisque
863 3643 1045 3700 obedientiae.
1073 3643 1196 3712 pontiam
1224 3641 1346 3695 omnium
1372 3657 1487 3694 suarum
1508 3647 1692 3708 peecatorum
1719 3659 1740 3694 a
1765 3658 1863 3710 poena
1883 3647 1907 3695 ei

209 3726 331 3783 'Ibomus
349 3743 444 3798 opusc.
464 3732 505 3782 lt.
524 3743 584 3797 cup.
606 3732 630 3781 6.
649 3726 818 3783 coelibatum
835 3734 864 3782 et
883 3729 1045 3800 conjugium
1074 3730 1169 3798 eulpa.
1206 3727 1244 3782 Et
1268 3725 1348 3781 addit
1366 3725 1592 3782 Bernhardinus:
1617 3726 1740 3788 Quando
1760 3728 1906 3797 relipiasus

210 3820 294 3868 vocat
311 3813 414 3881 medio,
429 3828 485 3882 per
503 3829 575 3880 pune
593 3814 634 3866 od
651 3830 820 3866 communem
840 3813 1049 3868 Christianismi
1074 3816 1257 3882 recordatur,
1284 3830 1313 3866 se
1331 3813 1433 3877 fecisse
1446 3810 1677 3882 promissionem,
1700 3820 1729 3867 et
1746 3814 1783 3868 de
1801 3815 1855 3869 boo
1871 3821 1906 3868 us

211 3902 294 3963 finem
312 3899 488 3968 pervenitur,
514 3899 565 3968 eui
587 3905 627 3952 ost
648 3899 707 3952 Dei
730 3907 755 3952 et
775 3899 903 3967 proximi
924 3901 1047 3956 delectio.
1073 3910 1229 3968 contentus,
1258 3908 1284 3954 et
1303 3901 1338 3952 de
1357 3917 1427 3954 novo
1445 3914 1507 3952 eam
1520 3900 1650 3966 faceret,
1666 3899 1694 3952 si
1710 3917 1768 3954 non
1780 3902 1904 3967 secuso.

212 3985 290 4041 Inter
300 4001 386 4056 opero
397 3984 461 4044 Job.
471 3984 604 4041 Gereonio
617 3985 774 4040 cancellarii
782 3986 945 4041 Purisiensis
957 3993 1048 4043 exsut
1073 3988 1197 4057 qualibet
1218 3987 1277 4040 oice
1306 3986 1485 4055 concoquitur
1516 3984 1723 4052 irrdulpentiam
1744 3987 1905 4056 plenarius

211 4070 376 4143 opusculum
392 4072 428 4126 de
441 4072 617 4141 perfectione
632 4071 780 4140 relipionis
793 4071 973 4126 Christianae
986 4074 1045 4127 sine
1073 4075 1195 4127 omnium
1210 4080 1399 4145 peecatorum.
1442 4070 1506 4128 Alb.
1530 4070 1648 4142 Piggius
1670 4070 1700 4125 in
1716 4078 1807 4127 contr.
1821 4088 1851 4129 'u
1869 4078 1905 4131 il.

211 4159 282 4213 notis
300 4165 327 4211 et
352 4157 497 4224 consiliis,
525 4157 554 4211 in
582 4174 637 4227 quo
663 4174 775 4228 propos.
792 4163 816 4212 3.
841 4158 882 4212 sic
910 4158 1044 4231 loquitur:
1073 4161 1109 4214 de
1144 4159 1228 4216 votis:
1266 4159 1429 4212 Monostice
1463 4158 1614 4210 ussermitur
1650 4174 1670 4209 a
1703 4159 1905 4228 profitentibus,

213 4244 328 4312 Relicto
345 4241 510 4298 Christiano
526 4250 619 4313 potest
642 4245 745 4313 absque
764 4252 827 4297 uoto
848 4245 988 4315 obligante
1006 4249 1047 4299 ad
1072 4246 1140 4316 puio
1158 4246 1285 4299 ereditur
1304 4245 1400 4299 oolere
1426 4244 1468 4297 od
1482 4243 1719 4307 smbfaoieudum
1735 4260 1793 4313 pro
1808 4261 1904 4314 pecec-

214 4329 336 4384 eonsilia
344 4330 482 4398 perfecte,
498 4328 769 4399 imoperfectissime
782 4330 932 4387 obseruari.
963 4334 1046 4386 Patet
1071 4334 1120 4396 tis,
1143 4339 1225 4400 utque
1245 4347 1301 4400 per
1321 4347 1394 4399 ,eom
1418 4330 1594 4399 impetremus
1619 4328 1749 4383 diuinam
1773 4332 1903 4399 gratiam.

211 4416 247 4470 de
266 4414 393 4483 Christo,
420 4415 469 4483 qui
493 4433 548 4469 non
572 4416 677 4484 lepitur
708 4416 814 4470 r‘oos'sse
838 4417 973 4485 consilio,
997 4420 1047 4487 qui
1072 4419 1159 4472 item:
1178 4417 1315 4471 Monoclri
1331 4424 1458 4471 castrant
1475 4432 1505 4470 se
1519 4423 1641 4486 proptor
1658 4432 1776 4487 regnum
1788 4419 1851 4473 Dei
1863 4435 1903 4473 ae

210 4500 268 4562 suit
296 4509 389 4555 tamen
412 4517 479 4555 suae
507 4501 579 4570 lepis
605 4501 832 4571 perfectissimus
864 4505 1044 4574 observator,·
1071 4505 1241 4574 sequendum
1259 4511 1285 4558 et
1301 4503 1427 4572 pratiam
1446 4503 1506 4557 Dei
1524 4519 1593 4570 moa
1610 4506 1902 4595 nospromerenaarn

209 4593 292 4655 potet
309 4587 426 4657 insuper
444 4588 480 4641 de
497 4588 635 4657 apostolis
654 4596 681 4641 et
699 4588 849 4658 dr'smpulis
868 4599 894 4644 et
911 4592 1045 4646 t'liristia·
1071 4590 1146 4645 undo
1162 4605 1270 4643 versus:

210 4673 256 4726 nis
267 4673 304 4770 ‘in
317 4670 468 4742 primitiva
485 4673 618 4740 ecclesia,
643 4692 760 4744 quorum
777 4675 861 4730 multi
878 4687 961 4732 erunt
978 4697 1045 4733 uco-
1126 4710 1237 4777 Inclyta
1255 4706 1404 4775 „cml-„ism
1423 4706 1516 4762 eodm
1533 4722 1605 4776 qm
1623 4707 1687 4760 dou
1704 4707 1835 4776 mmm,
1913 4720 1951 4763 m

212 4765 279 4827 rati,
298 4759 380 4814 multi
392 4759 586 4830 possessiones
602 4759 772 4833 labremmt,
790 4761 906 4832 quidam
924 4763 954 4817 in
973 4782 1044 4819 eom·
1161 4796 1231 4850 cm
1249 4792 1382 4847 malam
1401 4792 1510 4848 Christi
1529 4792 1722 4847 commanda
1738 4792 1845 4862 plum·

212 4844 298 4907 mum',
315 4846 432 4913 quidam
449 4846 480 4899 in
494 4846 630 4916 proprio:
660 4846 845 4902 Bellurminus
864 4848 923 4920 ipsc
942 4849 991 4908 lib.
1010 4852 1045 4906 de

212 4929 336 4985 mensch.
354 4947 378 4986 c.
399 4936 440 4987 32.
455 4948 528 5003 rcsp.
549 4931 586 4987 sd
603 4938 633 4989 6:
663 4933 821 5003 Virginitas
838 4936 963 4989 absalme
981 4954 1045 4991 can·
1071 4934 1213 4991 iohannes
1231 4949 1249 4986 n
1264 4929 1416 4986 Deventria
1428 4930 1456 4986 in
1473 4931 1559 4986 barm.
1571 4930 1645 5000 Aug.
1662 4929 1736 4984 coni.
1755 4928 1777 4984 f.
1790 4936 1855 4987 514:
1875 4927 1905 4983 u·

211 5015 355 5083 mommo,
381 5024 411 5070 ut
428 5018 519 5072 solum
538 5018 609 5072 dicit
631 5021 806 5087 nepotianum
825 5024 968 5089 quandam
981 5040 1045 5077 con-
1071 5022 1140 5075 liaeo
1158 5020 1312 5074 docuerunt
1331 5017 1469 5087 manueli,
1485 5034 1515 5071 se
1532 5019 1584 5071 boc
1600 5016 1675 5071 uitae
1691 5032 1795 5083 genere
1807 5016 1905 5073 mamm

205 5102 293 5171 jupii
313 5118 368 5155 non
386 5110 426 5155 est
450 5104 554 5168 uirtus,
573 5105 625 5157 sed
648 5111 679 5158 ut
700 5111 742 5158 est
755 5106 887 5174 perfecta
904 5111 1045 5176 gemellam
1071 5106 1261 5162 remissionem
1285 5111 1468 5174 peccatorum
1501 5112 1528 5158 et
1550 5103 1787 5173 justificationem
1816 5120 1904 5160 coram

210 5187 369 5253 refrenatio
400 5190 649 5259 concupiscentiae.
704 5190 754 5256 (At
784 5191 937 5262 perfectam
968 5193 1045 5249 illam
1072 5196 1144 5261 Dea,
1162 5192 1213 5245 sod
1231 5189 1356 5259 amplius
1372 5190 1467 5257 etiam,
1486 5198 1560 5244 certe
1578 5189 1649 5244 nilril
1665 5189 1744 5255 salsi
1755 5191 1903 5246 clamarunt

211 5271 454 5344 concupiscentius
472 5274 683 5332 refrenationem
698 5276 749 5331 ubi
767 5277 879 5332 tundem
898 5277 928 5332 in
944 5279 1044 5334 votivis
1072 5285 1123 5336 etc.
1144 5275 1250 5333 auch.
1269 5276 1347 5331 Rom.
1371 5294 1400 5347 p.
1420 5281 1485 5332 552:
1516 5275 1669 5345 Unicuique
1686 5275 1717 5330 in
1736 5277 1831 5332 sacres
1847 5276 1902 5330 lite-

210 5361 265 5417 illis
282 5357 438 5429 virginibus
456 5359 658 5427 inveniemus‘lJ
698 5364 786 5418 Recte
804 5363 891 5434 igitur
907 5364 1044 5421 confessio
1071 5367 1113 5420 ris
1132 5363 1251 5419 suaderi
1266 5364 1472 5430 uirpiuitctem,
1498 5369 1530 5416 ut
1548 5379 1620 5432 puae
1638 5360 1817 5418 mmrimmii
1833 5369 1905 5418 stcts

210 5444 446 5518 Wirtcbcrgcusis
464 5444 575 5502 scribit:
604 5449 671 5504 Etsi
686 5450 822 5506 coelibum
848 5458 938 5505 statue
952 5453 988 5507 sit
1014 5454 1045 5507 in
1067 5451 1263 5523 praestantior
1280 5451 1318 5504 sit
1343 5449 1535 5519 mojoremouo
1553 5448 1583 5503 in
1612 5465 1642 5503 se
1654 5449 1864 5519 perfectionem
1879 5455 1904 5505 et
