4020 6022
783 323 837 381 DE
854 323 1054 382 consume.
1728 337 1764 394 71

64 475 207 548 qaedam
225 476 361 533 limitatio.
395 478 479 535 Error
497 479 615 534 nominis
639 495 695 535 non
713 479 831 551 impedit
847 497 905 535 me·
936 479 1052 551 decepto
1080 480 1165 536 fuerit
1193 481 1261 536 setis
1291 481 1389 537 durum
1418 486 1447 537 et
1469 481 1608 538 acerbum
1654 479 1728 537 Sane
1742 481 1767 536 si

19 590 27 607 ι
64 563 245 630 trimonium,
273 564 379 622 scilicet
396 566 455 621 uisi
472 582 564 620 eccum
582 566 677 620 trahat
696 582 826 620 -errorem
846 583 906 619 cor·
933 575 1074 637 comperto
1094 568 1153 637 jem
1182 584 1272 624 errore
1297 568 1396 640 copula
1422 568 1614 633 intervenerit,
1641 573 1710 625 tunc
1730 568 1767 623 de

60 652 147 721 pors‘s
173 652 231 706 eice
249 668 407 723 personae,
439 659 507 709 tunc
537 652 611 708 enim
637 669 693 707 non
719 650 838 723 emplius
862 656 905 705 est
931 669 1004 708 novo
1028 653 1057 707 in
1075 670 1138 709 eam
1167 655 1338 711 consensisse
1353 655 1476 725 videtur,
1505 654 1535 710 in
1553 669 1609 727 qua
1627 655 1705 726 prius
1725 670 1765 711 er·

65 738 186 810 simplex
202 738 323 794 nominis
340 756 424 805 error,
444 739 495 794 eed
511 738 611 794 mansit
627 738 657 794 in
682 738 766 794 eliam
785 736 905 808 speciem
931 747 1055 810 neverat,
1082 740 1131 796 esd
1157 741 1181 795 si
1208 756 1259 813 per
1285 741 1471 813 ignorantiam
1498 746 1527 796 et
1553 740 1767 814 imprudentiam

64 824 176 882 erroris.
219 824 339 889 Quidem
364 841 484 882 errorem
508 841 643 896 personae
671 824 817 895 dupliciter
840 839 904 879 con·
930 825 960 880 id
984 826 1065 897 fecit,
1084 832 1116 882 ut
1142 827 1172 881 in
1190 827 1288 883 Jacobi
1309 827 1434 900 exemplo
1453 845 1497 884 ros
1515 845 1575 884 sese
1591 827 1685 898 habet,
1704 844 1768 885 con·

64 911 177 983 tingere
199 929 283 984 posse
308 918 448 977 sumunt,
472 911 518 968 vel
539 920 569 966 ut
586 928 670 966 error
693 912 731 966 sit
755 912 786 965 s'rs
802 928 850 980 re,
872 914 906 965 ut
931 913 1048 970 sensisse
1073 913 1235 986 neutiquam
1261 913 1317 969 dici
1334 920 1440 986 potest,
1472 914 1538 971 inde
1564 932 1589 972 c.
1619 914 1692 972 unic.
1723 921 1766 972 29.

63 1015 131 1054 cum
148 998 211 1072 qun
229 1006 318 1071 putet,
334 1017 365 1056 se
382 1000 544 1071 promittere
555 997 718 1070 conjugium
729 997 905 1069 Magnetes
931 1017 957 1070 q.
979 1005 1001 1055 l.
1021 999 1060 1055 sic
1077 1000 1241 1071 respondet:
1262 999 1418 1055 Conuersus
1435 1000 1511 1055 alius
1529 1009 1570 1055 est
1583 1003 1767 1071 praecederes,

62 1089 95 1139 et
112 1085 250 1156 promittit
267 1085 382 1151 Annae,
408 1091 458 1141 aut
478 1103 542 1141 cum
565 1085 595 1141 in
614 1085 683 1156 ipsis
708 1083 814 1156 nuptiis
830 1082 904 1137 llar-
930 1085 1006 1140 elius
1022 1087 1198 1156 subsequens.
1226 1086 1381 1141 Praecedit
1397 1104 1553 1152 commea,
1571 1089 1685 1156 qrmdc
1701 1095 1767 1143 aste

61 1179 163 1244 gerere
179 1172 515 1244 proAnnaeupponitnr3
536 1172 581 1228 vel
598 1180 629 1226 ut
647 1189 729 1227 error
745 1172 784 1225 sit
797 1178 903 1224 tautum
930 1173 1063 1240 copulam
1086 1173 1232 1227 cmuuiem
1256 1173 1288 1226 ιἰι
1313 1173 1491 1227 indiuiduam
1518 1173 1593 1227 citae
1622 1181 1766 1228 eumaem

61 1259 97 1313 s‘ss
112 1261 240 1329 somine,
278 1265 310 1315 nt
337 1277 400 1315 cum
425 1259 590 1314 contrahens
616 1258 693 1314 alind
720 1257 775 1313 sibi
800 1272 902 1312 nomen
930 1257 1024 1312 dinem
1040 1267 1155 1328 uterque
1179 1259 1331 1330 consentin
1364 1259 1546 1329 adsecutum
1571 1261 1685 1330 ριιιιιιάο
1699 1269 1766 1330 post

62 1346 190 1402 mumit.
225 1345 282 1402 Sed
299 1346 386 1402 satius
405 1353 448 1402 cst
466 1362 587 1403 errorem
599 1344 717 1402 nominis
735 1342 902 1415 peculiarem
929 1344 1140 1400 concubinalem
1165 1346 1224 1400 eice
1247 1344 1437 1411 fornicarium
1468 1345 1571 1400 coitum
1593 1347 1766 1400 eoeemuiuut

63 1437 98 1487 et
125 1431 286 1488 distinctam
320 1433 442 1505 speciem
476 1433 513 1489 ab
543 1448 635 1488 errore
666 1447 799 1504 personae
839 1444 904 1485 con·
930 1432 959 1485 ie
977 1431 1061 1488 idem.
1105 1432 1199 1486 Jacob
1222 1447 1290 1502 erpo
1316 1439 1343 1486 et
1359 1433 1448 1486 Lecm
1469 1449 1527 1486 eom
1541 1432 1611 1497 fecit
1634 1433 1766 1502 conjupes

62 1518 189 1575 ffltuere.
429 1559 432 1572 .
924 1519 1099 1590 praecedens
1124 1534 1288 1587 commuue,
1311 1519 1365 1572 sed
1388 1518 1572 1588 subsequens,
1598 1535 1648 1574 uec
1674 1526 1765 1573 tamem

21 1611 37 1640 ³
104 1610 163 1662 1⁰4.
197 1607 338 1660 Errerem
362 1619 505 1674 personae
535 1602 669 1673 impedire
699 1601 903 1658 matrimonium
928 1620 961 1659 ee
975 1605 1069 1674 primo
1086 1605 1233 1660 consubito
1245 1605 1409 1674 semicurii
1426 1605 1608 1674 immamus,
1636 1606 1765 1663 cuncte

65 1695 97 1747 at
113 1692 256 1762 sponsalia
270 1691 364 1747 facere
382 1691 461 1747 irrite
481 1689 632 1747 indubitati
647 1688 719 1760 juris
737 1695 788 1746 est.
822 1696 844 1745 2.
855 1689 902 1744 Ad
929 1691 1060 1746 maritali
1080 1693 1184 1762 effectu
1208 1709 1271 1748 eam
1290 1692 1465 1761 copuoeerit,
1482 1699 1508 1746 et
1526 1693 1581 1748 ilie
1599 1693 1700 1748 utorio
1717 1693 1765 1757 af·

63 1778 271 1834 matrimonium
304 1778 457 1834 meandum
495 1776 645 1848 requiritur
673 1776 808 1847 imprimis
839 1793 903 1831 con·
928 1779 1006 1841 fectu
1025 1778 1082 1833 siti
1099 1779 1221 1833 debitum
1235 1777 1421 1848 persolverit,
1444 1786 1559 1849 puteus
1584 1779 1646 1847 lece
1657 1780 1764 1850 primo·

64 1880 165 1920 naeus
190 1864 426 1929 contrahentium,
451 1864 502 1920 sed
526 1863 638 1935 qnando
655 1864 686 1919 in
705 1863 768 1935 ipsa
784 1879 903 1934 persone
929 1864 1087 1936 petitarum
1112 1871 1138 1920 et
1158 1865 1290 1934 patentis
1316 1864 1444 1935 imperim
1462 1881 1493 1920 ee
1518 1865 1573 1919 siti
1582 1865 1652 1935 jure
1681 1882 1765 1935 copu-

62 1957 186 2020 arratnr,
204 1958 272 2006 tune
291 1951 330 2017 is,
360 1951 410 2025 qui
426 1957 515 2020 erret,
545 1952 575 2005 in
594 1967 656 2006 eam
680 1966 827 2021 pesonam
847 1966 902 2005 non
928 1950 1026 2008 ictam.
1062 1951 1199 2016 :Dicimus
1217 1966 1298 2024 ergo,
1325 1950 1464 2007 Jecobum
1483 1969 1540 2007 non
1556 1951 1642 2009 fuisse
1658 1970 1766 2010 summo

59 2037 231 2109 intelligitur
247 2038 427 2095 consensisse.
478 2043 503 2095 2.
523 2039 618 2092 Error
643 2039 765 2093 mutue
781 2037 902 2107 stipata·
928 2039 990 2109 jure
1009 2056 1105 2109 nsum,
1130 2038 1268 2110 potuisset
1286 2037 1398 2093 omnino
1422 2038 1569 2109 repudiare
1585 2037 1685 2110 Leann
1719 2038 1765 2094 cui

60 2125 167 2179 ts'oeem
185 2143 242 2179 sou
260 2125 356 2195 sitim,
378 2125 428 2178 uti
441 2126 615 2195 decerpere
642 2133 763 2193 cossim,
788 2124 807 2179 1.
828 2131 852 2181 9.
871 2122 898 2198 ξ.
927 2124 1011 2180 fidem
1037 2125 1206 2182 metnmonii
1241 2141 1385 2197 nunquam
1412 2124 1529 2180 dederat
1560 2141 1612 2181 nec
1647 2125 1678 2180 in
1703 2141 1764 2181 eam

58 2211 87 2264 si
110 2210 140 2266 in
161 2211 273 2268 nomine
298 2212 334 2268 de
356 2210 480 2267 contule
505 2219 585 2283 nupt
629 2210 705 2284 Ergo
728 2227 747 2266 e
763 2211 901 2267 ιοιιιιιιιίο
927 2217 1112 2280 rememorat,
1131 2211 1181 2267 sed
1200 2227 1234 2268 ex
1252 2207 1385 2282 leuterici
1402 2227 1464 2267 eam
1480 2209 1611 2278 retinuit,
1626 2228 1690 2266 cum
1709 2226 1764 2282 qua

59 2298 279 2369 sensuquendo
292 2298 328 2355 de
341 2312 522 2369 corporenon
534 2302 654 2368 constat,
671 2298 722 2354 scd
740 2299 771 2353 in
783 2313 901 2370 persona
927 2298 1047 2354 maritali
1067 2297 1170 2354 affectu
1187 2304 1377 2355 consueverat
1411 2298 1508 2370 Atque
1524 2297 1597 2354 hane
1616 2299 1765 2354 inuiseres

58 2390 185 2453 erratur,
214 2385 358 2458 stipulatio
383 2384 505 2440 vitietur.
555 2390 579 2440 3.
606 2385 691 2439 Error
720 2385 794 2441 circa
821 2390 900 2440 ectus
926 2384 956 2439 in
983 2384 1068 2440 simili
1093 2401 1162 2442 casu
1189 2385 1334 2457 Cypraeus
1362 2383 1398 2440 de
1425 2400 1517 2454 spons.
1546 2401 1569 2439 c.
1599 2389 1639 2442 13.
1664 2380 1693 2457 ξ.
1722 2389 1763 2439 tt

62 2470 262 2526 substantialia
279 2471 359 2526 vitiat
376 2478 404 2527 et
424 2470 541 2543 impedit
557 2470 648 2542 ipsum
671 2477 778 2541 amum,
802 2477 900 2542 utpote
927 2488 1002 2530 num.
1024 2477 1047 2528 1.
1064 2470 1230 2528 imitandum
1246 2470 1346 2527 merito
1363 2475 1466 2526 censet.
1494 2471 1610 2526 Rectius
1619 2472 1764 2537 facturum

61 2557 115 2629 qui
135 2558 290 2614 dimensum
306 2558 401 2631 argunt
416 2558 491 2614 circe
509 2563 588 2614 actus
607 2557 766 2615 mandalia
790 2563 818 2613 et
837 2556 900 2613 enb-
926 2558 1140 2613 suistimocesim
1158 2557 1278 2630 (inquit),
1297 2557 1349 2628 qus·
1364 2557 1518 2626 exemplum
1535 2557 1640 2613 Jacobs'
1655 2565 1764 2612 secutm

57 2645 213 2711 meusne
231 2662 303 2716 qnae
319 2646 397 2700 selvo
407 2652 473 2701 ectu
485 2644 576 2700 omitti
587 2643 757 2701 nullomodo
774 2647 901 2714 possunt.
926 2664 1032 2701 suuuno
1044 2645 1115 2715 jure
1129 2663 1186 2700 uou
1211 2652 1321 2709 utmur,
1343 2644 1510 2714 praesertim
1531 2644 1582 2698 uti
1604 2644 1764 2700 concubitus

56 2731 128 2788 Jam
152 2748 218 2788 vero
242 2750 319 2789 error
341 2748 477 2804 personae
499 2739 543 2788 est
560 2738 640 2788 actus
665 2732 741 2788 circe
756 2730 817 2802 ipse
836 2729 900 2785 eutr
927 2733 1059 2799 αοιιιιιῐιι
1084 2731 1194 2788 interim
1215 2736 1291 2788 reete
1315 2729 1408 2801 addit,
1429 2731 1459 2785 iss
1477 2731 1596 2786 arbirio
1615 2731 1678 2800 ejus
1696 2746 1763 2799 esse,

60 2818 210 2875 stantialia
221 2820 397 2887 matrimonii,
416 2819 519 2892 quippe
532 2819 652 2891 adquae
665 2816 901 2889 etiampertinent
926 2820 973 2874 cui
995 2821 1082 2886 fucus
1096 2820 1200 2888 sectus
1224 2818 1277 2888 eit,
1304 2817 1348 2872 cei
1367 2835 1429 2873 eom
1455 2817 1592 2883 retinere,
1619 2834 1691 2887 quae
1706 2833 1764 2886 pro

57 2922 199 2978 pensem
216 2905 419 2963 contrahentes.
439 2904 901 2981 ¹4.1njurecemonieoexpressa
926 2908 989 2962 alie
1006 2906 1117 2962 tradita
1136 2912 1185 2974 est,
1201 2904 1247 2960 uei
1260 2905 1378 2961 eamdem
1390 2904 1552 2973 repudiare.
1583 2903 1764 2959 Panloeliter

57 2992 183 3049 habetur
201 2992 304 3050 decisio
329 3011 354 3050 o.
372 2988 446 3051 anic.
468 2999 510 3050 29.
530 2998 636 3065 quaest
663 2998 691 3050 1:
715 2993 811 3048 Error
832 3008 900 3062 per·
926 2992 1067 3050 Lutherns
1084 2992 1113 3048 in
1130 3007 1229 3047 comm.
1247 3007 1269 3046 c
1294 2995 1337 3046 29.
1355 2989 1456 3047 Genea.
1474 3007 1502 3061 p.
1522 2995 1583 3048 408.
1603 2989 1639 3046 de
1667 2989 1763 3045 stricto

56 3095 150 3135 sonae
169 3079 298 3148 coujupii
321 3097 486 3135 conessum
508 3097 566 3134 rsoss
596 3079 730 3135 admittit.
780 3079 816 3134 Si
837 3079 900 3148 quis
927 3080 1034 3137 scilicet
1046 3077 1120 3150 juris
1135 3078 1229 3151 rigore
1252 3076 1383 3148 loquens:
1405 3077 1551 3133 Patientia
1568 3077 1637 3132 haec
1659 3076 1765 3132 Jacots'

58 3166 137 3221 esaim
153 3166 353 3239 pacisceretur,
370 3183 400 3221 se
432 3167 610 3222 condiisse-um
626 3184 727 3235 apresm
747 3165 901 3230 Marcello,
927 3185 984 3222 noo
1004 3174 1045 3222 est
1061 3167 1103 3221 ad
1120 3163 1306 3221 imitationem
1313 3165 1472 3235 proposita,
1491 3164 1560 3234 quia
1572 3163 1656 3220 uimis
1667 3165 1762 3218 ardua

57 3262 88 3308 et
102 3261 207 3322 pcrtec
222 3254 329 3308 ueniret
347 3253 458 3309 Persius
471 3253 575 3322 dicens,
593 3268 624 3306 ee
642 3268 702 3308 esse
717 3252 900 3321 Marcellum,
926 3261 953 3309 et
967 3252 1055 3324 plene
1078 3252 1193 3311 heroica
1211 3258 1252 3306 est
1267 3251 1400 3321 perferre
1420 3258 1446 3305 et
1460 3251 1526 3321 pati
1552 3267 1642 3321 oeque
1658 3251 1762 3320 neimo,

61 3347 92 3394 et
110 3346 213 3394 emunt
229 3357 331 3408 aprum
348 3341 385 3393 ot
404 3339 470 3404 iiie,
488 3339 627 3408 numquid
644 3356 707 3392 cum
723 3339 819 3394 Paulo
836 3355 899 3392 cosv-
926 3348 957 3395 ut
969 3357 1075 3409 sponsa
1085 3339 1225 3410 eripiatur
1238 3338 1303 3408 ipen
1315 3339 1389 3393 horo
1403 3346 1430 3394 et
1442 3346 1578 3394 mosmuto
1590 3339 1763 3409 nuptiarum,

56 3427 136 3481 sese
159 3427 213 3481 iste
236 3427 272 3480 de
295 3427 389 3496 pretio
413 3433 463 3479 aut
488 3427 626 3481 ἀὶιιιιᾱιιι
650 3432 690 3479 ιιι
722 3442 823 3494 acmen
844 3424 901 3481 siti
926 3427 991 3481 ideo
1009 3426 1113 3480 mucci
1129 3424 1221 3492 mauis
1239 3432 1265 3478 et
1278 3424 1460 3496 praedicare,
1478 3441 1562 3494 ossam
1573 3424 1683 3479 imitari
1701 3440 1762 3479 eam

58 3512 247 3568 uendidisset
276 3512 348 3566 Item
365 3512 662 3581 mqueprometeret,
680 3512 898 3567 reconditarum
926 3512 1029 3567 licebit.
1047 3528 1075 3583 p.
1100 3515 1166 3568 4⁰8:
1213 3510 1355 3565 Potuisset
1389 3527 1494 3565 summo
1516 3511 1587 3581 jure
1610 3511 1764 3581 repudiare

59 3600 134 3654 uniti
153 3616 263 3668 aarum,
281 3607 307 3653 et
321 3616 378 3668 pro
396 3616 468 3654 auro
487 3601 602 3669 offerret
618 3598 688 3654 miti
705 3599 899 3654 amicicicum
927 3601 1015 3654 Lecm
1032 3606 1058 3654 et
1076 3597 1184 3667 dicere,
1213 3612 1393 3666 ascensuque
1410 3597 1524 3651 taudem
1540 3597 1578 3652 sit
1594 3599 1764 3652 cousuetudo

58 3695 87 3742 et
105 3689 150 3742 ita
166 3703 210 3741 me
227 3686 375 3758 acceperet,
394 3687 531 3757 numquid
550 3688 663 3742 diceres·
680 3688 852 3743 ammonuisse
869 3688 900 3743 iu
926 3687 989 3753 ilie,
1007 3693 1038 3740 tu
1055 3685 1126 3743 mviii
1140 3683 1294 3741 maweu
1311 3683 1503 3754 despoodieti,
1520 3685 1593 3739 iaec
1606 3685 1722 3741 seruato
1738 3692 1765 3739 et

58 3771 280 3829 amictalcumi
307 3790 451 3842 nemausam
476 3774 555 3828 colui
577 3791 668 3829 emere
697 3773 900 3842 aurichalcum,
926 3773 1035 3828 ostilam
1052 3772 1150 3827 aliam.
1198 3771 1259 3827 Sed
1282 3771 1459 3840 qrsidfaciat
1479 3771 1670 3826 muctisrimue
1701 3772 1765 3826 oiri

58 3875 112 3914 ssec
138 3875 204 3927 erac
230 3857 387 3927 cimuaodo
411 3860 442 3913 ιἰι
467 3859 544 3915 iilud
564 3876 707 3927 causeum,
735 3860 804 3929 quic
835 3877 899 3914 cors·
927 3877 1015 3931 cepeto
1025 3860 1120 3914 asima
1135 3858 1196 3926 fert
1205 3858 1278 3913 iaec
1295 3857 1622 3929 iujuriamutpotiatur
1632 3857 1764 3926 Rocdeie,

57 3962 160 4001 nesus
176 3962 232 3999 stou
249 3953 291 4000 est
307 3945 366 3999 uisi
380 3945 536 4002 colunum.
568 3947 649 4002 Sicut
667 3963 735 4017 erpo
751 3946 797 4001 tic
820 3963 901 4003 error
927 3963 1000 4017 quoe
1011 3953 1073 4001 erat
1088 3947 1175 4001 uuiec
1193 3952 1219 3999 et
1237 3962 1305 4001 cero
1325 3962 1440 4015 moeso,
1470 3961 1553 4015 quam
1569 3945 1643 3999 uidet
1659 3961 1689 3998 se
1708 3961 1765 4000 uoe

57 4032 199 4087 materiae
221 4030 346 4086 occludit
381 4049 555 4097 consensum,
586 4033 627 4086 eie
653 4041 679 4087 et
709 4034 740 4088 ιἰι
767 4033 900 4101 couiupio
922 4050 1009 4103 posse
1026 4032 1165 4096 obticere,
1187 4032 1246 4086 ιιιιι·
1262 4031 1320 4086 ista
1338 4029 1517 4100 iniquissima
1534 4031 1709 4099 conditione,
1733 4039 1765 4086 ut

58 4135 146 4173 error
157 4134 308 4187 perseum,
324 4134 382 4170 ιιοιι
401 4117 474 4173 euim
491 4118 632 4173 consensit
651 4119 682 4171 iu
699 4118 781 4187 tuae,
801 4119 854 4173 sed
870 4119 900 4173 irs
927 4121 1048 4174 retineat
1064 4120 1159 4188 uam,
1180 4135 1266 4188 pesam
1283 4134 1339 4172 eom
1353 4117 1476 4174 emutat.
1524 4115 1665 4186 Copitaoit
1683 4117 1764 4182 euim,

58 4222 133 4273 um,
151 4220 233 4274 quea
248 4204 367 4273 putebat
384 4219 453 4258 esse.
484 4210 508 4259 ⁵.
522 4203 565 4258 Er
579 4205 644 4274 jure
655 4203 731 4258 civili
745 4203 900 4260 colletiouis
927 4208 999 4277 quid
1025 4206 1157 4274 faciam!
1182 4205 1242 4259 Lea
1272 4210 1313 4258 est
1338 4205 1454 4274 decepta
1479 4205 1647 4260 auctoritate
1660 4205 1765 4274 patris,

58 4290 155 4363 gratia
172 4288 228 4345 huc
246 4289 342 4347 referri
358 4294 458 4360 potest,
479 4290 554 4361 quod
571 4305 647 4345 error
659 4291 735 4348 circe
752 4308 898 4362 personam
926 4293 1000 4347 siem
1024 4308 1074 4361 epo
1097 4290 1211 4347 insidiis
1235 4290 1297 4360 ejus
1321 4292 1523 4353 circumsectus
1541 4308 1610 4348 sum.
1659 4288 1695 4346 ur·
1715 4291 1763 4343 de·

55 4377 167 4450 ⁴indicis
189 4376 327 4432 admissas
358 4374 451 4431 obstet
472 4375 674 4446 jurisdictionis
701 4379 899 4449 prorogat-loni,
927 4395 1040 4434 seruere
1060 4394 1137 4444 eom,
1161 4378 1215 4432 erit
1229 4384 1368 4447 perpetuo
1385 4378 1513 4442 deserta,
1535 4385 1576 4434 est
1594 4378 1667 4432 euim
1685 4395 1705 4431 o
1721 4393 1765 4431 me

61 4465 105 4521 sic
127 4471 161 4520 ut
185 4469 264 4519 aetus
287 4462 335 4519 ille
357 4463 461 4517 nullius
481 4461 652 4520 existimetur
676 4465 817 4521 momenti.
841 4466 901 4521 Lei
926 4467 1027 4521 uitiata
1044 4465 1191 4534 etopts'ma
1208 4466 1274 4519 dote
1291 4463 1462 4532 cirpicitetis
1476 4464 1602 4533 priuato,
1623 4471 1673 4519 aut
1690 4472 1764 4518 certe

10 4559 49 4603 ιιι.
60 4569 115 4625 per
148 4567 276 4608 errorem.
305 4555 344 4608 15.
372 4549 400 4605 ff.
425 4550 461 4611 de
480 4549 579 4620 jurisd.
605 4549 668 4621 puri
693 4552 800 4608 ratione
817 4552 900 4608 etiam
928 4553 1055 4607 omuibus
1065 4551 1309 4622 suspectoeritde
1323 4550 1588 4620 omiesapuds'm'tiu,
1602 4558 1633 4604 ut
1646 4551 1765 4605 mauime

60 4656 140 4696 error
157 4638 188 4693 in
205 4653 323 4708 persone
340 4635 476 4692 admissus
487 4636 619 4706 conjugio
631 4636 684 4692 erit
694 4636 900 4707 impedimento.
928 4655 979 4706 epo
997 4639 1033 4693 ab
1050 4655 1086 4693 eo
1104 4639 1299 4693 admiratorem
1304 4658 1316 4708 ,·
1340 4638 1382 4693 ite
1400 4638 1523 4706 flectetur
1540 4636 1632 4692 Jacob
1657 4637 1763 4692 miseri·

61 4724 121 4783 ssd
151 4722 282 4795 objicitur
309 4721 464 4792 exemplum
495 4722 600 4776 Jacobs·
623 4723 825 4793 patriarchae,
854 4726 900 4779 cui
927 4726 1036 4793 cordia,
1055 4725 1175 4780 caritate
1194 4733 1221 4780 et
1233 4725 1378 4794 patientia
1395 4741 1430 4778 me
1448 4723 1576 4793 repudiet
1593 4723 1687 4779 uam

60 4809 204 4886 ignoranti
220 4826 272 4880 pro
288 4806 411 4864 Rachele
428 4824 447 4863 a
465 4813 618 4864 veteratore
637 4807 752 4866 labano
770 4808 830 4865 Lea
846 4809 900 4864 fuit
963 4817 1022 4868 105.
1055 4812 1151 4866 Error
1180 4811 1328 4881 punitatis
1359 4811 1434 4866 circa
1466 4811 1538 4865 baua
1568 4810 1704 4874 fortunae
1735 4810 1795 4866 inc.
1809 4823 1877 4865 enos

60 4897 225 4973 supposita,
258 4911 311 4951 nec
346 4900 439 4950 tamm
479 4894 603 4950 Jeocbus
638 4911 701 4951 eam
743 4895 902 4968 repudiavit
926 4898 1018 4969 specie
1038 4898 1080 4952 sic
1100 4897 1187 4963 dicte,
1210 4897 1240 4952 id
1256 4902 1299 4953 est
1315 4896 1390 4952 circa
1417 4896 1542 4966 divitias,
1566 4913 1622 4951 non
1645 4897 1764 4968 impedit
1775 4876 1872 4968 3⁸¹¹*

61 4984 168 5043 Genes-
184 4987 228 5039 29.
247 4981 324 5037 Beue
339 4981 370 5038 in
389 4981 452 5037 libr.
472 4981 507 5037 de
518 4980 617 5051 repud.
635 4999 663 5052 p.
682 4989 723 5039 21.
741 4982 902 5054 respondet,
926 4985 972 5040 vel
989 4982 1071 5039 vitiat
1088 4982 1306 5052 matrimonium,
1338 4983 1405 5054 quie
1423 4999 1479 5037 non
1496 4982 1590 5054 arguit
1606 4981 1763 5040 dissensum

59 5071 201 5128 Jseobm
228 5068 332 5125 idcirco
359 5066 507 5123 retinuisse
539 5066 640 5137 Leem,
670 5069 740 5137 quic
769 5087 815 5124 ree
844 5087 901 5124 ιιοιι
927 5071 1002 5125 circe
1019 5067 1214 5125 substantialia
1231 5067 1411 5138 matrimonii,
1428 5067 1478 5124 sed
1496 5074 1606 5125 tantum
1625 5070 1701 5126 circe
1717 5086 1762 5125 ec·
1871 5053 1878 5066 ’

59 5156 187 5228 mnu
206 5155 299 5223 rme
323 5155 449 5224 enema,
472 5155 524 5208 ree
550 5155 652 5224 eopse
670 5156 798 5210 eamne
816 5130 1085 5215 mer-leonem
1139 5154 1217 5210 Deus
1252 5171 1409 5225 pauperem
1446 5161 1472 5209 e
1511 5156 1624 5210 escuem
1661 5160 1766 5212 eecce

58 5243 184 5315 merit,
212 5257 320 5314 exque
339 5240 516 5311 responsione
537 5256 707 5311 consequens
733 5241 832 5312 iacnt,
859 5258 901 5298 er·
926 5243 1010 5299 Pnov.
1029 5248 1079 5312 22,
1109 5258 1134 5298 v.
1156 5248 1180 5298 2.
1203 5257 1236 5297 ac
1257 5239 1297 5311 pii
1316 5240 1448 5313 conjuges
1467 5249 1586 5311 possunt
1611 5258 1645 5297 ee
1662 5242 1765 5299 debent

58 5347 152 5386 rormn
164 5345 302 5401 personae
320 5332 387 5383 tnnc
408 5327 518 5383 demum
535 5327 670 5398 impedire
686 5328 900 5395 matrimonium,
926 5330 979 5385 niti
997 5328 1051 5384 hac
1071 5326 1265 5394 consolatione,
1283 5324 1359 5396 quod
1371 5326 1528 5382 timssts‘tsss
1541 5329 1694 5382 Dominum
1709 5347 1766 5384 eoa

57 5415 174 5492 qnando
202 5414 326 5471 nondum
357 5413 474 5470 accessit
508 5413 625 5484 copule,
662 5412 711 5469 sed
748 5430 782 5470 ea
817 5400 901 5470 inter·¹
926 5415 978 5476 sit,
992 5416 1156 5480 defuturum
1184 5427 1263 5468 omne
1293 5412 1402 5488 demum,
1453 5411 1557 5469 Pselm.
1584 5420 1632 5483 34,
1663 5431 1689 5472 ι.
1725 5420 1765 5470 11.

56 5503 190 5562 ressieute
200 5499 328 5568 ualidum
342 5499 628 5570 essenetrmoninn,
649 5500 716 5556 lieet
734 5501 763 5557 in
779 5517 901 5572 persone
927 5501 1059 5573 quodque
1078 5501 1190 5556 latores
1207 5515 1341 5554 maecum
1356 5515 1473 5555 ameum
1490 5502 1547 5555 siet
1560 5501 1767 5564 manducaturi,

53 5591 146 5653 luent
173 5593 306 5657 erratum
357 5589 397 5643 et
426 5586 480 5643 lsoc
507 5603 608 5660 sponso
640 5602 777 5659 personae
808 5603 902 5643 errore
927 5587 1031 5648 Pselnr.
1062 5593 1125 5658 128,
1153 5605 1179 5640 v.
1208 5591 1232 5644 2.
1258 5602 1284 5643 c.
1309 5586 1383 5643 unic.
1411 5592 1453 5644 29.
1477 5593 1583 5659 quaest.
1609 5592 1640 5643 l:
1671 5586 1765 5641 Error
