4028 6030
845 187 896 242 DE
915 186 1115 245 consueto.
1774 199 1812 258 tt

114 328 280 399 ancioritate
296 341 341 407 tit,
366 343 504 415 perillud
521 343 591 398 nulli
608 343 747 413 irrogatur
762 342 874 414 injuria,
889 342 950 412 jam
981 349 1013 392 ut
1024 343 1109 411 patri
1116 344 1334 413 per-medeatur,
1353 359 1390 396 ne
1407 343 1641 414 aendepntrs'am
1649 350 1814 413 potentem

115 446 180 485 vero
206 429 276 484 talia
302 429 478 485 matrimonia
512 430 606 500 legum
643 427 808 484 auctoritate
839 426 952 483 dissolri
979 437 1112 483 exerceat.
1138 431 1219 500 Ergo
1231 429 1437 483 matrimonium
1453 429 1511 483 aine
1520 436 1672 498 parentum
1681 447 1815 484 contentu

115 523 238 586 possunt.
280 522 306 571 4.
331 514 393 572 Non
421 516 457 570 de
480 515 600 586 injuria,
629 515 679 570 sed
706 515 742 569 de
766 514 877 569 miseria
902 529 953 566 sua
978 516 1078 569 initum
1098 522 1124 569 et
1141 517 1245 584 copula
1263 524 1480 570 consummamm
1498 516 1528 570 ui
1541 517 1815 585 patriaepotertatia

116 602 233 657 relictus
251 608 446 672 constupratae
464 601 648 673 conquerendi
669 601 755 668 locus,
773 617 809 655 an
821 616 887 655 vero
904 599 954 652 illa
978 602 1104 654 rescindi
1121 602 1223 670 nequit.
1259 602 1483 672 Respondemus:
1506 602 1634 681 Quidam,
1648 601 1815 671 existimant,

117 688 282 760 quaudoque
296 687 332 743 sit
345 688 524 755 attendenda,
541 686 685 757 prudentis
695 685 800 756 judicis
814 683 953 754 estdispi·
979 687 1131 757 Ulpianum
1158 703 1242 758 agere
1268 687 1304 741 de
1331 687 1506 741 matrimonio
1533 689 1611 757 justo
1634 704 1668 743 ac
1692 687 1814 758 legitimo

116 792 187 832 cere.
227 773 255 827 Is
274 791 395 845 namque
414 774 558 844 pensitatis
583 772 712 827 omnibus
729 771 953 837 circumstantiis,
978 778 1125 843 parentum
1143 788 1280 827 consensu
1298 773 1374 840 inito,
1393 790 1456 828 cum
1474 775 1604 844 loquatur
1621 773 1657 828 de
1675 773 1814 827 matrimo-

116 877 153 916 an
168 858 277 914 scilicet
292 859 398 914 femina
416 858 501 914 fuerit
524 858 616 913 famae
637 857 707 912 alias
725 857 866 925 honestae,
884 872 920 910 an
936 872 953 909 a
978 860 1025 913 nio
1044 860 1115 914 bene
1135 859 1333 928 concordante3
1356 860 1416 929 jam
1440 875 1505 914 vero
1526 859 1729 914 matrimonium
1746 859 1815 913 libe·

117 947 271 1013 stupratore
294 943 437 998 blanditiis
460 950 489 998 et
515 961 564 1014 spe
587 944 753 998 matrimonii
780 944 874 998 illecta
899 949 951 997 etc.
979 962 1072 1000 rorum
1088 945 1148 999 siue
1167 950 1313 1015 parentum
1339 961 1475 999 consensu
1491 944 1590 999 initum
1606 945 1688 1014 plane
1707 944 1814 999 nullum

117 1027 265 1085 decernere
282 1029 401 1100 poterit,
428 1029 497 1100 quid
515 1030 623 1085 consilii
640 1029 803 1100 parentibus
821 1029 953 1097 dandum,
980 1037 1031 1096 est,
1048 1037 1156 1087 tantum
1173 1029 1269 1096 abest,
1287 1037 1319 1085 ut
1338 1031 1375 1085 sit
1394 1031 1464 1086 bene
1482 1032 1662 1088 concordans.
1697 1030 1816 1085 Addunt

117 1113 226 1168 iuterim
242 1116 289 1185 jus
306 1116 397 1185 ipaum
416 1115 525 1186 parenti
544 1115 632 1171 inrito
649 1133 706 1171 non
724 1121 817 1186 potest
835 1115 954 1170 anferre.
979 1118 1044 1187 alii,
1075 1117 1186 1171 licuisse
1216 1116 1310 1170 forsan
1337 1116 1402 1171 olim
1432 1117 1505 1186 patri
1531 1116 1587 1171 tale
1609 1115 1814 1171 matrimonium

31 1270 34 1275 Ι
118 1205 142 1254 t.
160 1199 224 1255 Non
241 1201 288 1255 bic
305 1201 510 1272 comparandas
530 1208 596 1256 suut
612 1202 729 1257 invicem
748 1201 884 1272 injuriae,
904 1197 1146 1280 redidissolvere,
1169 1219 1228 1274 arg.
1248 1203 1266 1258 l.
1288 1208 1311 1257 5.
1339 1201 1369 1258 C.
1389 1203 1425 1256 de
1441 1202 1539 1272 repud.
1561 1207 1589 1257 et
1609 1202 1648 1256 ibi
1667 1201 1814 1258 Gothotrs·

117 1286 191 1356 parti
221 1288 362 1343 innocenti
390 1289 523 1343 adversus
549 1295 694 1344 nocentem
717 1288 766 1358 jus
796 1286 952 1342 dicendum.
981 1289 1041 1345 dus.
1074 1289 1130 1344 Sed
1143 1289 1294 1359 simplicius
1305 1288 1497 1358 respondetur,
1516 1287 1667 1358 Ulpianum
1686 1305 1742 1341 nou
1760 1286 1813 1342 boc

118 1376 145 1426 2.
165 1375 285 1446 Pullion
302 1376 413 1429 rrtiiitua
435 1378 634 1444 praeferenda
651 1383 692 1429 eat
707 1378 847 1444 pmoatae.
884 1374 954 1426 Jam
980 1374 1066 1442 velle,
1096 1374 1171 1445 qnod
1202 1380 1283 1444 pater
1306 1375 1363 1428 tale
1386 1373 1591 1427 matrimonium
1615 1375 1679 1443 jure
1706 1373 1814 1443 patriae

119 1476 183 1513 vero
201 1463 304 1514 suadet
320 1462 432 1514 utiir'tua
450 1461 581 1530 petilian,
608 1462 790 1515 matrimonia
808 1461 880 1513 talio
899 1477 955 1513 non
983 1462 1129 1530 potestatis
1149 1459 1307 1515 rescindere
1326 1464 1459 1530 nequeat,
1485 1459 1534 1513 sed
1551 1460 1625 1530 quod
1639 1461 1815 1529 pertunden-

119 1546 252 1616 disaolri,
284 1548 396 1617 enpedit
427 1548 499 1601 enim
517 1548 702 1618 republicae,
733 1548 866 1616 cmjupia
895 1562 954 1599 aare
981 1548 1048 1599 dum
1068 1545 1121 1616 ipsi
1146 1546 1199 1613 sit,
1227 1562 1262 1599 ne
1291 1545 1391 1600 acerbe
1419 1544 1538 1615 patriam
1556 1544 1632 1599 illam
1649 1550 1816 1615 potestatem

117 1633 288 1702 frequentia.
329 1633 553 1704 Respondemus:
582 1640 602 1689 l.
627 1633 746 1689 Publice
769 1633 875 1686 utilitas
892 1648 954 1687 cnm
981 1635 1121 1700 exerceat,
1141 1632 1162 1684 si
1182 1631 1407 1701 persuadendus,
1433 1648 1499 1703 ergo
1515 1648 1570 1687 nou
1588 1631 1727 1702 cogendus
1744 1628 1814 1684 invi·

119 1719 337 1789 transgressione
358 1717 428 1790 legis
456 1719 566 1775 divinae
592 1734 625 1773 ac
651 1726 796 1790 parentum
815 1723 955 1774 contemtu
982 1725 1034 1774 tus.
1075 1724 1101 1773 ὁ.
1120 1719 1244 1772 Perinde
1262 1726 1311 1786 eat,
1328 1720 1385 1771 sive
1404 1719 1553 1771 antecedat
1577 1724 1732 1786 parentum
1751 1733 1814 1770 eon·

119 1820 173 1859 uon
200 1804 284 1858 debet
311 1820 363 1859 nec
395 1809 487 1874 potest
511 1820 572 1858 esse
597 1806 753 1875 conjuncta.
801 1810 824 1861 2.
851 1802 957 1858 Suadet
981 1821 1094 1868 rentur,
1110 1805 1168 1858 rior
1185 1805 1382 1872 roboraretur,
1406 1806 1555 1858 damnando
1574 1804 1657 1858 adiit.
1690 1803 1815 1872 Respon-

120 1889 210 1959 potius
220 1889 504 1958 publicaauctoritas,
522 1889 653 1946 honorem
665 1895 955 1961 parentumetaucto·
982 1891 1162 1945 damascum
1189 1890 1325 1960 Luthero,
1353 1889 1511 1945 Cbemnicic
1530 1889 1560 1942 in
1580 1888 1652 1959 disp.
1673 1888 1708 1943 de
1724 1887 1816 1941 claud.

120 1975 229 2030 ritatem
248 1975 318 2047 legis
346 1975 457 2036 divinae
480 1977 583 2047 vigere.
629 1979 753 2046 Enpedit
774 1977 956 2046 reipublicae,
984 1977 1112 2047 despons.
1131 1983 1203 2047 part.
1222 1981 1245 2030 3.
1264 1976 1316 2031 loc.
1337 1975 1367 2030 in
1383 1975 1430 2033 lin.
1449 1982 1478 2029 et
1495 1974 1624 2030 Meuzero
1643 1974 1670 2027 iu
1688 1980 1768 2027 tract.
1783 1971 1818 2027 de

119 2060 176 2129 piir
193 2050 297 2137 liberie,
316 2061 528 2133 inquit'l'ullius
540 2062 588 2120 lib.
607 2067 631 2117 3.
650 2061 726 2117 offic.
746 2071 772 2115 et
791 2079 822 2116 en
840 2062 955 2115 honesta
983 2051 1094 2132 conjug.
1111 2079 1139 2132 p.
1161 2066 1218 2116 tte.
1235 2060 1357 2114 divinum
1377 2067 1406 2116 et
1418 2061 1573 2115 naturalem
1587 2061 1711 2114 ordinem
1729 2057 1818 2128 requi·

122 2147 316 2215 conjunctione
339 2149 415 2201 antia
438 2149 579 2202 medatem
601 2149 720 2218 repleri3
746 2153 775 2202 at
801 2148 957 2203 extalibus
982 2164 1050 2217 rere,
1069 2154 1101 2201 ut
1112 2152 1257 2217 pareutum
1268 2163 1416 2202 consensus
1434 2147 1591 2217 praecedat,
1610 2146 1684 2200 bunc
1695 2144 1819 2199 ordinem

123 2233 225 2303 nuptiis
249 2240 315 2288 sunt
339 2233 435 2305 injusti
460 2234 557 2304 liberi,
579 2234 596 2289 l.
625 2241 663 2290 tt.
690 2233 720 2288 ff.
744 2234 779 2289 de
802 2240 864 2289 stat.
884 2233 956 2288 bom.
982 2234 1141 2304 quicunque
1166 2234 1338 2302 convellunt,
1358 2249 1453 2288 eorum
1473 2233 1632 2302 conjunctio
1650 2237 1761 2286 nonest
1778 2229 1819 2284 di·

122 2333 185 2389 ergo
203 2318 349 2390 legislator
363 2318 427 2375 illos
444 2336 463 2374 a
479 2336 530 2375 sua
548 2319 646 2392 politia
665 2320 769 2376 alienos
787 2318 891 2374 babere
910 2319 956 2372 de·
982 2319 1047 2373 rina
1070 2336 1122 2374 nec
1144 2319 1277 2391 legitima
1327 2319 1358 2372 ld
1384 2320 1475 2389 ipsum
1509 2318 1636 2389 congruit
1665 2316 1818 2372 manifestis

122 2403 173 2459 bet
206 2404 327 2460 Alberic.
340 2404 460 2460 Gentilis
474 2406 536 2461 libr.
550 2412 574 2462 4.
588 2406 624 2460 de
635 2412 713 2476 nupt.
726 2423 748 2461 c.
766 2411 789 2462 8.
817 2411 840 2461 3.
854 2405 955 2470 Quam·
981 2404 1074 2460 verbis
1092 2405 1243 2461 iustiniani
1263 2405 1437 2474 imperatoris
1450 2404 1540 2458 instit.
1558 2404 1593 2458 de
1610 2409 1689 2473 nupt
1707 2405 1737 2456 in
1755 2411 1817 2456 taa-

122 2489 161 2544 ris
178 2506 247 2561 ergo
267 2490 338 2545 dura
355 2495 385 2545 et
404 2490 507 2546 acerba
518 2491 648 2545 videatur
659 2491 795 2560 ejusmodi
809 2478 955 2561 separatio,
981 2499 1039 2545 tum
1065 2493 1175 2560 requiri
1192 2500 1344 2560 parentum
1373 2507 1535 2544 cementum
1564 2491 1594 2543 in
1619 2490 1726 2558 nuptiis
1751 2489 1817 2542 liis-

121 2576 253 2637 tamensi
273 2575 344 2646 legis
362 2575 447 2646 rigori
469 2575 553 2630 semel
572 2581 658 2647 atque
676 2576 776 2631 iterum
794 2577 871 2630 locus
890 2591 954 2629 cou-
980 2596 1090 2646 rorum,
1113 2585 1144 2630 ut
1166 2585 1315 2647 parentum
1338 2593 1488 2632 consensus
1506 2577 1682 2645 praecedere
1709 2574 1816 2627 debeat.
1901 2588 1906 2596 ·

122 2662 236 2717 cedatur
247 2678 338 2732 neque
352 2661 489 2732 impunita
509 2662 664 2717 dimittatur
681 2662 750 2718 haec
768 2661 887 2716 tiliorum
905 2675 954 2714 au·
981 2664 1099 2728 Quando
1125 2663 1210 2735 igitur
1227 2679 1278 2735 per
1300 2663 1533 2734 dispensationem
1554 2659 1694 2732 quandam
1715 2674 1816 2730 pareus

122 2747 214 2816 dacia,
232 2764 296 2802 raro
315 2747 343 2800 iu
361 2754 500 2818 posterum
521 2748 676 2820 continget,
692 2754 725 2803 ut
741 2749 792 2803 tali
808 2747 953 2803 severitate
980 2749 1160 2806 clandestinis
1185 2748 1334 2803 liberorum
1361 2749 1479 2818 nuptiis,
1504 2747 1541 2801 ad
1563 2763 1633 2818 quas
1652 2745 1753 2816 copula
1771 2761 1815 2799 ac·

123 2833 156 2888 sit
188 2834 339 2902 utendum,
373 2834 522 2889 Duareuus
559 2835 594 2891 de
624 2842 701 2906 nupt
733 2852 757 2892 c.
787 2841 811 2890 2.
840 2835 870 2888 iu
905 2832 952 2886 fin.
979 2836 1076 2901 cessit,
1099 2851 1262 2891 consensum
1282 2833 1412 2904 praebet,
1437 2841 1505 2888 tunc
1525 2832 1725 2886 clandestinum
1744 2829 1815 2883 illud

122 2926 145 2975 t.
163 2920 295 2975 Privatae
312 2919 534 2975 contrahentium
553 2921 666 2975 utilitati
685 2921 853 2993 quandoque
870 2920 952 2974 inter·
980 2921 1184 2977 matrimonium
1204 2936 1260 2975 uon
1283 2919 1462 2974 confirmetur
1485 2935 1536 2989 per
1552 2917 1693 2989 quandam
1714 2915 1816 2969 ratiba·

122 3006 314 3070 esuriretur,
332 3005 401 3060 talia
418 3007 550 3078 conjugia
569 3007 740 3074 confirmari,
766 3007 815 3061 sed
840 3005 954 3077 publica
979 3009 1121 3077 bitionem,
1140 3007 1189 3061 sed
1201 3005 1279 3074 illud,
1298 3005 1373 3076 quod
1391 3005 1463 3058 inter
1474 3004 1668 3059 contrahentes
1681 3001 1816 3055 hacteuus

123 3092 226 3147 utilitas
252 3093 344 3162 potius
369 3092 483 3156 suadet,
508 3093 640 3147 scaudala
664 3098 694 3148 ct
721 3092 823 3148 delicta
840 3091 954 3162 publica
980 3100 1081 3158 actum,
1108 3100 1242 3164 tanquam
1278 3090 1389 3144 divinae
1422 3091 1477 3158 legi
1507 3089 1675 3144 contrarium
1707 3086 1817 3158 penitus

122 3177 226 3249 puniri,
250 3182 283 3231 ut
307 3182 337 3232 et
360 3176 414 3247 ipsi
441 3177 633 3250 delinquentes
656 3181 836 3234 coiirceantur
859 3184 888 3232 et
905 3177 953 3232 alii
980 3178 1147 3235 rescinditur
1170 3195 1203 3233 ac
1219 3193 1264 3232 res
1283 3176 1318 3231 de
1346 3176 1455 3247 integro
1472 3176 1555 3243 jnrta
1571 3174 1697 3228 ordinem
1718 3172 1816 3227 divini·

123 3264 245 3335 eremplo
263 3270 425 3320 terreantur.
460 3267 489 3323 3.
516 3266 610 3319 Multa
629 3266 786 3334 impediunt
811 3266 952 3318 matrimo-
980 3274 1025 3321 tus
1051 3265 1252 3336 praescriptum
1279 3261 1440 3325 inchoatur,
1475 3268 1507 3315 ut
1539 3260 1672 3331 conjuges
1701 3258 1818 3314 tirmiter

122 3352 196 3404 aiam
214 3351 440 3414 contrabendum,
459 3367 532 3419 quar
544 3369 600 3404 non
619 3351 755 3404 dirimunt
772 3359 953 3419 contractum,
980 3358 1102 3408 statuere
1118 3351 1237 3422 possint,
1261 3351 1484 3419 conjunctionem
1508 3362 1586 3401 suam
1610 3363 1670 3401 esse
1696 3345 1817 3400 divinam

125 3436 189 3490 iude
208 3435 314 3490 Paulus
332 3436 394 3494 libr.
415 3442 437 3491 2.
462 3443 564 3508 recept
586 3442 657 3494 sent.
681 3437 792 3505 statuit,
815 3456 871 3491 non
895 3438 954 3506 qui·
981 3455 1014 3494 ac
1030 3438 1190 3509 legitimam,
1209 3454 1265 3508 qua
1283 3437 1319 3491 de
1337 3453 1368 3491 re
1386 3434 1502 3490 inferius
1519 3434 1607 3505 plura.

123 3524 183 3576 dem
210 3522 418 3576 matrimonium
444 3524 549 3593 abaqrrs
574 3540 709 3578 concensu
723 3532 873 3594 parentum
891 3540 955 3576 con·
1016 3531 1058 3582 et.
1100 3525 1194 3596 Atque
1217 3523 1287 3579 baec
1312 3531 1390 3593 sunt,
1420 3538 1492 3593 quae
1513 3519 1697 3577 Bellarminus
1722 3518 1902 3573 coneretu-

122 3609 287 3663 traiendnm
304 3625 377 3677 esse,
407 3611 436 3663 ai
462 3618 552 3664 tamen
573 3618 745 3665 contractum
761 3612 870 3678 fuerit,
899 3627 955 3662 non
981 3612 1176 3668 necessitatem
1195 3610 1304 3681 paterni
1322 3624 1471 3665 cousensus
1490 3607 1579 3663 affert.
1614 3606 1764 3661 Praeterea
1781 3605 1817 3660 ab
1831 3576 1925 3664 3¹0⁰qu

123 3712 179 3749 ease
199 3695 416 3752 denehardum.
445 3696 669 3767 Respondemusr
688 3697 876 3768 Quaecunque
893 3696 956 3768 lege
982 3698 1044 3753 aliis
1063 3697 1118 3751 tria
1135 3695 1308 3767 potissimum
1325 3700 1463 3766 urgentur
1479 3693 1674 3761 fundamenta,
1700 3708 1817 3763 quorum
1831 3676 1930 3767 im

124 3780 216 3835 divina
234 3796 366 3852 expressa
388 3781 425 3836 ad
444 3782 612 3836 matrimonii
631 3781 747 3854 legitimi
767 3782 955 3855 integritatem
982 3785 1101 3856 primum
1128 3782 1245 3837 ductum
1272 3799 1291 3834 a
1318 3781 1454 3850 requisito
1479 3781 1630 3844 libertatis,
1656 3779 1774 3834 alterum
1798 3797 1817 3833 a
1831 3789 1947 3870 fgfnffi·

123 3872 206 3938 atque
233 3867 382 3921 essentiam
404 3867 596 3939 requiruntur,
625 3885 659 3923 ea
680 3886 735 3924 nou
762 3870 852 3923 solum
871 3870 955 3941 impe·
982 3871 1142 3927 conditione
1159 3870 1274 3938 patriae
1289 3868 1448 3937 poteatatir,
1467 3867 1580 3922 tertium
1594 3883 1612 3919 a
1626 3866 1818 3920 consecutione
1832 3883 1926 3921 reustu-

42 3944 44 3949 ’
123 3951 203 4007 diunt
221 3952 427 4007 matrimonium
455 3952 685 4023 contrahendum,
707 3954 756 4010 sed
781 3955 864 4010 etiam
892 3971 956 4011 cou—
984 3955 1177 4009 clauditatis.
1222 3957 1246 4010 1.
1279 3955 1316 4007 ln
1344 3951 1524 4006 matrimonio
1553 3953 1745 4006 contrahendo
1775 3952 1818 4006 usi
1831 3936 1934 4040 ‘¹⁸¹2‘-

122 4044 240 4093 tractum
266 4038 434 4106 dissolvuut3
459 4040 519 4108 jam
546 4056 613 4095 vero
639 4056 789 4095 cousensus
810 4049 957 4112 parentum
984 4040 1101 4096 manime
1119 4038 1409 4108 requiritur-libertae,
1429 4040 1628 4108 qvaedocente
1645 4037 1819 4102 Quintiliano
1832 4053 1916 4100 quinto

44 4119 77 4162 ¹l·
88 4127 113 4172 tt.
124 4141 252 4196 expressa
270 4125 321 4181 Dei
342 4125 404 4197 lege
422 4125 458 4180 ad
483 4126 651 4181 matrimonii
678 4127 795 4198 legitimi
814 4127 956 4199 integrita·
984 4129 1113 4198 nrupr'nm
1133 4133 1190 4179 tam
1208 4125 1370 4179 necarerie
1392 4141 1473 4194 quam
1495 4125 1525 4178 in
1544 4127 1737 4188 matrimonio,
1756 4126 1819 4193 qaia
1832 4103 1902 4194 ξ’,ῗῖζ

123 4218 176 4265 tam
194 4211 354 4283 requiritur.
393 4210 422 4267 Si
440 4228 507 4284 ergo
525 4213 652 4267 strictum
667 4213 715 4282 jus
734 4213 872 4284 respicere
891 4214 957 4267 veli·
985 4215 1055 4269 enim
1074 4229 1172 4266 amare
1185 4213 1279 4266 alieno
1296 4213 1511 4281 animopotestt
1536 4215 1626 4282 Atqui
1639 4228 1819 4281 percensen-
1876 4242 1884 4251 -

124 4316 190 4362 mus,
211 4304 341 4369 parentes
357 4297 413 4353 tale
423 4299 628 4355 matrimonium
646 4298 765 4355 rescindi
783 4304 878 4369 petere
895 4317 958 4371 pos·
984 4318 1033 4354 aua
1064 4300 1182 4369 paterni
1221 4300 1411 4353 nmeaaitatem
1454 4299 1570 4352 libertae
1606 4298 1660 4351 iiia
1702 4297 1818 4352 tollitur.

125 4391 199 4453 sunt,
231 4384 342 4439 interim
368 4388 462 4439 tamen
493 4385 634 4456 quandam
663 4385 898 4455 dispensationem
931 4391 959 4440 et
984 4386 1208 4457 Respondemus:
1239 4390 1260 4440 t.
1282 4384 1409 4440 Libertas
1433 4389 1462 4441 et
1481 4384 1640 4440 obedientia
1658 4401 1725 4455 erga
1742 4384 1819 4456 leges

125 4469 272 4524 inretiatur
291 4469 398 4525 ratione
422 4469 690 4525 circumstantiarum
709 4469 805 4524 habita
829 4470 958 4525 incertis
984 4487 1160 4545 nequaquam
1180 4471 1300 4526 invicem
1319 4476 1461 4542 puguant,
1487 4471 1553 4543 quia
1573 4471 1735 4525 eudemum
1753 4486 1821 4524 vera

125 4555 233 4611 casibus
253 4554 343 4610 locum
358 4555 482 4610 obtinere
497 4556 626 4625 jamdum
640 4554 835 4613 concessimus.
863 4557 959 4613 Verba
985 4566 1027 4615 est
1044 4559 1175 4627 libertas,
1204 4573 1274 4628 quae
1293 4557 1395 4611 divinis
1420 4564 1449 4612 et
1466 4553 1588 4613 honestis
1607 4555 1714 4627 legibus
1732 4560 1819 4625 paret.

126 4641 201 4696 Pauli
219 4641 333 4712 quidam
356 4642 396 4695 sic
418 4641 572 4712 explicant,
599 4645 678 4712 quod
693 4644 900 4697 matrimonium
917 4662 958 4698 ae·
984 4649 1091 4717 Lepnm
1108 4645 1184 4699 aerei
1201 4661 1311 4715 sumtis,
1336 4644 1427 4715 inquit
1446 4643 1544 4699 Cicero
1570 4643 1619 4697 lib.
1643 4650 1663 4698 t.
1691 4641 1763 4696 offic.
1791 4652 1822 4696 ut

125 4730 244 4781 cundum
266 4727 342 4796 lepra
368 4735 394 4779 et
422 4736 574 4794 parentum
602 4728 744 4781 uoluntate
774 4729 873 4782 initum
903 4749 959 4783 non
984 4733 1069 4786 tiberi
1080 4747 1138 4785 ease
1147 4731 1299 4799 patrimus.
1319 4729 1384 4786 Jam
1397 4730 1821 4798 vereconsensusparentumiu
1875 4742 1883 4755 '

126 4814 231 4867 idcirco
252 4821 352 4882 postea
379 4812 589 4866 dissoluendum
606 4814 657 4878 ait,
684 4815 751 4884 quia
772 4822 858 4882 pater
883 4815 960 4869 iliud
984 4803 1090 4888 nuptiis
1108 4816 1257 4871 liberorum
1272 4815 1337 4886 jure
1360 4816 1467 4878 divino,
1492 4813 1613 4869 naturali
1638 4821 1666 4870 et
1684 4815 1760 4870 cirili
1778 4832 1822 4873 re·

125 4900 205 4968 uelit,-
224 4898 274 4953 alii
287 4897 463 4969 respondent,
474 4892 643 4966 'brsjuemcdi
652 4907 772 4953 ueterem
786 4901 959 4970 fragmenta,
984 4904 1109 4976 quiritur.
1142 4909 1167 4960 2.
1185 4901 1424 4973 Distinguendum
1443 4902 1516 4956 inter
1533 4899 1691 4957 libertatem
1708 4902 1820 4957 nicolu-

125 5000 193 5052 quae
213 5001 233 5038 a
249 4984 414 5038 Jnatiniano
430 4983 461 5037 in
473 5001 578 5053 corpur
589 4985 670 5053 jurio
686 5003 743 5038 non
756 4993 820 5039 sunt
830 4988 959 5056 redorta,
985 4998 1043 5043 tam
1055 4989 1113 5044 sire
1125 4987 1365 5045 indeterminatam
1378 4993 1407 5044 et
1420 4987 1569 5042 limitatam
1583 4988 1641 5042 sive
1658 4991 1821 5046 restrictam.

124 5073 218 5135 facere
246 5072 360 5140 quidem
390 5073 431 5123 ad
465 5071 643 5139 antiquitate
674 5073 872 5143 cognitionem,
902 5091 959 5127 non
985 5076 1058 5132 Nam
1085 5082 1113 5131 et
1137 5074 1207 5129 illud
1228 5075 1330 5130 dicitur
1347 5074 1478 5145 liberum,
1503 5072 1580 5145 quod
1593 5073 1646 5129 sub
1664 5080 1741 5129 certa
1760 5075 1822 5147 lege

126 5167 212 5212 autem
241 5159 282 5210 ad
291 5157 370 5226 juria
396 5157 625 5214 dormitationem.
669 5163 693 5214 4.
715 5162 796 5213 Certo
822 5159 888 5227 inre
905 5162 958 5213 uti-
985 5161 1199 5218 reconditione
1223 5166 1265 5216 est
1290 5158 1424 5226 liberum,
1450 5165 1483 5214 ut
1506 5166 1585 5232 patet
1609 5177 1642 5215 ex
1661 5160 1822 5216 definitione

125 5260 196 5312 mur,
222 5244 313 5312 inquit
335 5243 475 5313 Ulmanus
498 5244 518 5298 l.
545 5247 568 5297 1.
590 5240 617 5316 ξ.
636 5245 683 5309 fin.
700 5246 733 5314 ff.
753 5247 788 5297 de
807 5245 853 5298 tit.
871 5246 958 5303 estid.
985 5247 1123 5303 libertatis
1151 5247 1220 5304 lust.
1245 5246 1280 5301 de
1302 5246 1366 5316 jure
1390 5261 1498 5317 person.
1524 5244 1553 5318 ξ.
1573 5252 1603 5302 t:
1628 5246 1758 5301 Libertas
1782 5253 1823 5299 eat

125 5345 155 5383 as
169 5331 234 5384 berse
253 5330 458 5384 cormordentia
477 5330 658 5384 matrimonia
681 5330 746 5397 jure
767 5331 867 5399 patria
880 5341 959 5401 pote·
986 5335 1131 5389 naturalis
1154 5333 1282 5400 facultas
1299 5333 1375 5402 ejua,
1399 5335 1476 5402 quod
1503 5335 1602 5405 ruique
1628 5334 1727 5397 facere
1746 5330 1821 5400 tabet,

125 5417 201 5470 natu
217 5417 371 5472 turbentur.
410 5417 493 5480 Quod
516 5418 607 5470 tdmen
625 5417 667 5471 ric
685 5416 740 5471 erit
758 5417 955 5487 adhibendum,
985 5423 1043 5477 niti
1067 5422 1095 5475 ai
1120 5420 1192 5491 quid
1215 5419 1246 5473 oi
1268 5426 1319 5474 aut
1335 5420 1405 5488 jure
1424 5421 1597 5489 prohibetur.
1645 5424 1668 5475 3.
1693 5417 1925 5474 Liberunum.
