4020 6022
887 298 938 355 DE
956 298 1155 358 CONJUGIO.
1823 304 1862 363 25

176 472 238 512 cum
262 456 388 513 Christus
416 457 537 514 divinam
561 458 636 514 illam
661 449 785 530 conjugii
806 455 1005 512 institutionem
1035 456 1200 528 significatio
1216 475 1233 513 a
1250 458 1380 531 conjugio
1398 458 1426 514 in
1444 458 1478 513 T.
1494 457 1531 515 V.
1543 456 1664 528 separari
1682 453 1785 527 nequit.
1810 452 1863 510 Ur·

177 549 322 615 repeteret.
358 544 468 617 Regula
486 561 594 616 semper
611 550 704 599 manet
721 544 818 599 eadem
841 560 875 597 ac
895 541 947 596 sibi
966 539 1005 595 si·
1033 555 1081 614 get
1102 543 1285 623 Bellqrminus
1309 545 1395 601 verba
1418 544 1543 616 apostoli,
1568 543 1642 616 quod
1667 541 1742 611 dicit,
1768 556 1864 593 eaeru-

176 627 256 700 miiis,
276 631 343 686 licet
361 632 487 703 exempla
500 633 536 687 ad
553 631 679 704 regulam
693 631 901 686 accommodata
918 631 1006 682 muta-
1032 637 1151 684 mentam
1164 631 1215 684 166
1227 649 1356 702 666666
1366 650 1421 685 non
1433 633 1539 700 samse,
1558 632 1610 684 sed
1626 646 1685 683 esse
1702 631 1732 682 in
1752 627 1864 683 Christo

176 716 244 771 tioni
265 723 293 773 61
310 716 434 774 interitui
460 719 517 773 sint
534 717 669 788 subjecta.
704 717 763 770 Lex
782 715 935 770 incivitate
953 712 1006 766 6111
1033 717 1209 781 6166616616,
1232 722 1260 773 et
1278 734 1309 772 ex
1328 736 1360 774 66
1377 717 1480 773 inferre
1502 723 1634 785 conatur,
1658 713 1865 770 matrimonium

176 820 286 876 semper
303 804 399 859 similis
419 809 525 870 manet,
552 804 618 860 licet
636 804 709 858 cives
733 802 769 856 ad
789 802 859 874 legis
877 800 1006 858 obedien·
1033 821 1089 856 non
1107 820 1166 858 esse
1184 814 1398 875 sacromentum,
1416 807 1474 860 nisi
1490 807 1518 859 in
1536 805 1664 868 ecclesia,
1683 810 1715 858 ut
1733 797 1865 873 Augusti·

175 891 241 946 11616
259 891 385 946 adstricti
402 890 483 948 morti
495 891 550 946 sint
568 889 685 948 obnoxii.
723 893 749 944 3.
762 889 914 958 Apostolus
927 887 1003 957 Epir.
1031 907 1084 944 nus
1102 891 1137 945 de
1155 889 1229 945 bono
1250 891 1392 964 conjugali
1412 890 1539 948 affirmat.
1577 891 1634 947 Sed
1647 888 1764 945 inclusio
1783 885 1864 942 unius

176 982 200 1032 5.
223 995 255 1031 66
277 978 367 1031 verbis
390 978 450 1032 silis
476 978 616 1034 Geneseoe
635 978 743 1047 probat
766 976 925 1045 peneretem
938 990 1006 1045 pro·
1032 992 1087 1030 non
1112 981 1155 1031 est
1178 977 1300 1032 exclusio
1325 976 1444 1033 alterius.
1482 976 1649 1049 conjugium
1670 975 1699 1031 16
1720 975 1755 1029 N.
1774 973 1807 1027 Τ.
1823 977 1865 1028 est

172 1065 349 1134 positionem,
368 1064 519 1135 quodnisi
535 1065 654 1118 61616661
671 1079 772 1117 atores
791 1079 857 1115 6666
877 1062 1005 1129 diligere,
1032 1061 1141 1134 signum
1159 1062 1232 1118 illius
1252 1063 1453 1135 conjunctionis
1480 1064 1551 1118 inter
1569 1062 1708 1118 Christum
1731 1068 1759 1117 et
1777 1057 1863 1116 eccle·

175 1167 242 1219 erpo
262 1152 296 1205 de
316 1152 394 1205 omni
408 1151 539 1222 conjapio
562 1152 647 1205 verbe
671 1148 812 1217 inteliipit.
847 1147 1005 1218 Responde·
1032 1149 1115 1214 siam,
1142 1149 1191 1204 sed
1218 1167 1250 1205 ex
1275 1167 1307 1205 ec
1326 1166 1382 1205 non
1407 1150 1634 1222 sequitur,qucd
1653 1149 1681 1204 16
1699 1148 1734 1205 V.
1755 1147 1788 1201 T.
1807 1161 1863 1201 non

176 1254 254 1292 mus:
278 1237 455 1292 concedimus
482 1241 570 1302 totum
596 1241 624 1291 et
649 1235 791 1304 addimus,
819 1232 843 1287 61
867 1233 903 1288 16
922 1233 1004 1302 omni,
1031 1236 1115 1291 fuerit
1131 1236 1242 1309 signum
1260 1236 1462 1309 conjunctionis
1488 1238 1559 1292 inter
1577 1236 1714 1291 Christum
1731 1240 1760 1289 et
1777 1231 1863 1288 66616

175 1323 270 1394 utique
286 1323 368 1378 etiam
384 1322 419 1378 16
430 1321 511 1378 Adae
524 1329 552 1378 et
564 1322 640 1378 Erae
652 1321 792 1394 conjugio,
808 1320 904 1393 utique
921 1319 1006 1375 ctiam
1032 1322 1110 1380 siam.
1144 1322 1368 1396 Quotiescunque
1386 1323 1459 1379 enim
1476 1322 1553 1378 Deus
1571 1339 1651 1378 suum
1678 1321 1777 1376 foedus
1801 1334 1863 1391 gra·

176 1409 210 1463 de
229 1409 281 1479 piis
294 1407 461 1480 conjugibus
474 1408 508 1465 V.
526 1407 560 1463 T.
579 1408 675 1479 utiquc
693 1407 728 1463 de
746 1406 914 1479 conjugibus
926 1405 960 1462 N.
972 1403 1005 1458 Τ.
1032 1410 1088 1465 tiae
1113 1416 1141 1466 et
1166 1427 1285 1467 amorem
1309 1428 1377 1484 erga
1402 1411 1463 1481 pios
1489 1409 1612 1465 declarat
1637 1407 1759 1480 conjugii
1784 1412 1862 1478 typo,

175 1494 258 1550 etiam
277 1494 341 1562 illis,
361 1494 409 1565 qui
420 1494 623 1549 matrimonium
640 1499 839 1558 contraxerant,
857 1498 1006 1563 antequam
1033 1494 1107 1566 quod
1124 1495 1157 1551 fit
1175 1495 1344 1568 saepissime,
1363 1496 1466 1553 Erech.
1489 1501 1528 1565 16,
1547 1514 1571 1551 r.
1587 1500 1612 1552 8.
1642 1493 1729 1549 Oscae
1750 1499 1774 1562 2,
1792 1508 1817 1548 6.
1840 1497 1862 1546 1.

176 1580 319 1655 apostolus
336 1581 409 1636 hanc
429 1598 507 1636 suam
525 1581 561 1635 ad
579 1579 713 1653 Ephesios
738 1578 881 1650 epistolam
906 1577 1007 1632 scribe·
1033 1588 1085 1638 616,
1111 1583 1218 1653 quoties
1243 1600 1304 1639 ⁸2⁸0
1328 1589 1410 1639 vocat
1426 1600 1557 1654 &pomum
1579 1600 1612 1635 με
1630 1568 1760 1634 mortam
1780 1578 1863 1633 κοῖα.

176 1676 226 1725 661.
273 1667 416 1741 Quotquot
442 1668 513 1724 enim
542 1669 676 1741 conjuges
706 1666 808 1722 debent
833 1683 862 1722 se
889 1665 1006 1720 invicem
1034 1670 1103 1737 siae,
1120 1668 1184 1724 Ena.
1203 1674 1244 1737 61,
1263 1685 1290 1725 6.
1313 1674 1495 1733 166616.
1516 1665 1862 1739 116116661666116661

176 1755 309 1826 diligere,
336 1755 371 1809 ad
391 1753 454 1810 illos
473 1753 502 1809 61
521 1754 689 1826 apostolicae
713 1752 846 1807 illationis
867 1714 1110 1823 pertinentlillam
1134 1754 1366 1827 significationem
1394 1755 1423 1809 in
1447 1755 1577 1827 conjugio
1597 1753 1771 1826 'propositam
1790 1753 1864 1823 ipsos

175 1841 262 1896 verba
282 1841 414 1896 Mosaica.
447 1840 511 1896 Jam
535 1857 600 1896 vero
623 1857 717 1895 omnes
742 1838 852 1893 omnino
873 1839 1006 1909 conjuges
1034 1841 1169 1897 deducere
1195 1840 1293 1897 voluit.
1337 1841 1419 1907 Quod
1445 1841 1648 1897 matrimonium
1677 1857 1732 1894 non
1755 1839 1811 1892 nisi
1834 1839 1864 1892 in

177 1926 451 1983 debenteelnvieem
463 1926 586 2000 diligere.
620 1925 694 1999 Ergo
707 1925 741 1980 ad
755 1941 849 1980 omnes
868 1922 1006 1995 pertinent
1034 1928 1150 1982 ecclesia
1176 1934 1379 1983 sacramentum
1409 1943 1469 1983 6666
1498 1927 1613 1996 dicitur,
1644 1926 1673 1981 in
1702 1941 1735 1981 eo
1762 1924 1864 1996 duplex

175 2013 261 2070 verba
276 2013 408 2072 Mosaica.
442 2013 575 2072 Ulterius.
610 2012 657 2068 Ad
670 2029 763 2068 omnes
783 2010 894 2065 omniuo
911 2010 1004 2080 conju·
1033 2012 1200 2086 ambiguitas
1222 2013 1299 2069 latet.
1333 2013 1388 2069 Vel
1413 2012 1486 2068 enim
1508 2019 1616 2068 tautum
1637 2012 1672 2068 de
1694 2010 1811 2068 ecclesis
1829 2010 1862 2067 N.

176 2118 225 2172 ges
249 2100 390 2171 pertinent
415 2099 500 2156 66616
528 2097 658 2155 Μ666166.
702 2097 823 2165 Quidam
854 2097 1005 2168 conjugum
1032 2099 1066 2157 T.
1095 2099 1272 2172 intelligitur,
1299 2100 1344 2157 vel
1359 2101 1389 2155 in
1412 2116 1513 2172 genere
1541 2100 1576 2155 16
1592 2097 1709 2155 ecclesia
1724 2096 1758 2153 V.
1779 2112 1812 2152 ac
1830 2095 1863 2152 N.

172 2187 298 2259 jamdum
320 2185 392 2240 diam
417 2184 545 2241 obierant
567 2202 661 2251 66616,
686 2201 748 2240 cum
774 2182 914 2255 apostolus
937 2181 1006 2236 1666
1033 2185 1066 2242 T.
1100 2185 1225 2242 Priorem
1245 2186 1456 2259 explicationem
1475 2185 1651 2256 amplectitur
1668 2182 1865 2251 Bellarminus,

175 2272 315 2328 scriberet.
343 2271 621 2345 Ergoadquosdam,
635 2269 1005 2344 quidiemobierantsuum,
1033 2271 1082 2327 sed
1103 2279 1225 2338 constat,
1252 2272 1344 2328 Deum
1369 2273 1451 2328 etiam
1475 2272 1504 2326 in
1522 2271 1556 2330 V.
1575 2271 1608 2326 T.
1628 2270 1758 2326 habuisse
1777 2269 1864 2324 66616·

176 2357 261 2415 verba
279 2358 403 2413 11666166
420 2358 572 2430 pertinent,
597 2364 626 2414 et
651 2374 702 2431 per
724 2372 896 2428 consequens
913 2370 948 2409 er
965 2370 1006 2423 66,
1033 2359 1110 2416 siam.
1148 2358 1333 2415 Bellarminus
1353 2359 1465 2431 quidem
1483 2357 1656 2415 1166611111.
1678 2363 1702 2413 3.
1718 2356 1753 2412 de
1765 2355 1863 2415 eccles.

176 2444 252 2517 quod
263 2445 343 2500 Adae
358 2450 386 2500 et
398 2446 473 2500 Erae
491 2444 652 2517 conjugium
664 2444 756 2499 multis
775 2458 909 2498 annorum
927 2440 1005 2496 milli·
1034 2434 1128 2500 6116.
1151 2451 1173 2500 1.
1191 2447 1327 2516 poputum
1350 2446 1381 2503 V.
1405 2447 1437 2501 T.
1455 2445 1576 2517 proprie
1601 2445 1661 2498 dici
1684 2458 1865 2513 synapopam,

145 2570 148 2575 -
176 2531 229 2585 bus
242 2532 302 2602 jam
322 2536 382 2587 erat
405 2529 583 2600 dissolutum,
609 2547 672 2585 cum
696 2529 822 2586 Christus
849 2527 936 2585 verba
959 2526 1007 2581 illa
1029 2532 1168 2603 populum
1186 2533 1223 2586 N.
1247 2531 1278 2586 T.
1295 2548 1433 2602 6666666
1450 2531 1510 2585 dici
1527 2548 1707 2600 66666666,
1725 2530 1777 2583 6661
1793 2544 1866 2583 aena·

178 2619 467 2688 Geneseosrepeteret,
479 2616 606 2672 concludi
614 2616 719 2690 nequit,
733 2616 820 2672 verba
831 2612 1008 2670 illahlosaica
1030 2635 1085 2686 per
1104 2617 1265 2686 ecclesiam,
1289 2617 1323 2671 iot
1346 2625 1386 2672 est
1405 2616 1604 2683 evocationem,
1624 2617 1674 2671 sed
1693 2614 1760 2688 quid
1778 2615 1812 2669 de
1832 2629 1865 2670 eo

176 2722 231 2760 666
249 2704 350 2759 debere
369 2720 420 2760 nec
439 2720 519 2775 posse
552 2703 589 2758 ad
611 2703 771 2777 conjugium
788 2702 869 2756 Adae
887 2706 914 2756 et
931 2699 1008 2753 Evae
1035 2703 1212 2759 statuendum
1232 2704 1282 2773 sit,
1306 2703 1461 2774 expositum
1484 2702 1537 2759 fuit
1559 2702 1588 2758 in
1605 2708 1686 2760 tract.
1714 2703 1749 2758 de
1768 2700 1864 2757 eccles.

176 2790 280 2846 referri.
321 2790 449 2861 Denique
476 2790 511 2845 de
538 2805 593 2862 quo
619 2789 750 2861 conjugIo
776 2789 861 2844 verba
886 2785 1009 2841 11666166
1035 2787 1063 2864 6,
1083 2797 1107 2846 5.
1142 2788 1247 2855 Quodsi
1270 2791 1299 2845 16
1325 2807 1408 2846 sensu
1429 2791 1581 2863 posteriore
1605 2789 1720 2858 dicitur,
1749 2789 1778 2842 in
1806 2786 1867 2842 6616

177 2877 375 2948 interpretatur
397 2875 552 2947 apostolus,
579 2875 614 2931 de
643 2875 740 2931 eodem
769 2874 850 2945 dicit,
876 2871 952 2947 quod
972 2868 1009 2924 611
1035 2875 1160 2942 ecclesia,
1179 2876 1209 2931 11
1226 2882 1268 2933 661
1281 2876 1334 2932 Dei
1346 2876 1459 2948 populo,
1474 2874 1678 2930 matrimonium
1696 2890 1756 2930 6666
1775 2888 1865 2928 66666·

178 2980 309 3036 magnum
331 2961 507 3034 mysterium,
525 2968 557 3017 61
574 2967 682 3018 6666161
699 2978 733 3016 ex
752 2961 891 3017 evidentia
909 2963 1007 3014 textus.
1035 2958 1166 3034 mentum,
1184 2964 1214 3020 id
1231 2969 1273 3020 est
1290 2981 1384 3020 sacrae
1403 2964 1443 3019 rei
1461 2964 1580 3037 signum,
1607 2962 1708 3018 iterum
1727 2961 1756 3015 id
1775 2958 1865 3013 ambi.

176 3051 242 3107 ism
259 3067 325 3109 vero
343 3050 378 3104 de
398 3049 471 3104 omni
490 3049 628 3122 conjugio,
648 3047 772 3121 legitimo
790 3046 903 3112 scilicet,
922 3044 1009 3100 verbs
1034 3067 1136 3121 guum,
1159 3051 1204 3106 vel
1223 3051 1296 3106 enim
1307 3050 1474 3122 intelligitur
1484 3049 1537 3105 hoo
1554 3049 1661 3103 ratione
1673 3046 1864 3110 inminutiones,

177 3134 668 3208 Moesicainterpretaturapostolus,
681 3141 712 3190 ut
725 3133 909 3190 Bellarminus
922 3148 1008 3204 agno-
1034 3135 1080 3190 rel
1105 3137 1211 3193 6611666
1236 3138 1353 3191 notitiae
1377 3153 1410 3190 66
1435 3135 1681 3203 manifestationis.
1725 3131 1864 3204 Respectu

178 3222 237 3278 scit.
270 3222 345 3295 Ergo
360 3221 395 3277 de
406 3221 480 3277 omni
499 3221 628 3294 conjugio
641 3220 717 3289 dicit,
737 3220 811 3293 6661
826 3221 1007 3292 sitmagnum
1034 3221 1214 3277 institutionis
1240 3222 1275 3278 de
1298 3222 1372 3277 omni
1396 3221 1536 3294 conjugio,
1553 3221 1636 3276 etiam
1653 3219 1727 3290 apud
1746 3216 1863 3291 gentiles

178 3309 348 3380 mysterium,
375 3308 428 3363 hoc
454 3314 505 3377 cst,
533 3313 565 3362 ut
592 3306 775 3362 Bellarminus
803 3307 1008 3377 interpretatur,
1035 3308 1174 3365 celebrato
1192 3309 1283 3378 (modo
1302 3310 1384 3381 juxta
1401 3309 1478 3381 leges
1503 3307 1614 3363 divinae
1631 3307 1811 3363 institutionis
1829 3307 1867 3362 sit

178 3402 379 3452 sacramentum
397 3394 508 3467 proprie
530 3395 570 3449 sic
594 3394 706 3450 dictum.
742 3394 782 3449 At
799 3394 852 3448 166
871 3396 1010 3464 repugnat
1035 3395 1115 3451 unius
1135 3395 1217 3450 maris
1236 3411 1269 3450 ac
1286 3394 1368 3450 unius
1390 3394 1508 3451 feminae
1531 3393 1656 3466 legitima
1675 3399 1703 3447 et
1719 3392 1865 3449 indissolu-

178 3483 339 3537 Bcllarmini
351 3480 560 3554 hypothesibus,
576 3481 674 3537 statuit
686 3481 767 3549 enim,
780 3480 939 3553 conjugium
950 3495 1009 3534 6666
1036 3481 1099 3537 bilis
1117 3481 1287 3553 conjunctio)
1299 3488 1374 3537 recte
1386 3481 1495 3551 dicitur,
1515 3480 1589 3552 quod
1602 3479 1639 3534 sit
1655 3486 1865 3545 sacramentum,

179 3575 383 3625 sacramentum
402 3568 590 3641 novaelegis,
610 3567 664 3623 166
688 3573 732 3623 661
751 3568 785 3624 N.
806 3565 840 3624 T.
857 3565 1008 3637 proprium.
1035 3568 1063 3623 id
1082 3574 1123 3624 est
1141 3566 1251 3639 signum
1271 3565 1473 3639 conjunctionis
1489 3565 1562 3621 inter
1577 3564 1716 3621 Christum
1735 3571 1763 3621 et
1780 3566 1866 3622 eccle·

178 3654 265 3711 Videt
277 3653 370 3726 igitur,
390 3670 421 3709 se
434 3655 462 3709 in
475 3654 653 3710 concedendo
665 3653 747 3709 nimis
758 3653 902 3709 liberalem
914 3651 1008 3716 fuisse,
1035 3654 1117 3722 siam,
1146 3654 1213 3728 quia
1240 3653 1312 3709 inter
1342 3652 1462 3725 reliquos
1488 3652 1668 3708 institutionis
1694 3651 1763 3707 1666
1782 3653 1866 3708 etiam

177 3742 241 3797 ideo
261 3741 352 3796 addit:
383 3740 513 3804 Quamvis
539 3741 623 3794 66616
650 3739 703 3795 iila
727 3739 860 3794 Moesica
878 3741 914 3792 de
934 3739 1011 3792 omni
1034 3741 1150 3810 116661,
1175 3739 1249 3813 6661
1275 3739 1434 3813 conjugium
1457 3738 1559 3795 debeat
1581 3756 1642 3795 esse
1667 3739 1724 3794 tale
1746 3739 1865 3812 signum.

176 3828 309 3899 conjapio
327 3828 450 3899 intelligi
456 3828 576 3899 possint,
594 3834 685 3881 16666
697 3828 842 3897 apestolus
855 3844 911 3879 non
923 3825 1008 3896 ponit
1034 3827 1075 3883 Ut
1092 3843 1157 3899 ergo
1174 3827 1304 3900 conjugia
1324 3827 1468 3900 gentilium
1486 3843 1541 3881 non
1554 3825 1686 3881 differunt
1703 3843 1720 3881 6
1736 3824 1866 3898 conjugia

176 3915 205 3969 in
224 3932 255 3969 eo
274 3922 485 3983 6666666666,
509 3913 568 3966 616·
583 3921 613 3967 nt
631 3915 673 3966 nd
690 3913 851 3983 conjugium
874 3912 1007 3965 Christia-
1032 3913 1140 3984 piorum
1169 3913 1198 3967 iu
1227 3913 1345 3970 ecclesia
1381 3913 1488 3969 ratione
1525 3912 1669 3969 efficientis
1696 3911 1865 3985 principalis,

175 4020 272 4056 noram
290 4000 424 4066 refertar.
453 3999 526 4057 Sane
536 3999 560 4053 si
573 3998 791 4054 Christianorum
808 4015 905 4054 nomen
926 4014 1007 4069 gene·
1033 3998 1172 4070 materiae,
1190 4000 1294 4057 formae
1310 4007 1339 4055 et
1355 4000 1524 4071 reliquorum
1536 3997 1641 4063 finium,
1657 3999 1698 4055 ita
1709 4000 1791 4055 etiam
1809 4015 1865 4054 666

176 4087 270 4144 naliter
289 4086 443 4159 accipiatur
459 4102 510 4158 pro
528 4085 669 4150 omnibus,
690 4084 737 4157 qui
756 4084 785 4140 in
803 4084 942 4140 Christum
961 4083 1007 4139 rel
1034 4085 1167 4142 differunt
1188 4085 1225 4142 ab
1255 4102 1287 4142 eo
1313 4086 1342 4140 in
1367 4086 1420 4141 hcc
1444 4085 1607 4141 secundario
1624 4084 1685 4141 166
1724 4084 1864 4156 Respectu

176 4180 322 4246 sperarunt
339 4173 516 4245 promissum,
544 4172 588 4228 vel
607 4171 784 4227 crediderunt
808 4171 837 4226 in
854 4171 1007 4226 exhibitum
1033 4172 1149 4228 notitiae
1165 4177 1193 4229 et
1211 4172 1443 4228 manifestationis
1458 4172 1492 4227 de
1505 4171 1569 4226 solis
1581 4172 1718 4243 conjugiis
1730 4171 1759 4225 in
1777 4172 1864 4227 eccle·

177 4266 205 4315 et
222 4260 350 4329 missum,
380 4258 452 4314 61661
473 4259 512 4330 pii
531 4259 559 4313 in
585 4258 620 4315 V.
639 4257 672 4313 T.
692 4260 827 4312 vocantur
843 4255 1007 4326 Meschiani,
1034 4259 1076 4315 sia
1089 4259 1234 4315 celebratis
1254 4259 1323 4314 dicit
1341 4258 1525 4330 Augustinus,
1544 4258 1619 4330 quod
1637 4259 1693 4312 sint
1711 4274 1863 4314 sacramen-

177 4336 319 4423 1111111111,
340 4346 444 4402 Psalm.
474 4351 633 4416 1116615.
671 4343 863 4413 concedimus,
883 4344 911 4397 in
931 4342 1007 4397 omni
1034 4352 1101 4414 tum,
1118 4345 1184 4419 6616
1201 4346 1231 4401 16
1243 4345 1301 4400 6616
1318 4345 1436 4401 ecclesia
1451 4344 1529 4417 riget
1543 4345 1643 4400 notitia
1660 4351 1688 4399 61
1705 4345 1863 4401 manifesta·

178 4433 395 4489 Chrisdauorum
413 4432 543 4504 conjugio
564 4447 624 4487 esse
639 4430 709 4485 illud
727 4435 937 4499 sacramentum,
955 4429 1007 4484 hoc
1033 4432 1072 4487 tio
1090 4431 1164 4487 illius
1182 4432 1307 4505 mysterii
1324 4432 1360 4486 dc
1379 4431 1532 4487 arctissima
1550 4431 1744 4503 conjunctione
1761 4429 1865 4486 Christi

178 4526 220 4575 est
249 4536 328 4576 omne
356 4525 384 4573 et
408 4517 552 4591 quodlibet
578 4517 734 4589 legitimum
760 4516 922 4587 conjugium
948 4533 1007 4572 6666
1034 4525 1063 4574 61
1092 4518 1230 4575 ecclesiae.
1270 4516 1299 4574 si
1322 4517 1412 4573 dicas:
1451 4518 1617 4588 conjunctio
1642 4517 1695 4570 illa
1715 4515 1821 4571 Christi
1838 4525 1865 4572 et

177 4592 287 4680 signnm
306 4609 335 4660 et
351 4604 500 4677 imaginem
519 4602 690 4659 arctissimae
715 4602 915 4673 conjunctionis
936 4602 1008 4658 inter
1034 4607 1168 4661 66166166
1192 4605 1385 4675 complectitur
1401 4623 1458 4660 non
1476 4605 1566 4658 solam
1591 4603 1766 4673 spiritualem
1792 4605 1866 4659 cori·

87 4690 520 4749 ιγ·91·(116161666616661661616.
552 4690 607 4748 Sed
620 4691 805 4747 Bellarminus
818 4706 918 4745 nomen
930 4690 1008 4747 Chri·
1035 4702 1127 4762 tetem,
1145 4694 1294 4747 sedetiam
1307 4700 1427 4746 naturae
1439 4691 1670 4758 conformitatem,
1690 4692 1768 4760 quod
1778 4691 1865 4746 simas

177 4779 329 4836 stianorum
345 4779 441 4834 stricte
456 4777 558 4849 accipit
569 4795 619 4849 pro
631 4776 806 4834 credentibus
825 4777 854 4831 in
868 4776 1006 4833 Christum
1035 4798 1066 4835 os
1090 4797 1122 4833 66
1145 4778 1252 4833 6661666
1278 4778 1339 4848 ejus
1364 4786 1390 4831 et
1414 4795 1481 4831 caro
1506 4779 1541 4830 ds
1566 4793 1650 4829 carne
1669 4777 1731 4846 ejas
1749 4777 1821 4849 Eph.
1840 4782 1864 4846 5,

173 4868 233 4938 jam
260 4865 412 4922 exhibitum
438 4864 467 4919 in
489 4864 523 4921 N.
546 4865 578 4919 T.
599 4865 663 4922 Act.
685 4870 730 4934 11,
756 4883 780 4920 r.
800 4869 839 4921 26.
873 4863 955 4920 Unde
974 4881 1007 4920 ex
1034 4885 1059 4920 6.
1080 4871 1122 4923 36.
1143 4866 1207 4936 jem
1232 4881 1298 4920 cero
1324 4865 1378 4918 iiio
1405 4871 1525 4918 notares
1548 4864 1732 4929 conformitas
1756 4866 1865 4919 demam

177 4952 287 5008 Th0ma
305 4951 446 5023 Aquinate
472 4956 501 5005 et
521 4949 633 5005 Ruardo
652 4951 782 5022 Tappero
800 4950 958 5023 subjungit,
978 4951 1007 5003 in
1034 4953 1124 5026 coepit
1144 4953 1174 5006 in
1192 4953 1229 5006 N.
1251 4952 1283 5008 Τ.
1297 4959 1448 5022 postquam
1467 4949 1574 5003 seilicet
1587 4947 1683 5021 Λόγος
1705 4967 1818 5006 carnem
1839 4959 1866 5005 et

176 5038 236 5092 solo
257 5040 293 5094 N.
314 5040 345 5092 T.
373 5036 579 5091 matrimonium
603 5044 816 5108 repraesentare
836 5037 1006 5107 conjunctio·
1033 5039 1196 5109 sanquinem
1216 5039 1354 5091 aenimate.
1381 5039 1461 5106 Erpo
1479 5036 1640 5105 conjnpiam
1659 5038 1689 5090 in
1712 5037 1744 5091 V.
1761 5038 1791 5090 T.
1809 5055 1865 5093 666

176 5144 237 5179 666
259 5125 364 5180 Christi
391 5132 417 5177 et
443 5123 585 5180 ecclesiae.
619 5122 654 5177 ld
681 5140 745 5178 vero
764 5114 913 5196 negamus,
941 5125 1007 5196 quia
1032 5125 1122 5196 pomis
1131 5123 1350 5194 conjunctionem
1362 5123 1442 5176 iliam
1454 5124 1605 5193 denotare;
1619 5122 1785 5194 respondeo:
1800 5141 1864 5180 con-

176 5211 294 5282 mystica
312 5210 362 5266 illa
378 5206 544 5282 significatio
569 5224 631 5262 cum
653 5209 742 5279 prima
757 5208 880 5284 conjugii
899 5209 1006 5265 institu-
1029 5211 1201 5283 junctionem
1231 5209 1333 5265 Christi
1362 5215 1390 5264 et
1423 5207 1556 5264 ecclesiae
1584 5215 1712 5280 respectu
1739 5211 1864 5267 cantatis

178 5298 252 5353 tione
271 5295 381 5352 initium
408 5294 504 5351 sortita
521 5302 563 5349 est
591 5309 624 5349 ac
649 5294 787 5366 dependet
808 5299 842 5351 ab
863 5297 926 5368 ipsa
944 5314 1006 5352 con·
1033 5297 1183 5370 spiritualis
1210 5294 1365 5368 designavit
1388 5302 1420 5351 61
1442 5302 1627 5366 praesentem,
1653 5303 1781 5368 respectu
1799 5314 1863 5353 con·

173 5383 247 5456 jugii
265 5382 367 5452 forma,
392 5380 577 5437 indissolubili
600 5380 706 5437 scilicet
729 5382 811 5437 maris
836 5390 864 5439 et
887 5382 1007 5442 feminae
1032 5384 1179 5441 formitatis
1203 5383 1232 5438 in
1257 5388 1358 5437 natura
1382 5387 1413 5439 ut
1437 5382 1576 5453 futuram,
1608 5382 1682 5454 6661
1706 5382 1808 5438 sufficit
1826 5383 1862 5438 ad

176 5466 376 5540 conjunctione,
404 5484 475 5541 quae
500 5484 563 5522 cnm
591 5468 619 5522 in
647 5467 777 5540 conjugio
806 5470 888 5524 etiam
912 5470 945 5526 V.
971 5469 1005 5528 T.
1032 5470 1106 5545 signi
1125 5471 1265 5525 rationem.
1302 5468 1432 5540 Denique
1455 5470 1478 5523 si
1503 5469 1547 5524 661
1565 5467 1681 5524 66661666
1699 5469 1860 5524 concedere-

174 5562 298 5628 tesnpore
315 5553 444 5611 habuerit
460 5552 567 5626 locum,
591 5552 794 5627 6116666166
816 5555 935 5628 mystica
956 5556 1006 5615 illa
1032 5575 1107 5625 mus,
1135 5555 1296 5628 conjuginm
1319 5554 1349 5610 in
1372 5553 1408 5613 N.
1426 5553 1536 5610 demum
1559 5553 1592 5610 T.
1610 5552 1683 5611 hanc
1701 5554 1861 5611 6616166666
