4020 6022
207 211 265 268 ¹94
786 197 908 256 Locus
926 196 1129 255 uouemus
1149 196 1318 263 QUINTUS

203 363 234 410 ut
252 355 384 418 sommas,
403 367 541 422 amanen
560 351 644 405 liceat
664 354 773 405 ducere
805 352 925 415 Quidam
944 370 1040 410 naem-
1066 354 1266 422 apparentium
1307 352 1475 422 (parentum)
1522 341 1724 404 mammona*
1745 354 1905 419 auesptum

203 456 266 496 eam
278 455 335 510 per
352 454 383 494 se
400 439 493 508 patrib
510 452 624 490 acorem
643 442 671 490 et
687 454 789 492 nurum
807 439 863 504 ilii
882 457 996 495 acorem
1015 448 1041 495 et
1067 438 1195 495 labeant.
1222 436 1368 509 Conjunge
1386 435 1500 491 ilitio.
1523 439 1579 492 tet.
1599 434 1629 493 ff.
1643 435 1678 489 de
1696 433 1772 489 verb.
1789 434 1905 506 obligat

200 526 362 596 priripnom
375 524 477 578 'uaeris
499 539 532 576 aa
558 523 618 575 alio
636 524 740 577 marito
758 525 848 588 filiam
873 527 1041 596 intelligunt,
1067 523 1113 580 Sic
1130 531 1210 595 pater
1221 530 1249 579 et
1266 523 1340 579 filius
1352 541 1386 579 ex
1399 521 1493 592 priore
1508 520 1639 592 conjugio
1657 526 1775 592 possunt
1788 525 1904 574 mamam

204 614 257 666 sed
270 614 348 681 qaod
359 614 400 664 aa
417 610 613 663 lanccausam
626 607 720 661 aerius
734 614 908 679 astracani
920 630 1041 676 ararem,
1067 617 1095 664 et
1113 610 1200 664 filiam
1220 610 1330 664 ducere.
1368 608 1433 662 Duo
1451 608 1551 663 fratres
1573 613 1690 679 possunt
1707 607 1812 661 ducere
1831 605 1902 660 duas

205 715 256 752 nec
269 698 376 767 proavi
391 695 458 749 ausi
473 711 570 764 paese,
595 696 668 748 duas
685 711 753 765 erpo
770 697 815 749 vel
827 698 929 766 plures
945 714 1041 752 norem
1067 711 1181 763 sorores,
1198 696 1243 749 vel
1261 695 1333 750 alter
1350 701 1473 764 matrem,
1493 695 1565 749 alter
1584 693 1669 749 filiam
1689 693 1792 749 ducere
1802 698 1903 763 potest

205 802 255 838 cas
272 787 374 838 ducere
392 799 447 835 non
463 781 568 848 poterit
586 788 636 833 etc.
672 782 732 835 Sed
745 783 810 835 etsi
821 784 923 851 plen-es
939 801 1041 838 arares
1066 781 1157 836 Mater
1183 781 1275 835 uxoris
1307 797 1370 835 cum
1396 786 1476 850 patre
1502 779 1595 833 mariti
1620 783 1713 849 potest
1739 778 1903 833 contrahere

90 888 134 930 xv.
147 878 287 941 rupuar
306 870 441 935 lalrmrit,
462 867 571 920 nullam
589 883 687 919 aarum
707 869 809 921 ducere
821 887 945 938 possam.
981 870 1040 923 Ita·
1067 873 1118 922 etc.
1147 866 1227 920 addit
1250 872 1344 920 tantm
1369 865 1542 919 Modestinus
1568 865 1742 927 utilissimam
1767 865 1902 936 regulam,

205 971 259 1024 gas
282 972 378 1009 somus
404 953 599 1021 appellatione
623 969 680 1005 aon
704 960 813 1006 tantam
839 956 938 1008 uaeris
963 971 1041 1008 meae
1067 967 1140 1022 quae
1159 951 1188 1005 in
1208 950 1313 1007 talibus
1330 950 1574 1022 conjunctionibus
1593 950 1776 1020 observanda,
1795 951 1812 1003 l.
1832 966 1902 1005 sem·

205 1049 302 1109 mater,
319 1041 372 1092 sed
388 1046 414 1092 et
432 1041 498 1092 aeia
516 1046 543 1091 et
556 1038 677 1108 proavia
695 1037 874 1107 intellipitur,
891 1041 1042 1094 utnullam
1067 1053 1125 1106 per.
1145 1041 1187 1093 42.
1215 1036 1244 1092 ff.
1263 1037 1299 1091 de
1322 1037 1367 1091 rit.
1386 1043 1481 1105 nupt:
1511 1035 1627 1107 Semper
1651 1036 1683 1089 in
1702 1037 1905 1104 conjunctioni·

205 1143 302 1180 earam
320 1127 422 1178 ducere
442 1124 562 1192 possim.
603 1124 702 1177 Num
721 1141 831 1192 quoque
850 1125 1040 1196 appellatione
1067 1122 1117 1175 lus
1136 1140 1192 1177 non
1211 1118 1302 1177 solum
1314 1122 1385 1192 quia
1398 1122 1491 1190 liceat,
1508 1122 1562 1174 sed
1578 1121 1662 1174 ctiam
1673 1123 1744 1189 quid
1760 1122 1905 1175 maestam

204 1229 261 1265 non
278 1218 386 1264 tantum
399 1211 460 1277 filii
476 1227 562 1276 naor,
588 1211 640 1262 aad
657 1216 683 1262 el
706 1211 816 1278 nepotis
836 1218 863 1264 st
875 1212 1042 1282 pronepotis
1066 1208 1117 1290 sit,
1148 1209 1365 1278 respiciendum.
1411 1206 1649 1272 Fundamentum,
1682 1212 1797 1278 propter
1831 1206 1905 1272 quod

204 1296 376 1360 continetur,
404 1295 470 1349 lieet
499 1294 615 1364 andam
641 1295 693 1348 lias
718 1312 861 1364 pronatus
885 1296 1039 1365 appellant.
1066 1276 1136 1348 tiles
1153 1294 1267 1363 nuptiae
1283 1299 1349 1347 sunt
1366 1293 1469 1359 licitae,
1489 1292 1616 1348 consistit
1633 1292 1778 1346 inusitata
1795 1291 1905 1364 regula,

204 1382 343 1455 Priripna
371 1397 479 1450 proque
509 1398 565 1434 non
590 1381 681 1434 solum
707 1398 742 1434 ea
769 1382 841 1434 mibi
864 1382 1041 1451 intelligitur,
1066 1376 1140 1449 quod
1159 1386 1268 1433 tantum
1286 1380 1358 1434 inter
1373 1379 1504 1433 maritum
1522 1377 1656 1433 etuxoris
1673 1378 1905 1449 consanguineos,

205 1483 277 1536 qaae
301 1467 400 1519 armis
425 1482 502 1520 meas
519 1466 583 1530 filia
608 1474 663 1530 est,
692 1468 745 1519 ssd
771 1474 797 1520 et
822 1469 913 1538 neptis
931 1476 958 1520 et
971 1485 1040 1536 pro-
1066 1482 1099 1520 ac
1129 1465 1251 1520 vicissim
1277 1465 1350 1520 inter
1375 1481 1488 1520 uxorem
1515 1469 1543 1518 et
1561 1464 1653 1519 manti
1674 1464 1905 1534 consanguineos,

204 1552 305 1622 neptis,
324 1559 354 1605 at
372 1552 483 1605 nullam
495 1568 592 1605 caram
604 1553 706 1606 ducere
722 1553 839 1624 possim.
870 1552 1040 1623 Papinianus
1066 1567 1120 1606 non
1139 1558 1232 1606 autem
1253 1551 1324 1606 inter
1346 1557 1479 1623 cognatos
1496 1549 1589 1604 mariti
1615 1556 1644 1605 et
1660 1556 1798 1621 cognatos
1812 1549 1906 1604 uxoris

204 1637 223 1691 l.
254 1635 382 1692 Uxorem.
411 1643 451 1692 16.
480 1636 556 1693 eod:
599 1637 716 1692 Umorem
746 1641 890 1707 quondam
913 1639 1041 1708 priaipni
1067 1638 1104 1691 sit
1121 1636 1244 1691 affinitas
1263 1637 1469 1692 matrimonium
1495 1636 1664 1707 impediens,
1691 1634 1773 1705 cujus
1790 1636 1906 1707 regulae

205 1723 343 1791 conjunpi
359 1723 539 1776 matrimonio
556 1722 652 1777 sitrici
667 1741 723 1778 non
742 1733 857 1793 oportet,
875 1741 925 1779 nec
936 1727 967 1778 in
981 1744 1038 1779 ma
1068 1737 1103 1777 ea
1121 1723 1192 1777 ratio
1210 1738 1229 1777 a
1242 1723 1314 1791 juris
1339 1721 1430 1777 civilis
1451 1721 1649 1793 interpretibus
1669 1721 1802 1788 traditur,
1830 1720 1905 1791 quod

205 1810 368 1863 trimenium
387 1810 532 1863 cmoeairs
555 1826 703 1863 noceream
722 1811 800 1878 cisa,
822 1811 873 1880 qui
887 1810 1040 1878 prioipnas
1066 1807 1140 1863 solus
1166 1808 1281 1862 maritus
1305 1809 1341 1862 ad
1362 1814 1542 1880 cognatorum
1561 1807 1654 1862 uxoris
1670 1806 1759 1874 fines,
1778 1821 1812 1860 ac
1831 1804 1905 1860 simi·

205 1896 323 1948 maritus
351 1897 417 1960 fuit.
466 1894 639 1950 Modestinus
667 1895 684 1951 1.
712 1895 774 1951 Non
800 1896 892 1952 facile.
918 1902 942 1953 4.
967 1892 995 1969 ξ.
1015 1903 1039 1953 4.
1065 1894 1129 1949 liter
1154 1911 1221 1949 uxor
1245 1893 1282 1948 ad
1305 1893 1374 1949 fines
1403 1900 1584 1965 cognatorum
1603 1892 1695 1946 mariti
1715 1892 1904 1947 accmsionem

206 1980 318 2035 nomina
338 1979 465 2034 affinium
483 1987 622 2047 recenset,
647 1982 722 2052 quod
740 1983 796 2037 sint
819 2000 909 2047 socer,
934 1999 1040 2051 socrus,
1064 1979 1176 2048 iecerit,
1198 1996 1255 2035 uon
1274 1986 1366 2035 autem
1386 1979 1498 2050 cognati
1517 1978 1610 2032 mariti
1634 1982 1662 2034 et
1679 1977 1791 2048 cognati
1811 1977 1904 2031 uxoris
1917 1985 2001 2028 ruta

205 2081 298 2134 ponar,
319 2083 414 2134 narra,
434 2081 563 2134 naraon,
581 2066 706 2135 citriam,
720 2068 879 2138 prinipnas,
895 2069 1040 2138 privigna,
1066 2067 1231 2132 intersere,
1258 2066 1332 2139 qnod
1360 2066 1504 2121 declarant
1520 2062 1700 2119 similitudine
1719 2078 1763 2127 ea,
1790 2077 1824 2116 ex
1849 2077 1905 2132 qus

206 2157 237 2207 et
252 2151 331 2206 addit
349 2148 377 2222 ἓ.
396 2157 426 2206 l:
446 2152 509 2205 Hos
528 2151 623 2221 daque
642 2152 716 2206 inter
732 2170 776 2221 se,
794 2156 871 2223 qsmd
887 2155 1041 2218 affinitatis
1067 2151 1213 2208 affinitatis
1231 2169 1332 2207 nomen
1349 2158 1392 2207 est
1410 2152 1537 2223 petitum.
1569 2150 1640 2222 Agri
1658 2147 1781 2204 confines
1800 2164 1856 2202 non
1876 2148 1905 2202 in
1981 2194 1987 2216 ,2

207 2254 294 2291 causa
309 2245 458 2309 parentum
478 2237 682 2306 liberorumque
700 2238 762 2292 loco
779 2240 924 2301 labentur,
946 2241 1042 2293 matri-
1067 2237 1197 2293 omnibus
1215 2239 1350 2309 partibus,
1370 2237 1419 2293 ssd
1437 2242 1546 2292 tautum
1564 2236 1593 2289 in
1611 2233 1714 2288 finibus
1732 2239 1761 2288 et
1781 2233 1811 2287 in
1828 2241 1905 2288 certo

205 2324 301 2377 monio
322 2324 453 2392 capulari
467 2324 552 2387 nefas
572 2331 618 2378 est
670 2327 675 2337 ‘
1068 2324 1148 2393 qussi
1167 2324 1287 2394 quodam
1305 2329 1408 2394 puncto
1422 2338 1451 2378 se
1469 2327 1566 2376 mutuo
1583 2321 1743 2391 attinguntJ
1763 2318 1804 2373 sic
1824 2318 1906 2373 meri-

171 2430 182 2442 ·
243 2413 302 2464 tlt.
342 2413 366 2462 2.
402 2407 447 2462 De
486 2408 563 2461 linea
603 2409 773 2464 collaterali.
818 2410 1040 2480 Valentinianus,
1069 2413 1114 2463 tus
1133 2415 1161 2465 et
1179 2410 1273 2465 uxoris
1290 2408 1499 2480 consanguinei,
1518 2423 1573 2462 non
1591 2411 1685 2462 autem
1703 2405 1905 2477 consanguinei

169 2484 181 2556 ,”
208 2493 382 2548 'lheodosius
403 2500 432 2548 et
451 2494 590 2548 Arcadius
616 2493 634 2546 l.
654 2493 770 2551 Fratris.
788 2503 812 2552 6.
839 2496 869 2552 (l.
890 2497 926 2552 de
944 2497 1040 2552 ineest
1067 2494 1158 2549 meriti
1176 2501 1205 2549 et
1230 2495 1430 2567 consanguinei
1452 2495 1544 2549 uxoris
1570 2492 1708 2547 affinitate
1728 2507 1790 2547 sese
1809 2500 1905 2546 munta

207 2585 237 2636 et
252 2579 343 2635 inutil
363 2582 456 2650 nupt:
476 2581 591 2634 Fratris
602 2596 717 2634 arerem
735 2582 859 2635 dacmdi
875 2584 919 2636 oel
932 2585 1041 2638 &saba
1067 2580 1241 2652 contingunt.
1301 2582 1349 2634 Ec
1390 2580 1541 2649 seripturis
1581 2577 1683 2650 (inquit
1727 2577 1905 2633 Cbemnicius

206 2667 352 2719 sororibus
365 2666 832 2734 conjunpmdipeniluslicsntiam
843 2668 1040 2739 submovemus,
1066 2684 1093 2737 p.
1109 2669 1179 2733 666.)
1202 2667 1320 2736 planior
1346 2673 1373 2719 sl
1396 2666 1500 2718 esrlior
1522 2672 1616 2734 potest
1635 2664 1704 2716 dari
1722 2664 1814 2731 ratio,
1838 2664 1908 2731 quta

204 2767 255 2805 nse
279 2752 417 2805 dissoluto
444 2768 607 2821 quecunque
629 2754 714 2806 modo
738 2753 878 2822 camapio.
920 2755 1039 2811 Anasta·
1065 2752 1175 2806 scilicet
1193 2753 1312 2806 maritus
1330 2758 1356 2806 el
1373 2767 1446 2805 creor
1458 2752 1533 2820 fiunt
1544 2750 1618 2805 inter
1635 2767 1665 2803 se
1676 2767 1735 2803 una
1753 2767 1831 2815 earo,
1849 2766 1907 2802 non

205 2837 262 2892 sius
285 2837 303 2892 l.
327 2835 363 2891 ab
391 2835 510 2891 incestis.
541 2842 565 2893 9.
593 2837 653 2892 eod.
685 2837 759 2892 inter
783 2838 904 2905 incestas
925 2843 1039 2911 nuptias
1065 2845 1158 2893 autem
1176 2841 1321 2908 amicaque
1340 2837 1459 2906 cognati

204 2921 304 2987 refert,
338 2923 361 2975 si
387 2921 450 2992 quis
472 2938 547 2991 eam,
577 2937 650 2991 gisae
682 2939 745 2976 cum
773 2925 869 2990 fratre
896 2929 1040 2996 quondam

204 3009 330 3078 nuptiali
340 3009 409 3078 jure
428 3009 616 3074 latitaverat,
634 3011 737 3063 ducem
755 3011 828 3064 uelit
866 3012 910 3066 De
925 3012 1039 3086 reliquis

177 3128 179 3132 ι
205 3094 340 3166 gradibus
370 3094 491 3150 traditur
518 3094 588 3151 haec
618 3095 717 3166 regula
747 3097 882 3168 aequitati
919 3100 1040 3154 naturali
1316 3111 1540 3174 §Romo
1579 3110 1650 3172 111,

201 3186 405 3249 consentanea,
427 3188 459 3233 nt
485 3181 515 3233 in
536 3181 610 3248 pari
632 3183 809 3248 eopaationis
834 3190 860 3237 et
885 3184 1040 3250 affinitatis

205 3267 512 3336 pradaparidsmpae
530 3266 739 3334 jusstatuatar,
758 3269 837 3339 quasi
857 3286 1038 3342 quasperso·
1066 3264 1904 3334 DEPROHIBITIONIBUSGRADUUM

205 3368 259 3407 uae
277 3352 305 3405 in
324 3351 417 3406 verbis
437 3351 509 3421 legis
527 3350 644 3406 omissae
661 3352 725 3422 sint,
744 3369 793 3409 eae
811 3355 882 3426 legis
902 3357 1039 3412 sententia
1220 3370 1275 3436 ΙΝ
1302 3369 1431 3437 JURE
1462 3366 1747 3436 ΟΑΝΟΝῙΟΟ

206 3437 291 3492 tacite
309 3436 506 3506 comprehendi
532 3436 739 3507 intelligantur,
767 3438 785 3492 1.
811 3446 835 3495 3.
860 3446 889 3495 et
913 3449 937 3497 4.
956 3442 985 3499 ff.
1004 3444 1040 3499 de

207 3523 271 3596 lege
288 3523 425 3594 Pompeja
452 3524 487 3578 de
510 3522 674 3592 parricidiis.
709 3523 764 3580 Per
783 3524 948 3582 affinitatem
966 3529 1040 3584 enim
1101 3540 1160 3593 334
1195 3537 1222 3590 A
1249 3535 1482 3606 prohibitionibus
1512 3536 1687 3608 graduum'
1673 3553 1704 3591 m
1721 3538 1793 3606 jure
1824 3537 1992 3599 civilitas

205 3608 369 3664 concilietur
387 3609 467 3679 quasi
484 3608 621 3679 quaedem
639 3609 778 3680 cognatio,
797 3617 830 3665 ut
850 3628 905 3684 quo
923 3614 1040 3686 quisque
1065 3620 1211 3676 ransitum
1231 3621 1349 3676 facimus
1367 3622 1403 3677 ad
1421 3621 1621 3721 prohibitiones
1639 3623 1808 3694 paduam
1795 3642 1825 3677 sn
1833 3603 2010 3743 jureii&
1965 3603 2010 3640 ¹⁰⁸

93 3742 98 3749 .
205 3694 379 3767 cognationis
396 3693 507 3749 nomine
530 3693 567 3749 ab
587 3711 643 3750 uno
660 3697 812 3768 conjugum
831 3714 896 3753 vere
917 3701 1040 3771 appella·
1065 3707 1210 3763 canonico.
1257 3708 1298 3764 Ut
1321 3707 1395 3762 enim
1421 3707 1451 3762 in
1475 3707 1551 3776 aliis,
1583 3709 1625 3763 lta
1655 3724 1767 3780 quoque
1793 3709 1822 3762 in
1850 3708 1962 3765 haam

205 3789 264 3850 tur,
282 3782 379 3837 codem
397 3781 434 3835 ab
451 3781 540 3837 altero
558 3781 678 3853 conjuge
697 3782 847 3855 improprie
863 3792 992 3853 vocetur,
1016 3788 1036 3844 l.
1066 3792 1203 3864 paduam
1215 3792 1401 3864 prohibitione
1416 3792 1562 3892 pontifices
1574 3794 1693 3850 Romani
1705 3794 1903 3866 imperatorum

205 3868 272 3939 qnia
290 3867 422 3938 parentis
445 3873 485 3924 16.
510 3866 540 3925 ff
578 3867 675 3924 Soluto
691 3869 876 3930 matrimonio.
901 3869 928 3947 ξ.
950 3873 1039 3930 sidui-
1065 3879 1238 3949 majestatem
1256 3879 1398 3948 aemulari,
1417 3879 1540 3951 quinimo
1558 3867 1672 3936 eandem
1691 3880 1745 3935 sibi
1764 3880 1904 3951 subjicere

204 3955 277 4009 tatis
297 3953 388 4008 Instit.
409 3952 444 4007 de
462 3958 540 4023 nupt.
561 3971 594 4009 en
613 3969 668 4025 quo
687 3957 829 4027 provenit,
852 3967 883 4012 nt
906 3961 1040 4027 affinium
1064 3965 1225 4036 voluerunt,
1247 3984 1302 4038 quo
1320 3983 1458 4031 successu,
1477 3969 1594 4036 apparet
1611 3983 1645 4021 ex
1662 3966 1756 4022 verbis
1776 3966 1904 4023 Danielis

205 4055 293 4107 aeque
308 4046 589 4105 acoaaaloramuna
604 4043 933 4109 dornasetfamiliassse
942 4047 1038 4100 adea-
1064 4050 1210 4106 Venatorii
1232 4052 1424 4122 jurisconsulti
1448 4050 1628 4106 Pontificii
1620 4069 1649 4106 m
1687 4052 1797 4123 anslysi
1830 4054 1903 4124 Jnrls

204 4133 260 4190 tra,
276 4140 310 4179 ac
325 4123 450 4194 proinde,
468 4125 543 4194 quod
561 4125 628 4179 inl.
651 4135 675 4183 6.
694 4127 712 4183 l.
731 4129 838 4199 penult.
855 4129 918 4185 etl.
938 4132 1038 4188 ulto.
1065 4137 1192 4192 canonici
1210 4138 1272 4192 libr.
1295 4146 1320 4197 4.
1343 4138 1386 4193 tit
1409 4143 1450 4194 14.
1474 4155 1501 4208 p.
1523 4142 1585 4192 741:
1618 4138 1770 4193 Gloriatur
1792 4139 1904 4209 (inquit)

205 4210 241 4267 da
257 4210 353 4266 incest.
372 4214 452 4281 nupt.
472 4209 508 4264 de
525 4210 620 4267 fratris
639 4211 763 4268 defuncti
781 4232 866 4271 uxore
883 4192 1039 4317 sororisque
1065 4225 1230 4295 Aleaander
1247 4222 1311 4278 11.
1303 4240 1375 4279 mc.
1396 4224 1440 4278 ad.
1461 4223 1556 4278 sedem
1573 4222 1753 4293 apostolicam
1773 4229 1816 4279 36.
1831 4241 1859 4296 q.
1879 4232 1902 4280 6.

206 4297 355 4353 deiunctae
373 4296 473 4351 manto
492 4298 632 4364 statuitur,
652 4298 751 4354 idem
743 4316 773 4354 tn
791 4301 938 4374 reliquis,
931 4320 960 4357 m
978 4303 1038 4376 qui·
1064 4326 1095 4363 ss
1124 4311 1153 4363 in
1183 4313 1292 4379 synodo
1323 4310 1461 4364 labita'
1448 4328 1478 4363 sn
1508 4311 1696 4364 lateranensi
1734 4311 1901 4366 comietorio

206 4383 258 4439 bus
277 4384 375 4438 eadem
392 4382 464 4437 ratio
482 4382 573 4454 viget,
600 4390 733 4439 statutum
750 4384 936 4459 intelligatur,
959 4405 1039 4461 prae·
1065 4397 1222 4452 convocatis
1240 4398 1350 4451 aanor
1368 4396 1508 4467 episcopis
1526 4404 1551 4450 et
1569 4395 1682 4449 clericis
1702 4403 1785 4465 atqua
1792 4397 1903 4466 judiei-

204 4471 298 4526 sertim
317 4470 428 4526 cumin
454 4470 481 4525 d.
507 4468 525 4524 l.
551 4468 628 4524 finali
651 4471 836 4541 subjiciantur
855 4474 955 4530 verba:
981 4478 1038 4531 Aut
1066 4485 1115 4538 bras
1134 4483 1312 4538 diversarum
1320 4481 1536 4552 provinciarum
1549 4496 1680 4552 ¹errorem
1697 4480 1829 4550 amma,
1855 4483 1905 4552 qai

204 4565 236 4611 at
253 4559 316 4612 alia
334 4558 476 4627 ejusmodi
492 4557 730 4612 committerentur.
1064 4570 1154 4624 asculi
1172 4569 1294 4637 lapitas,
1314 4584 1385 4638 qaas
1407 4567 1587 4621 lastinianus
1610 4568 1766 4636 imperator
1789 4571 1825 4623 ds
1842 4587 1903 4622 sac·

240 4649 298 4702 629.
333 4645 420 4699 Extra
437 4643 488 4697 hos
505 4642 609 4714 gradm
626 4644 800 4716 cognationis
815 4645 958 4701 consututi
974 4649 1039 4718 jure
1065 4655 1236 4709 emtionibus
1262 4655 1531 4722 consanpaineorum
1551 4652 1759 4722 promalpam’t,
1784 4662 1902 4709 aeteram

204 4728 280 4784 ciali
316 4728 521 4785 matrimonium
559 4729 722 4785 contrahere
759 4747 815 4786 non
849 4731 1038 4803 prohibentur.
1065 4741 1200 4795 ecclaiae
1217 4739 1449 4810 computationem
1466 4742 1608 4808 praelatam
1632 4740 1792 4793 disturbare
1809 4741 1902 4794 nilum

206 4815 280 4869 Hinc
299 4817 449 4885 privignas
471 4817 572 4869 matris
595 4832 659 4871 cum
673 4818 809 4887 prsbipna
829 4819 923 4888 palm's
948 4826 1040 4891 potest
1066 4834 1126 4894 tar,
1151 4827 1298 4880 statuisses
1330 4833 1489 4896 satumque
1519 4825 1741 4879 dinumeratioai
1760 4828 1902 4895 precluum

205 4902 375 4959 contrahere.
405 4903 581 4958 lastinianus
601 4899 626 4976 ξ.
644 4903 746 4961 Mariti
764 4911 789 4962 9.
802 4905 873 4963 Inst.
894 4905 928 4962 de
945 4913 1038 4978 nupt:
1065 4912 1317 4982 consanguinitatis
1340 4915 1453 4967 modum
1471 4912 1599 4978 dedara,
1623 4928 1685 4965 arm
1713 4919 1805 4977 tamen
1831 4911 1902 4965 nihil

206 4989 315 5042 Mariti
326 4988 407 5057 filius
430 5006 463 5043 ea
484 4990 547 5044 alia
570 5007 656 5044 unare
676 4999 702 5044 et
719 4992 816 5046 aroris
840 4992 904 5056 aaa
929 5008 963 5047 aa
980 4992 1038 5046 alio
1065 5000 1156 5068 magis
1174 4998 1294 5066 aderit,
1312 4999 1354 5051 ita
1373 4999 1445 5053 enim
1465 5000 1582 5064 confuse
1601 5001 1636 5052 ds
1655 4999 1795 5066 gradibus
1815 5001 1901 5053 disse

205 5074 317 5141 marito,
338 5075 382 5128 rel
402 5083 514 5139 contra,
539 5077 748 5131 matrimonium
768 5085 844 5132 recte
861 5079 1039 5149 contrahunt,
1063 5084 1138 5137 ritar-
1150 5086 1180 5137 in
1190 5083 1256 5150 J’ure
1269 5085 1413 5151 amonica,
1429 5093 1460 5138 ut
1471 5084 1588 5152 tepentis
1601 5084 1712 5136 animus
1725 5086 1862 5140 samsima
1876 5091 1900 5137 et

203 5160 272 5214 licet
301 5161 422 5213 labeant
457 5162 580 5225 fratrem
609 5179 767 5218 erroremve
800 5179 832 5218 ea
860 5164 1038 5219 matrimonio
1066 5168 1235 5223 obscuritate
1264 5170 1401 5223 materiae
1427 5170 1555 5223 turbatus
1586 5185 1723 5238 nuspiam
1756 5170 1898 5238 quiescere

201 5253 304 5316 postea
321 5254 463 5300 ommacio
482 5256 572 5301 natos.
608 5244 781 5321 Papinianus
801 5249 820 5303 l.
840 5250 973 5320 generali.
995 5256 1037 5306 34.
1063 5254 1108 5307 uel
1133 5254 1304 5308 intellectam
1324 5256 1411 5325 ipsse
1433 5255 1533 5324 possit.
1580 5253 1635 5307 Gai
1657 5255 1823 5318 commoni
1846 5273 1900 5311 nan

203 5327 232 5404 fi.
258 5337 283 5388 2.
312 5332 341 5388 ff.
378 5333 412 5387 de
439 5332 484 5386 rit
510 5341 603 5404 nupt:
634 5332 715 5391 Ints'r
735 5334 884 5405 priuignos
907 5337 1039 5391 contrali
1060 5357 1163 5409 parum
1182 5341 1342 5407 adiumenti
1358 5349 1508 5410 praestare
1532 5341 1644 5394 aiddur
1662 5341 1760 5394 rarius
1777 5341 1902 5395 dimrme·

203 5419 320 5490 nuptiae
341 5427 473 5490 posssmt,
498 5419 552 5473 etsi
566 5422 688 5484 fratrem
714 5439 881 5486 commanem
901 5439 935 5474 ea
965 5440 1036 5478 naso
1062 5426 1218 5479 randorum
1246 5429 1387 5495 prastaam
1427 5426 1534 5480 medua
1591 5425 1655 5479 Alii
1683 5426 1756 5480 enim
1790 5433 1902 5498 patrem
