4020 6022
98 3266 144 3309 XV.
153 3264 200 3308 itu.

214 234 272 293 128
329 299 333 311 Ι
795 228 920 287 Locus
937 226 1142 289 trossulus
1161 230 1330 298 QUINTUS

314 384 372 439 ἀλλ’
395 390 434 447 εἰς
450 390 520 453 μίαν
537 388 685 453 βλέποντες
702 382 816 441 εὐναίαν
833 384 946 457 Κύπριν
1073 402 1106 441 ea
1132 387 1261 459 leguntur
1281 388 1332 444 usi.
1380 387 1489 442 Primus
1507 386 1555 457 qui
1575 404 1593 441 c
1608 388 1707 459 regula
1735 387 1847 443 divim
1866 386 1909 441 in·

314 476 487 547 eriprandus,
506 470 576 534 ιῖςτις
590 469 630 539 μὴ
643 473 732 533 κακοῖς
751 475 840 527 οίκεῖν
857 478 940 529 θέλει..
1072 472 1222 529 stitutionis
1242 474 1386 543 discessit,
1403 474 1457 527 fnit
1475 474 1644 543 Lenaeum,
1673 490 1706 529 ex
1724 473 1810 545 impia
1829 470 1910 527 Caini

213 555 247 611 Et
265 564 374 627 postea:
1058 560 1234 641 pposteritate
1251 561 1383 616 oriundus
1403 560 1504 615 Genea.
1527 567 1558 625 4,
1585 578 1611 616 v.
1633 566 1672 617 19.
1699 560 1734 615 de
1762 578 1820 631 quo
1836 564 1911 615 reete

317 642 456 700 Οὐδέποτε
473 645 579 719 δίδυμα
1058 644 1248 769 pusurpaveris
1265 648 1349 703 illud:
1371 650 1459 703 κακοῦ
1474 646 1591 717 κόρακος
1603 648 1689 702 κακὸν
1709 646 1773 701 οἷόν.
1807 646 1910 701 Cainus

313 730 398 808 λέκτρ’
419 732 557 786 λπαινέσω
574 736 690 807 βροτῶν,
1058 734 1146 793 ,enim
1164 734 1295 789 Lamecbi
1314 742 1412 790 surus
1429 752 1485 789 uon
1503 741 1648 790 contentus
1666 722 1760 789 'fratris
1773 734 1910 805 sanguiue

314 816 373 871 οὐδ’
389 818 586 892 ιἰμφιμιὶιορας
603 818 709 893 κόρους,
1058 797 1133 896 [sese
1150 822 1280 893 polluere,
1298 840 1316 873 e
1332 824 1411 887 sbrie
1430 824 1495 889 Dei,
1515 822 1566 876 boe
1585 830 1627 877 est
1645 840 1662 876 a
1679 838 1762 876 verae
1776 818 1910 875 ecclesiae

314 906 406 975 ἔριδας
424 909 509 959 οἴκων
1060 908 1220 971 iconsortio,
1242 916 1409 975 secesserat,
1442 928 1468 966 v.
1497 916 1536 964 lu.
1560 910 1619 979 ejus
1638 908 1762 979 vestigiis
1782 907 1909 962 insistens

314 992 460 1065 δυσμενεῖς
478 1011 506 1045 τε
525 992 623 1053 λύπας.
1059 966 1228 1049 ΙῙιυιιιεολιιιο
1260 1012 1314 1050 uon
1350 996 1439 1050 solum
1476 996 1535 1066 ipse
1564 1012 1674 1068 quoque
1709 1011 1809 1048 manus
1843 1010 1907 1047 suas

317 1076 373 1147 Tic
393 1083 463 1151 μίαν
478 1101 526 1149 μοι
548 1082 683 1148 στεργέτω
702 1074 784 1137 πόσις
802 1075 902 1149 γάμοις
1057 1080 1208 1151 taanguiue
1226 1082 1385 1143 surrrestavit,
1401 1082 1451 1137 sed
1468 1082 1551 1137 etiam
1569 1081 1645 1149 leges
1663 1080 1790 1152 conjugii
1809 1078 1908 1133 divini·

313 1164 500 1235 ἀκοινώνητον
516 1162 618 1235 ἀνδρὸς
636 1162 727 1219 εὐνάν.
1057 1174 1116 1246 ltus
1138 1167 1257 1223 sancitas
1283 1168 1408 1239 perrupit
1434 1173 1463 1224 et
1488 1168 1663 1239 polygamiae
1680 1166 1907 1221 consuetudinem

317 1252 390 1305 otei
408 1250 463 1323 γὰρ
484 1253 515 1305 έν
533 1251 630 1305 πόλεσι
1056 1253 1231 1327 tinuoduxit.
1282 1254 1469 1308 'l'ertullianus
1495 1253 1556 1307 libr.
1573 1254 1607 1307 de
1626 1253 1759 1307 exhortat
1789 1252 1908 1307 eastitat.

314 1340 443 1409 δίπτυχοι
461 1338 622 1411 τυραννίδες
1072 1358 1096 1393 c.
1117 1348 1142 1395 t.
1162 1340 1215 1394 sub
1233 1340 1294 1394 tu:
1319 1343 1460 1393 Numerus
1487 1340 1615 1409 coujugrii
1635 1358 1653 1393 a
1674 1340 1826 1393 ruelediele
1849 1340 1907 1393 uiro

313 1430 379 1501 μιᾶς
398 1428 541 1501 ἀμείνονες
558 1430 664 1497 φέρειν,
1056 1366 1183 1495 iiaeepit.
1227 1428 1342 1481 Primus
1361 1428 1478 1481 Lamech
1508 1428 1618 1480 (lacubus
1636 1428 1786 1479 alteritates
1805 1434 1861 1479 tres
1879 1427 1906 1477 ia

314 1512 403 1583 ι’ἱχθος
422 1514 440 1567 τ’
462 1512 502 1567 ἐπ’
516 1509 597 1584 ἄχθει
1056 1498 1157 1565 ianam
1174 1530 1286 1566 earnem
1302 1516 1400 1584 effecit.
1448 1512 1557 1584 Ecquid
1591 1530 1655 1567 vero
1683 1512 1747 1566 boni
1769 1512 1806 1567 ab
1825 1512 1907 1581 impia

313 1604 360 1654 καὶ
379 1598 473 1661 στάσις
490 1606 622 1659 πολίιαις.
1056 1577 1152 1663 iOaini
1176 1601 1338 1669 posteritate
1365 1609 1393 1655 et·
1420 1600 1560 1655 lamecho
1586 1600 1723 1653 homicida
1754 1598 1905 1669 exspectari

313 1688 454 1743 τεντόνοιν
474 1686 499 1741 θ’
518 1686 619 1760 ὕμνουν
634 1682 763 1757 έργτὶταιν
780 1682 862 1734 δυοῖν
1056 1668 1060 1739 Ι
1072 1686 1182 1755 potest?
1217 1686 1327 1755 Excipit
1347 1686 1470 1741 chiuus
1496 1693 1515 1742 l.
1545 1688 1574 1739 in
1589 1686 1729 1741 historicis
1753 1704 1809 1738 που
1824 1702 1906 1755 posse

313 1778 372 1847 ἔριν
384 1776 498 1829 Μοῦσαι
520 1776 632 1847 φιλοῦσι
646 1774 776 1842 κραίνειν,
1072 1790 1105 1823 τι·
1125 1772 1282 1843 scripturis
1301 1774 1457 1841 cepaticum
1475 1775 1542 1827 ‹iuci
1557 1782 1758 1841 erprsmeutum.
1805 1772 1905 1835 Quum·

318 1866 417 1917 lluorcl
434 1860 458 1913 δ’
481 1860 549 1915 ὅταν
569 1860 674 1933 φέρωσι
692 1859 837 1914 ναυτίλους
851 1854 915 1907 toul
1057 1854 1114 1911 iris
1145 1876 1212 1927 erqo
1245 1861 1279 1913 sle
1306 1860 1473 1929 polyspamiu
1503 1859 1736 1927 protritis-eborum
1764 1859 1795 1911 iu
1829 1858 1910 1912 διέλοι·

316 1946 384 2001 κατὰ
402 1948 547 2013 πηδαλίων·
1057 1899 1233 2023 ipiustmttete
1266 1964 1283 1999 a
1316 1945 1426 2015 Spiritu
1456 1954 1552 1999 νσιισίυ
1577 1947 1647 1999 nibil
1672 1947 1906 2011 utitatissimum,

315 2032 418 2109 ιλιδὺμα
435 2032 586 2103 πραπίδων
606 2030 704 2101 γνώμα
724 2029 845 2099 (icitur
861 2024 976 2097 “emitti
1074 2048 1106 2084 ce
1134 2050 1165 2086 eo
1191 2041 1283 2085 tomen
1310 2034 1409 2102 eolliqi
1435 2052 1488 2085 που
1516 2052 1614 2101 prusae,
1649 2032 1814 2085 Immcelmm
1845 2032 1907 2099 eius

314 2124 413 2191 σοφῶν
432 2140 461 2175 τε
478 2121 584 2185 πλῆθος
604 2116 718 2191 ἀθρόον,
734 2116 932 2185 ἀσθενέστεροι·
1058 2160 1061 2192 3
1069 2120 1192 2187 pirineum
1210 2128 1353 2174 assutorem
1371 2120 1517 2173 exstitisse.
1546 2120 1769 2189 Respondemus:
1787 2116 1905 2187 Spiritus

313 2206 486 2279 φαυλοτέρας
505 2208 608 2277 ρρενὸς
625 2202 809 2274 αὐτοκριιτοῡς
1057 2198 1183 2259 1sanetus
1196 2224 1246 2275 per
1255 2206 1370 2276 Moysen
1382 2212 1441 2260 tum
1459 2212 1583 2260 sanctam
1604 2206 1690 2269 Sethi,
1710 2212 1769 2259 tutu
1789 2204 1901 2275 impiam

313 2293 383 2357 ἑνὸς,
402 2292 420 2347 ἁ
442 2291 557 2353 δύνασις
575 2290 628 2348 ἀντὶ
646 2310 674 2345 τε
692 2294 829 2361 μέλαθρα,
1074 2288 1153 2345 Caini
1180 2293 1369 2362 posteritatem
1397 2298 1522 2347 recenset
1548 2292 1576 2345 in
1599 2310 1622 2345 c.
1648 2299 1673 2348 4.
1698 2297 1726 2345 et
1745 2299 1768 2347 5.
1805 2292 1903 2347 Genea

313 2378 383 2433 κατά
401 2399 431 2434 τε
449 2378 556 2446 πόλιας,
1072 2378 1121 2432 sed
1138 2379 1209 2432 inter
1221 2378 1298 2434 Sethi
1317 2386 1442 2449 posteros
1462 2379 1567 2432 trullum
1579 2378 1702 2431 nourinat
1715 2379 1903 2449 polygamum,

312 2466 418 2520 ὁπόταν
432 2465 522 2539 εὑρεῖν·
540 2468 643 2518 θέλωσι
661 2461 767 2533 καιρόν.
1072 2464 1107 2518 de
1134 2464 1192 2518 solo
1212 2464 1351 2519 lamecho
1381 2470 1515 2535 tanquam
1541 2464 1681 2533 peculiare
1710 2472 1737 2519 et
1761 2465 1901 2535 proprium

212 2555 406 2623 Pvletssmiam
418 2570 560 2621 ustitiam
573 2551 707 2616 ῑᾶλῑέῑαῦθι
721 2549 787 2617 qm'u.
799 2562 848 2598 ⁷²0⁰
862 2547 919 2597 “¹⁴⁰
931 2538 1047 2609 litandi
1074 2550 1142 2603 illud
1164 2560 1367 2618 commemorat,
1386 2551 1460 2621 quod
1475 2550 1580 2620 primus
1593 2551 1662 2604 dirus
1676 2566 1775 2606 uxores
1789 2550 1902 2614 duxerit,

213 2646 242 2695 in
262 2642 342 2707 urbe,
366 2657 413 2693 Ιλθθ
436 2641 493 2693 (luo
518 2640 702 2707 qil-iidl'llss‘nit'd
726 2642 828 2687 iustum
855 2632 912 2683 dii'tl
932 2629 1100 2711 diminui
1121 2638 1143 2690 gi
1165 2638 1235 2691 inter
1254 2638 1428 2708 patriarchas
1446 2636 1544 2691 fuisset
1563 2638 1663 2708 aliquis
1682 2638 1826 2709 digamus,
1857 2654 1903 2692 cm·

212 2728 447 2793 iterumiterum
469 2728 526 2779 ιλιιυ
544 2726 743 2792 ΙιςιιΙιςτυιαίοτςο
762 2721 791 2773 ia
809 2737 866 2772 tina
885 2717 964 2780 navi,
995 2732 1044 2767 ⁷100
1071 2726 1099 2777 in
1113 2724 1280 2795 gerrealogia
1291 2724 1414 2793 ipsorum
1423 2723 1543 2793 Spiritus
1554 2731 1665 2778 sanctus
1678 2725 1750 2779 illud
1764 2724 1903 2786 tacuisset,

208 2817 309 2887 plures
340 2817 371 2868 ia
399 2814 525 2867 comiliis
559 2822 584 2864 et
615 2812 696 2863 rebus
725 2807 857 2878 perendie
892 2805 1044 2858 directores
1071 2811 1099 2865 in
1118 2810 1258 2865 Lamacho
1276 2828 1339 2865 vem
1357 2812 1534 2865 annotasset?
1562 2812 1651 2882 Urget
1668 2812 1799 2879 octium,
1819 2815 1904 2866 πορν.

212 2904 366 2975 qas'dquam
388 2902 475 2955 laude
493 2900 609 2969 dr'pama
633 2903 795 2965 praetant,
827 2894 879 2947 sed
908 2890 995 2945 inibit
1019 2896 1044 2941 Εἰ
1071 2904 1182 2951 τεκνίιιν
1204 2898 1287 2950 taisi
1296 2906 1322 2951 et
1333 2906 1504 2967 posterorum
1520 2900 1580 2965 ejus
1592 2899 1691 2964 taceri,
1707 2914 1796 2968 usqam
1813 2907 1903 2953 tomes

213 2990 422 3057 confusionibus
444 2987 538 3041 omniu
564 2985 713 3039 iuoolvrmt.
760 2980 909 3035 Dursndus
934 2966 1132 3050 quidemleam
1147 2992 1299 3053 propterea
1319 2986 1421 3053 aspari
1434 3002 1528 3053 posse,
1547 2986 1622 3038 idem
1641 3002 1699 3038 csse
1717 2985 1903 3053 judiciumde

212 3086 241 3132 et
258 3076 380 3133 Ochinus
399 3072 535 3144 ejusmodi
553 3044 1059 3141 rixusperatdtlssuioririsseribllssi,i
1069 3072 1234 3141 polppemiu
1271 3070 1350 3125 iliius
1388 3072 1520 3141 ternpus-is
1551 3072 1792 3141 patriarcharum.
1851 3070 1904 3127 Sed

213 3180 246 3219 ΘΧ
268 3163 404 3233 pravitati!
426 3160 532 3215 Scilicet
561 3158 738 3226 feminarum,
772 3155 820 3209 sed
847 3153 896 3207 lii&
921 3152 1044 3221 pravlitiss
1071 3176 1213 3229 negamus,
1233 3176 1294 3213 esse
1313 3176 1407 3228 parem
1429 3158 1572 3227 utriusque
1593 3157 1736 3219 rationem,
1755 3175 1806 3211 nec
1818 3158 1904 3212 tacuit

213 3257 276 3320 post
289 3250 395 3321 lapsum
408 3246 639 3317 protoplastorum
658 3242 786 3298 muliebri
805 3240 882 3295 texui
899 3246 957 3294 iam
969 3246 1044 3293 uictu
1056 3302 1059 3313 ,
1072 3245 1191 3315 Spiritus
1211 3252 1323 3299 sanctus
1342 3245 1418 3298 illam
1436 3244 1582 3314 impiorum
1600 3247 1791 3308 πολυτεκνίαι,
1810 3244 1861 3299 sed
1872 3260 1902 3298 ex

212 3336 357 3399 adhaeret,
390 3344 421 3387 ut
451 3334 479 3386 in
509 3330 684 3402 paucissimis
710 3328 885 3384 emendetur.
917 3326 1044 3379 omuibus
1073 3337 1258 3401 consequente
1303 3330 1512 3401 intelligendum
1554 3330 1685 3402 relinquit
1727 3331 1902 3397 antecedens,

213 3422 286 3478 enim
304 3423 430 3475 innatum
447 3426 547 3479 manet,
577 3421 609 3469 ut
625 3416 709 3469 aliam
726 3415 755 3468 in
783 3432 875 3468 amore
903 3411 1043 3483 conjugali
1072 3417 1182 3488 qnando
1209 3418 1326 3472 Cainum
1365 3413 1521 3473 civitatem
1545 3417 1710 3471 exstruxisse
1740 3434 1859 3487 eamque
1887 3434 1903 3471 a

213 3508 267 3564 sibi
289 3506 421 3579 praeferri
445 3503 597 3574 aegerrime
622 3502 720 3555 ferant.
768 3502 810 3553 Ac
834 3500 856 3552 si
876 3516 928 3553 neo
948 3500 1045 3567 pietas,
1071 3504 1181 3557 nomine
1197 3502 1247 3557 lilii
1264 3505 1306 3557 sui
1324 3503 1498 3557 Hauoehiam
1516 3520 1629 3559 vocasse
1648 3503 1746 3558 asserit
1765 3520 1848 3557 versu
1865 3508 1902 3559 ll.

212 3613 264 3652 nec
290 3593 433 3664 insigniris
460 3590 665 3660 propinquitas,
699 3604 750 3641 neu
779 3586 870 3639 mariti
894 3584 1043 3639 auctoritas
1076 3598 1100 3647 2.
1120 3590 1315 3659 Polppcmc'em
1335 3593 1468 3644 Laureolus*
1480 3594 1542 3645 Deo
1562 3610 1616 3643 που
1636 3590 1826 3659 displicuisse,
1844 3608 1900 3643 eum

216 3683 277 3736 illas
291 3678 420 3735 Rachelis
439 3695 471 3730 ac
482 3676 557 3731 Leae
567 3674 765 3730 aemulationes
777 3672 905 3728 cohibere
923 3678 1044 3742 potuere,
1071 3677 1175 3730 liberos
1201 3694 1234 3730 er
1255 3696 1290 3731 ee
1307 3686 1387 3730 ιισίοι
1407 3677 1510 3731 artium
1522 3678 1836 3745 preestrmts'saimorum
1863 3677 1901 3729 iu·

213 3768 279 3839 quid
299 3768 333 3821 de
353 3764 415 3820 aliis
435 3762 595 3817 rrrulieribus
611 3777 662 3814 nec
682 3766 759 3813 tanta
774 3759 878 3829 pietate
895 3758 1043 3819 instructis,
1069 3764 1241 3817 scissionibus
1261 3764 1425 3817 nobilitas-it.
1461 3754 1611 3832 Jossptus‘
1619 3762 1715 3827 addit,
1737 3764 1899 3817 lamachum

212 3872 263 3909 nec
275 3860 352 3908 tanto
364 3848 582 3905 amorisrineulo
592 3847 747 3917 conjunctis
759 3846 927 3915 sperandum
940 3845 1043 3899 luerit?
1073 3870 1104 3903 αν,
1121 3853 1232 3904 duatus
1249 3852 1306 3903 ετιῐι
1325 3852 1456 3904 uxoribus
1473 3851 1653 3921 sepituupiata
1670 3857 1774 3918 septem
1798 3851 1902 3904 liberos

213 3940 268 3995 Sed
288 3940 361 3994 enirn
378 3956 429 4007 per
447 3935 576 3991 accidens
594 3933 656 3987 illas
682 3932 833 3987 discordias
858 3932 922 3985 oriri
947 3948 1042 3985 verum
1072 3940 1234 4007 suscepisse,
1247 3954 1280 3992 ex
1296 3936 1397 4007 quibus
1409 3944 1465 3991 tres
1480 3936 1604 4007 aMoyse
1617 3936 1794 3991 nominantur
1808 3938 1901 4001 chel,

212 4044 267 4081 non
297 4032 356 4088 est,
389 4023 455 4094 quia
485 4023 513 4075 iu
543 4019 617 4075 omni
648 4018 810 4089 polygamia
835 4018 937 4088 injuria
958 4018 1042 4087 priori
1070 4026 1159 4077 ,Ιιιίιοὶ
1186 4033 1211 4077 ct
1233 4024 1406 4076 'lhuduicum
1432 4023 1589 4093 pastoritia,
1623 4024 1728 4077 musica
1752 4030 1780 4078 et
1810 4022 1901 4078 fabrili

212 4112 290 4167 uxori
311 4106 592 4176 intestinumue
613 4104 761 4165 auferitur,
782 4103 1032 4174 quodjuremmri
1071 4120 1129 4165 arte
1150 4109 1264 4165 nobiles.
1301 4109 1523 4179 Respondemus:
1543 4110 1623 4163 Bona
1636 4117 1750 4163 externa
1763 4114 1793 4163 et
1806 4126 1899 4181 corpo

129 4193 132 4201 ’
212 4198 331 4253 moaiali
349 4196 430 4251 urtice
448 4195 520 4250 etin
541 4192 660 4269 solidum
679 4190 809 4253 debeturt
836 4206 887 4260 per
905 4207 935 4244 ΒΘ
958 4190 1043 4260 igitur
1069 4198 1151 4263 ralia,
1182 4197 1210 4249 in
1238 4195 1340 4267 quibus
1359 4194 1441 4249 etiam
1462 4202 1528 4249 sunt
1544 4199 1711 4250 πολυτεκνία
1732 4202 1761 4251 et
1779 4196 1901 4253 intentio

85 5076 104 5119 7.
120 5076 153 5117 Ex

85 5130 200 5221 diuitiis

86 5232 147 5281 uns.

211 4284 371 4357 polygamIa
401 4283 473 4337 rixas
502 4280 616 4345 excitat,
650 4294 702 4348 per
735 4278 863 4331 accidens
889 4284 982 4333 utitem
1009 4296 1043 4334 ex
1070 4284 1170 4339 artium
1190 4284 1226 4338 ad
1241 4282 1313 4337 hauc
1333 4284 1417 4336 vitum
1436 4284 1618 4352 spectantium
1637 4284 1690 4354 piis
1711 4288 1797 4355 atque
1812 4284 1900 4355 impiis

213 4371 377 4427 feminarum
398 4368 503 4423 scilicet
520 4365 713 4421 convenientia
736 4371 764 4419 et
781 4365 941 4431 tolerantia,
971 4383 1043 4438 quae
1071 4378 1135 4425 sunt
1153 4369 1323 4425 communia.
1352 4386 1441 4439 neque
1460 4375 1551 4439 potest
1570 4388 1602 4425 ex
1626 4370 1680 4424 illis
1708 4382 1900 4440 argumentum

212 4468 304 4515 umen
328 4456 483 4525 rarissima,
513 4453 667 4524 contingit,
700 4459 732 4506 ut
754 4452 816 4507 lites
844 4461 872 4507 et
896 4454 970 4508 rixae
988 4472 1043 4509 non
1068 4457 1171 4513 favoris
1189 4455 1274 4510 divini
1287 4455 1472 4509 indubitatum
1486 4458 1551 4526 peti.
1582 4456 1748 4526 Exemplum
1762 4458 1901 4529 Jephthae

212 4546 343 4599 orisntrn.
372 4542 412 4598 Ut
430 4550 522 4596 autern
540 4540 611 4594 inter
630 4556 727 4593 uxores
746 4538 854 4603 riuales,
874 4539 913 4595 ita
932 4558 1043 4612 quoque
1069 4563 1102 4600 ae
1131 4542 1283 4601 Salomonis
1316 4542 1409 4605 docet,
1442 4542 1534 4597 Deum
1567 4542 1734 4614 quandoque
1764 4542 1900 4615 corporali

213 4635 284 4688 inter
315 4629 417 4686 liberos
448 4645 480 4683 ex
511 4626 625 4682 dirersis
656 4625 789 4680 matribus
826 4626 899 4681 natis
928 4627 1043 4682 dissidia
1070 4630 1262 4685 benedictione
1289 4630 1429 4685 cumulare
1454 4630 1537 4683 etism
1554 4646 1615 4697 eos,
1637 4630 1684 4699 qui
1703 4646 1737 4683 ex
1756 4630 1900 4703 illegitimo

212 4720 294 4774 facile
316 4717 457 4783 oriuntur,
490 4714 564 4786 quod
579 4714 725 4767 liberorum
743 4712 842 4767 Jacobi
869 4715 1043 4784 patriarchae
1070 4717 1218 4773 concubitu
1236 4717 1302 4771 nati.
1338 4716 1421 4771 Adde
1439 4716 1512 4787 quod
1533 4722 1614 4779 artes,
1643 4733 1760 4787 quarum
1779 4718 1901 4775 inventio

214 4813 242 4861 et
261 4804 377 4859 Davidis
396 4802 470 4873 regis
489 4800 735 4871 exemplaabunde
753 4800 941 4871 comprobant
989 4802 1043 4867 uui
1069 4804 1133 4859 tiliis
1151 4802 1284 4857 Lamechi
1303 4802 1442 4867 tribuitur,
1459 4802 1551 4873 potius
1569 4802 1604 4857 sd
1625 4802 1728 4869 luxum,
1743 4804 1902 4877 voluptates

214 4893 294 4965 plura
315 4890 466 4959 desiderat,
500 4888 584 4943 adeat
600 4889 765 4943 Arnisaeum
791 4888 906 4959 dejure
925 4889 1042 4944 connub.
1071 4900 1099 4947 et
1116 4890 1315 4960 crudelitatem,
1335 4908 1419 4962 quam
1437 4891 1473 4945 ad
1492 4890 1662 4961 reipublicae
1682 4892 1859 4947 commodum
1876 4900 1904 4949 et

213 4996 235 5036 c.
256 4985 279 5033 t.
299 4984 365 5031 sect
384 4983 408 5031 l.
1071 4978 1155 5032 divini
1173 4978 1264 5032 cultus
1283 4978 1481 5033 incrementum
1494 4977 1666 5047 spectabant,
1686 4985 1903 5037 utrectemonet

248 5070 307 5121 218.
347 5068 367 5120 7.
396 5066 443 5117 Er
463 5054 645 5132 pohpamiee
670 5062 784 5128 eripias.
833 5060 862 5115 Si
882 5061 1045 5133 polygamiae
1071 5064 1210 5120 Gesnerus
1232 5066 1261 5119 in
1287 5070 1432 5121 comment.
1458 5062 1558 5119 Genea.
1584 5070 1608 5120 t.
1655 5066 1683 5119 3.
1703 5066 1825 5121 Factum
1853 5068 1905 5123 hoc

214 5158 287 5206 essct
317 5154 433 5204 naturae
463 5149 624 5211 conformis,
642 5147 719 5201 Deus
749 5147 945 5218 proculdubio
984 5166 1043 5203 eam
1069 5152 1204 5205 Lemeelu'
1221 5170 1240 5205 ο
1258 5154 1359 5219 Mopse
1379 5153 1525 5220 τοιουτοιί,
1544 5170 1598 5205 που
1620 5160 1714 5205 autem
1738 5154 1904 5225 vituperari.

215 5237 292 5291 initio
312 5234 482 5303 instituisset,
500 5252 562 5289 cum
581 5250 614 5289 eo
633 5240 757 5304 tempore
774 5233 913 5287 videretur
926 5234 1293 5309 maxime'Respondemus:
1319 5238 1450 5303 Quamvis
1475 5240 1604 5307 emilieite
1624 5246 1652 5295 et
1673 5240 1704 5293 ia
1721 5243 1817 5311 speeie
1835 5242 1904 5299 illud

214 5322 289 5376 utilis
306 5338 340 5376 ac
356 5338 445 5391 paene
464 5321 618 5375 necessaris
634 5320 671 5375 ad
688 5318 798 5389 generis
819 5318 932 5374 humani
944 5337 1043 5393 propa·
1070 5342 1086 5379 a
1105 5324 1209 5395 Spiritu
1226 5332 1321 5380 sancto
1333 5324 1437 5379 ibidem
1451 5343 1506 5379 nou
1517 5332 1635 5395 taxetur,
1656 5332 1749 5383 umen
1768 5330 1906 5400 implicite

214 5410 361 5483 gationem.
408 5407 472 5463 Jam
488 5424 552 5462 vero
570 5406 647 5463 Deus
667 5423 727 5461 eam
746 5405 822 5460 initio
842 5423 897 5459 nou
917 5406 1098 5479 instituitret
1120 5412 1150 5465 ia
1173 5428 1272 5479 passere
1299 5410 1523 5481 reprehenditur,
1553 5420 1611 5467 turn
1634 5416 1822 5485 praecedente
1842 5436 1906 5475 cou-

214 5514 265 5553 nee
282 5496 362 5567 primi
382 5504 409 5551 et
426 5493 608 5565 antiquissimi
628 5495 800 5564 patriarchae
820 5500 885 5547 ante
909 5474 1172 5571 diluvium¹jugatis
1205 5496 1384 5554 institutionis
1413 5497 1544 5553 divinitus
1575 5502 1699 5555 sancitae
1720 5504 1906 5574 „expositione
