4020 6022
246 320 307 381 268
825 319 947 380 moos
964 318 1168 378 Vlcmmus
1187 320 1358 389 QUINTUS

246 470 408 528 cedentibus
421 475 594 547 conjungunt
610 482 639 530 et
656 475 709 531 hoc
721 476 803 531 modo
819 482 969 547 exponunt,
986 483 1074 533 totum
1107 475 1239 545 paulatim
1259 476 1430 532 conformare
1446 476 1569 549 incipiat.
1604 477 1666 532 Hac
1683 478 1747 549 ipsa
1762 476 1943 532 similitudine

246 572 303 628 me,
330 574 386 613 non
413 559 556 616 dimidium
583 561 779 634 autaliquem
805 562 858 619 mei
878 568 1001 633 partem,
1029 562 1079 618 aad
1104 560 1141 614 de
1159 560 1239 616 laeda
1269 562 1388 634 coagulo
1413 562 1442 616 in
1468 560 1650 618 describenda
1677 562 1801 632 corporis
1829 562 1942 618 humani

245 650 487 717 quantusqusntus
500 664 570 711 sum,
582 648 761 721 undiquaque
772 665 817 705 me
824 649 957 720 formasti,
969 654 1001 703 ut
1010 647 1078 703 nihil
1105 646 1133 700 in
1153 653 1229 703 utero
1255 646 1418 703 formatione
1435 646 1522 703 utitur
1546 648 1710 703 Aristoteles
1728 646 1777 703 lib.
1796 654 1820 705 1.
1845 648 1881 705 ds
1897 666 1942 721 ge-

245 730 275 784 in
299 746 344 785 me
365 730 402 785 ait
426 736 484 787 tarn
510 733 655 805 exiguum,
685 734 793 790 etiamsi
817 752 926 805 ungues
949 734 1078 805 accipias,
1104 740 1191 789 neret
1210 734 1319 790 animal
1340 752 1363 789 c
1384 740 1433 791 20:
1459 728 1520 790 οἷον
1536 736 1566 791 ir
1593 736 1625 810 νῇ
1642 739 1693 790 τοῦ
1708 732 1849 806 γάλακτος
1865 733 1940 807 πήξει

247 815 320 887 quod
341 833 395 871 non
423 818 459 871 sit
485 834 588 891 magna
612 836 679 874 cura
704 827 733 876 et
759 820 876 876 artificio
899 820 1078 877 elaboratum.
1105 820 1137 875 τὸ
1153 822 1207 895 μὲν
1224 824 1306 890 σῶμα
1332 819 1364 874 τὸ
1384 819 1456 891 yrilc
1476 820 1563 884 ieris,
1589 821 1605 875 ὁ
1634 822 1665 877 δὲ
1686 818 1755 883 ὀπὸς
1772 820 1790 890 ἢ
1808 820 1894 877 νηπία
1911 822 1940 876 τὸ

246 901 342 957 Potest
369 902 438 958 iilud
459 906 535 956 ΝΟ
560 907 627 977 hlt'l't,
650 906 724 978 quod
762 905 866 977 Aquila
896 913 925 962 et
953 906 1078 961 Theodo·
1105 905 1155 972 τὴν
1178 904 1267 983 ἀρχὴν
1294 908 1360 978 ἔχον
1386 908 1438 976 τὴν
1463 909 1652 977 amissione,
1680 904 1798 963 οῧτωτὸ
1820 906 1942 963 ἀπὸτοῦ

245 987 304 1045 tion
336 988 517 1045 reddiderunt
545 989 604 1060 ἅμα
622 992 727 1061 κύκλῳ,
757 1010 790 1047 eo
807 991 918 1057 referri,
946 992 1020 1066 quod
1038 991 1079 1046 vis
1106 990 1222 1068 ἅῤῥενος
1235 992 1266 1049 is
1277 996 1316 1064 τῷ
1324 991 1406 1064 θήλει
1416 992 1608 1068 μεριζόμενον,
1617 994 1693 1049 velat
1706 997 1737 1049 in
1748 994 1837 1049 lactis
1845 1011 1941 1063 coapa-

246 1074 382 1145 πλαστινή
398 1075 566 1133 membranis
583 1077 675 1150 figora
686 1077 806 1135 rotunda
821 1077 945 1134 formatis
962 1078 1079 1149 primm
1105 1079 1210 1133 latione
1229 1097 1332 1150 carpas
1351 1080 1465 1150 quidem
1483 1081 1576 1151 ipsam
1595 1082 1641 1136 iac
1659 1088 1715 1147 est,
1733 1098 1835 1136 mecm
1852 1088 1941 1135 amas

247 1159 339 1232 γονήν,
359 1161 458 1219 deinde
476 1159 583 1238 κύημα,
603 1182 666 1221 mox
683 1164 806 1239 ἔμβρυον
824 1181 857 1220 ac
885 1165 999 1220 tandm
1019 1154 1149 1219 nor-'vel
1173 1166 1336 1236 scapulam,
1360 1168 1437 1235 qaod
1458 1166 1632 1237 principiam
1658 1168 1740 1221 laba
1762 1168 1942 1239 amputandi,

246 1350 280 1389 ex
308 1333 479 1406 Hippocrate
496 1336 593 1406 docet,
618 1336 747 1409 quodque
772 1342 803 1391 ut
829 1337 858 1391 in
877 1334 939 1390 libr.
959 1334 994 1391 de
1011 1333 1079 1389 locis
1106 1352 1199 1391 acmen
1218 1342 1260 1392 est
1285 1338 1372 1393 veluti
1402 1340 1446 1394 lac
1468 1340 1624 1412 quoddam,
1650 1356 1712 1393 curn
1739 1355 1795 1411 qno
1814 1340 1941 1395 convenit

246 1419 275 1473 in
291 1420 402 1475 bomine
426 1420 610 1492 Hippocratae
638 1423 748 1491 scribit,
774 1422 1007 1494 spermaticararn
1025 1438 1081 1473 ons-
1106 1423 1229 1501 materia,
1247 1423 1460 1491 conditionibus,
1480 1425 1664 1497 generationis
1678 1425 1804 1481 modoet
1815 1424 1940 1490 officinis,

247 1507 322 1559 niam
334 1509 463 1577 partiam
481 1510 643 1564 rudimenta
670 1517 696 1563 et
715 1510 813 1580 pri-ma
840 1510 964 1563 stamina
997 1506 1082 1560 simul
1106 1507 1134 1562 in
1153 1507 1254 1579 quibua
1271 1508 1350 1575 liunt,
1364 1517 1393 1565 et
1409 1529 1471 1567 usu.
1507 1512 1664 1583 Utrumqua
1687 1510 1760 1566 enirn
1777 1512 1812 1567 fit
1827 1528 1861 1567 ex
1879 1530 1939 1566 aas·

248 1598 274 1647 et
292 1594 375 1649 semel
396 1594 579 1650 detineantur.
617 1595 679 1669 ἐμοὶ
700 1595 811 1667 (inquit)
827 1597 917 1651 sesso
938 1592 1008 1665 ἀρχὴ
1027 1594 1081 1661 μὲν
1106 1595 1189 1665 paine
1220 1598 1408 1652 maturatione
1440 1601 1577 1667 qaedam,
1609 1599 1731 1651 alternans
1760 1599 1793 1652 irs
1820 1598 1940 1663 testibus,

248 1671 298 1733 οὖν
318 1678 436 1754 οὐδεμία
454 1674 525 1737 εἶναι
542 1685 593 1737 τοῦ
613 1680 753 1756 σώματος,
777 1682 846 1737 ἀλλὰ
873 1680 962 1737 πάντα
980 1680 1082 1755 ὁμοίως
1106 1682 1228 1736 alterum
1239 1682 1270 1736 in
1284 1684 1422 1751 sissima,
1432 1685 1563 1753 partibas
1573 1686 1841 1740 caesareenses
1859 1686 1941 1740 vaide

246 1763 315 1840 seri
344 1764 648 1837 retransmeare,
679 1770 751 1823 mass
774 1770 887 1838 peridem
904 1768 1080 1838 perceptum
1106 1767 1253 1836 ramosas,
1270 1776 1386 1840 senen
1407 1772 1487 1825 amco
1504 1771 1583 1825 esses
1597 1770 1659 1824 ares
1676 1778 1702 1825 er
1720 1770 1827 1841 aare,
1855 1770 1941 1826 aare

248 1855 377 1923 comonis
400 1855 512 1909 videtur
536 1856 646 1911 nnllam
664 1873 735 1925 esse,
759 1858 812 1911 seri
837 1856 932 1911 omnia
950 1854 1082 1909 similiter
1107 1871 1172 1908 cero
1193 1862 1299 1908 natare
1317 1856 1705 1928 eiuscommotionem,
1730 1857 1824 1913 altero
1841 1860 1885 1911 od
1902 1876 1940 1913 re·

244 1940 418 2010 prinaspiam
438 1949 464 1995 et
484 1944 578 1996 omnia
596 1944 672 2007 finis.
705 1942 742 1997 Et
761 1943 790 1996 in
808 1941 856 1999 lib.
877 1947 900 2001 1.
918 1940 954 1996 de
973 1940 1080 2009 diaeta:
1107 1947 1199 1994 center
1224 1940 1379 2010 penitorum
1403 1943 1599 2007 nutritionem,
1621 1950 1652 1996 at
1674 1942 1810 1999 adimanto
1835 1944 1940 1999 scilian

246 2024 413 2100 διακρίνεται
445 2028 478 2082 sci
503 2032 590 2101 μέλεα
616 2027 675 2102 ἅμα
701 2026 795 2083 πάντα
820 2032 866 2082 secl
885 2024 1010 2095 αὔξεται,
1034 2029 1080 2080 καὶ
1103 2043 1206 2099 param
1232 2028 1360 2082 vadante
1402 2030 1437 2081 ab
1468 2029 1530 2098 s'pao
1564 2029 1753 2097 peccationis
1785 2030 1940 2101 principio.

248 2110 311 2167 οὔτε
328 2111 467 2189 πρότερον
485 2112 569 2170 οὐδὲν
586 2115 680 2189 ἕτερον
700 2115 803 2190 ἑτέρου,
823 2114 884 2170 οὔθ’
903 2113 1028 2186 ὕστερον,
1048 2113 1080 2168 τὰ
1108 2112 1245 2168 Vallesius
1262 2113 1289 2169 d.
1309 2114 1327 2170 l.
1347 2115 1409 2185 ipsa
1433 2131 1544 2186 quaqua
1562 2115 1720 2186 embryonis
1739 2118 1884 2187 generum
1901 2122 1940 2173 est

247 2199 277 2255 dt
303 2204 385 2274 μείζω
415 2199 497 2271 qiua
523 2199 643 2277 πρότερα
675 2206 801 2277 φαίνεται
832 2206 888 2257 τῶν
914 2200 1081 2264 ἐλασσόνων,
1106 2199 1271 2270 coagulatio,
1290 2204 1323 2255 ut
1339 2199 1412 2255 cnaei
1425 2216 1457 2255 ex
1470 2201 1550 2269 lacta,
1566 2201 1777 2272 undatempora
1787 2202 1940 2259 conforma·

247 2285 333 2341 odiis
354 2284 474 2357 πρότερα
501 2285 652 2361 γινόμενα,
678 2290 858 2344 detineantur
878 2296 977 2359 partes
996 2287 1081 2340 simol
1105 2286 1187 2340 tionis
1207 2286 1248 2343 sic
1265 2286 1471 2343 describuntur:

248 2390 342 2428 ornnes
359 2382 385 2429 et
403 2381 549 2444 assperitas-r,
569 2392 619 2429 nec
636 2376 720 2449 prius
739 2376 815 2431 oliae
833 2376 910 2444 aliia,
930 2390 980 2428 nec
990 2380 1080 2444 poste·
1160 2372 1216 2427 aer
1234 2373 1264 2426 in
1282 2373 1355 2427 lacte
1372 2374 1442 2443 dica,
1460 2380 1503 2426 ter
1521 2374 1632 2427 suntin
1651 2374 1789 2444 sanpas'ne
1808 2374 1892 2443 tes-sd,

246 2460 322 2528 rias,
341 2462 393 2514 secl
411 2462 534 2531 majores
554 2469 658 2515 natm
671 2462 786 2531 priores
806 2469 947 2531 apparent
966 2459 1078 2514 minori·
1159 2460 1213 2513 Bis
1231 2459 1292 2513 seni
1309 2476 1430 2530 comens,
1449 2467 1491 2514 ter
1508 2460 1571 2515 seni
1588 2461 1712 2514 memma
1724 2462 1866 2531 siper-ant.

246 2547 296 2601 drea
316 2546 387 2617 [aon
393 2548 498 2619 priora
508 2548 614 2618 factaJ.
632 2550 660 2603 3.
674 2548 822 2618 Memento,
834 2549 1025 2618 qaodseeers'a
1039 2563 1080 2599 me
1106 2549 1133 2604 5.
1152 2544 1220 2600 Grste
1245 2554 1273 2600 et
1299 2563 1385 2601 earne
1406 2548 1542 2601 cannati
1558 2562 1609 2600 me.
1644 2531 1712 2609 cini
1736 2547 1881 2619 significat
1899 2549 1937 2602 in·

247 2621 340 2697 anns,
355 2634 539 2703 sourtasen5
560 2633 629 2685 alan
657 2633 796 2706 significat
819 2650 938 2689 massam
956 2651 988 2689 ex
1008 2638 1080 2687 terra
1107 2632 1167 2685 deit
1188 2639 1214 2686 et
1231 2634 1350 2699 oncant,
1367 2634 1434 2706 quia
1446 2635 1532 2690 scafis
1545 2649 1647 2704 corpus
1658 2640 1747 2689 ornat.
1759 2633 1845 2689 LXX
1858 2635 1939 2691 inter·

247 2725 275 2775 st
295 2736 369 2790 aqua
386 2718 526 2790 permixtis
551 2718 670 2790 factam,
696 2720 793 2775 limam
822 2720 930 2774 scilicet
950 2720 1038 2774 laem
1054 2728 1080 2773 ct
1105 2722 1294 2792 pretesdtpps
1306 2724 1351 2776 sal
1365 2725 1445 2795 κέρας
1458 2717 1590 2781 ἔνέδυσός
1596 2740 1641 2795 με.
1660 2720 1843 2793 Progreditur
1850 2720 1940 2778 Jobus

248 2815 426 2861 coementem.
454 2805 538 2861 LXX
553 2806 717 2876 interpretes
737 2806 919 2862 reddiderunt
933 2804 974 2860 ὃτι
991 2802 1079 2873 πηλόν
1105 2823 1123 2862 a
1146 2807 1339 2881 coagulatione
1365 2807 1475 2863 seminis
1493 2808 1530 2862 ad
1547 2806 1618 2863 cutis
1635 2812 1665 2863 et
1680 2807 1779 2879 ‚carnia
1797 2807 1937 2864 formatio·

246 2911 282 2967 με
300 2893 428 2955 ἔπλασας.
468 2893 593 2965 Respicit
609 2894 645 2949 ad
663 2893 781 2964 primam
799 2893 881 2964 primi
898 2893 1016 2949 hominis
1033 2896 1080 2960 (ex
1105 2910 1182 2963 nem,
1207 2900 1354 2966 postquam
1381 2895 1453 2950 enim
1473 2901 1566 2964 partes
1586 2893 1767 2965 spermatices
1786 2894 1937 2951 nobiliores

246 2995 301 3052 qno
313 2979 415 3052 reliqui
427 2979 480 3035 orti
492 2980 571 3051 sunt)
581 2979 782 3037 formationem.
801 2980 842 3038 Ut
853 2980 926 3051 enjus
934 2979 1037 3052 figulus
1046 2996 1079 3035 ex
1105 2980 1220 3052 provida
1238 2985 1338 3036 natura
1353 2998 1403 3053 per
1415 2982 1471 3035 vim
1486 2981 1641 3048 πλαστικὴν
1659 2986 1687 3037 et
1698 2980 1829 3052 spiritum
1841 2981 1939 3039 semini

245 3065 353 3137 argilla,
371 3066 400 3121 id
419 3072 461 3122 est
474 3082 508 3121 ex
525 3067 669 3139 luteaque
682 3072 829 3135 macerato,
844 3083 893 3120 vas
905 3065 1021 3138 effingit,
1040 3067 1080 3122 sic
1105 3066 1218 3121 insitum
1236 3066 1372 3136 formavit,
1390 3084 1473 3122 carne
1492 3072 1521 3122 et
1538 3072 1604 3121 outa
1630 3066 1707 3122 velut
1724 3070 1890 3138 tegumento
1906 3086 1937 3125 ac

244 3150 322 3209 Dens
334 3169 368 3207 ex
382 3153 447 3208 limo
459 3161 548 3210 tarrae
561 3153 679 3224 primurn
692 3153 829 3209 bominem
848 3151 984 3208 formarit.
1010 3154 1080 3209 Val-
1105 3153 1276 3209 munimento
1295 3154 1415 3224 quodam
1433 3171 1479 3209 ass
1497 3153 1594 3222 vestit,
1620 3170 1655 3209 ne
1674 3153 1796 3208 externis
1808 3156 1939 3225 periculis

245 3240 330 3295 lesina
344 3240 373 3296 in
382 3240 444 3296 libr.
453 3240 489 3295 de
498 3258 567 3295 sacr.
578 3239 676 3311 philos.
687 3257 709 3293 c.
720 3246 761 3295 55.
771 3246 873 3305 monet,
882 3240 954 3295 hanc
962 3240 1080 3312 primam
1106 3244 1134 3295 et
1152 3238 1320 3295 laesionibus
1339 3240 1396 3295 sint
1415 3239 1558 3308 obnoxiae,
1576 3239 1644 3311 quin
1662 3240 1717 3295 imo
1730 3244 1821 3295 totum
1838 3259 1940 3314 corpus

247 3326 363 3382 bominis
381 3332 493 3398 γένεσιν
521 3329 617 3398 poitas
644 3326 797 3397 symbolica
826 3326 1004 3398 descripsisse
1030 3344 1080 3397 per
1105 3324 1174 3380 nibil
1192 3325 1269 3381 aliud
1287 3332 1330 3381 est
1348 3343 1430 3398 quam
1451 3326 1588 3397 quaedam
1605 3325 1817 3382 animassestis
1849 3332 1877 3383 6.
1891 3330 1940 3383 Os·

246 3413 415 3467 connubium
427 3412 503 3468 Pelei
521 3418 550 3468 et
561 3413 704 3479 Thetidos,
723 3413 752 3467 id
770 3417 813 3467 est
829 3413 883 3467 inti
893 3414 990 3480 (πηλός
1007 3414 1079 3468 enim
1106 3412 1181 3465 sibus
1196 3431 1230 3465 ac
1244 3413 1339 3465 nervis
1353 3413 1523 3482 cooperuisti
1542 3430 1593 3482 nac,
1610 3402 1737 3488 ''2222ssss
1758 3428 1776 3468 a
1793 3412 1854 3471 rad.
1875 3407 1946 3491 'tibio

248 3499 336 3554 lutum
355 3502 407 3565 est)
427 3504 456 3555 et
480 3516 585 3570 equae,
613 3516 730 3570 quorum
759 3498 863 3569 nuptiis
890 3515 984 3555 omncs
1011 3499 1078 3555 deos
1106 3498 1180 3568 tecit,
1197 3498 1315 3569 oper-rsit,
1330 3500 1460 3569 procesit,
1476 3498 1504 3552 in
1514 3498 1638 3570 margine
1657 3503 1778 3568 notatur,
1790 3498 1941 3572 legandum

130 3598 174 3642 xv.
188 3598 232 3640 lto.
248 3585 407 3642 interfuisse
422 3586 534 3655 dicunt,
560 3592 670 3657 praeter
689 3584 876 3653 Discordiam,
900 3587 966 3656 quia
986 3586 1080 3641 divina
1106 3601 1165 3640 esse
1184 3574 1328 3661 ''22:qu
1349 3585 1399 3639 aed
1416 3584 1492 3639 nulla
1511 3584 1590 3639 adest
1606 3583 1767 3639 mutationis
1779 3587 1942 3651 necessitas,

246 3674 334 3728 virtus
356 3689 473 3746 aquam,
499 3678 601 3728 terram
626 3677 655 3728 et
671 3672 807 3727 elementa
826 3671 934 3742 reliqua
951 3672 1080 3728 mixtione
1106 3688 1169 3725 cum
1187 3671 1266 3726 radix
1284 3662 1355 3746 qvi:
1377 3671 1461 3727 etiam
1473 3670 1540 3726 alibi
1556 3676 1681 3725 occurrat
1692 3670 1780 3727 Exod
1793 3676 1836 3743 3³,
1854 3688 1883 3728 v.
1897 3678 1939 3729 22.

244 3759 273 3815 in
300 3761 475 3815 concordiam
505 3760 612 3831 redegit
641 3760 669 3814 in
694 3759 816 3831 corporis
842 3758 955 3815 humani
980 3759 1080 3816 forma·
1106 3756 1357 3829 LXXintarpretas
1370 3758 1551 3813 reddiderunt
1563 3757 1741 3831 συνείραςω.
1753 3759 1945 3834 custoditurus)

243 3847 326 3903 tiona
368 3846 419 3902 Eat
436 3847 483 3919 qui
501 3864 597 3902 rocem
622 3848 716 3923 0³qu
735 3846 822 3901 Exod.
843 3852 866 3910 l,
886 3864 911 3901 v.
933 3853 972 3904 16.
984 3852 1081 3903 contra
1105 3845 1240 3899 coarmari
1261 3862 1312 3901 me.
1362 3845 1416 3901 Sed
1441 3844 1507 3916 quia
1525 3859 1587 3899 osea
1605 3844 1697 3915 potius
1719 3843 1944 3917 fundamentum,

244 3952 415 3991 communem
441 3940 469 3990 et
495 3940 635 4005 receptam
658 3934 822 3990 sententiam
846 3936 913 4008 (qna
936 3952 988 4006 pro
1009 3935 1078 3991 aella
1106 3931 1665 4003 narviligamentumquamoperimsntum
1675 3931 1945 4005 corporipraestant,

245 4022 423 4092 parturientia
446 4027 523 4076 rotae
555 4019 665 4092 figulari
691 4038 745 4075 non
779 4020 898 4075 absimili
932 4022 1078 4093 accipitur)
1104 4019 1167 4074 ideo
1179 4020 1282 4074 rectius
1295 4017 1442 4074 deducitur
1455 4033 1473 4072 a
1486 4008 1552 4093 illia
1568 4016 1642 4087 quod
1657 4021 1699 4071 eat
1709 4020 1827 4081 munire,
1838 4020 1943 4090 sepire,

245 4107 374 4178 iutelligit
401 4108 436 4162 ds
462 4107 628 4161 cardinibus
640 4109 745 4161 centris
763 4107 894 4175 materni,
922 4107 950 4162 in
977 4108 1079 4179 quibua
1103 4105 1167 4161 Job.
1191 4112 1212 4173 l,
1229 4122 1255 4158 v.
1280 4111 1319 4162 tt).
1356 4104 1428 4161 Ossa
1444 4102 1518 4171 euim
1538 4118 1572 4158 ac
1588 4103 1667 4158 nervi
1685 4120 1786 4174 corpus
1808 4104 1942 4163 fsdclunts

244 4193 360 4264 embryc
378 4191 520 4259 formatur,
537 4192 609 4247 ciera
628 4211 678 4247 sna
698 4201 848 4247 testaceam
864 4195 894 4247 in
912 4203 977 4248 rota
990 4196 1078 4264 apuli,
1103 4190 1234 4247 roborant
1247 4196 1276 4247 et
1292 4191 1386 4247 omnia
1403 4192 1464 4262 ejus
1482 4189 1606 4247 membra
1623 4206 1758 4261 compage
1777 4190 1814 4246 ad
1832 4199 1941 4249 motum

241 4297 261 4336 a
280 4281 337 4335 rad.
358 4280 430 4332 nnn
463 4277 633 4342 aedificavit.
659 4286 687 4335 et
710 4297 743 4335 ex
772 4279 872 4352 quibus
895 4278 972 4335 velut
1001 4280 1077 4335 ostiis
1104 4277 1296 4333 decentissima
1314 4277 1456 4350 colligant.
1504 4280 1526 4331 7.
1550 4278 1642 4331 Vitam
1661 4285 1686 4331 et
1710 4279 1942 4335 miscricordiam

243 4367 335 4423 infans
351 4366 381 4421 in
401 4364 489 4421 lucem
510 4366 694 4437 progreditur.
724 4371 747 4422 4.
768 4368 868 4422 Nonne
887 4370 958 4422 aieret
977 4369 1077 4423 laenas
1096 4365 1201 4434 fecisti
1216 4382 1328 4418 mecam.
1365 4364 1400 4419 In
1417 4364 1546 4420 Hebraeo
1564 4370 1607 4419 ast
1633 4362 1723 4430 Elin
1744 4364 1835 4433 citas,
1865 4367 1942 4438 quod
1955 4372 1995 4414 ll·

242 4454 360 4510 masiti
374 4452 482 4506 ctrina
503 4469 611 4507 cessam
625 4470 667 4507 me
678 4453 951 4524 evaporantem
965 4454 1077 4527 interpr.
1104 4456 1198 4523 posset
1226 4450 1322 4506 referri
1349 4450 1384 4505 ad
1417 4451 1506 4505 foetus
1535 4449 1745 4515 animationem,
1776 4467 1834 4521 qua
1857 4452 1943 4523 juxta

243 4536 418 4615 ὥσπεργάλα
426 4557 463 4612 με
471 4535 596 4610 ipseipse
607 4538 653 4607 (ai.
663 4540 816 4611 eriperer),
826 4540 927 4609 ἔπηξας
941 4541 974 4596 δέ
985 4546 1077 4614 pedon
1105 4536 1303 4609 Philosophum
1325 4537 1414 4608 primo
1441 4536 1510 4591 vivit
1529 4536 1587 4592 vita
1611 4536 1738 4608 plantae,
1763 4544 1865 4607 postas
1882 4540 1943 4595 ani·

243 4628 322 4703 τυρῷ.
368 4627 430 4701 tim,
455 4623 736 4696 significatfandere,
760 4627 1078 4701 liquefacere'l'ergum
1105 4624 1201 4689 malis,
1220 4639 1253 4678 ac
1272 4624 1386 4678 tandem
1402 4622 1520 4678 bominis
1537 4617 1651 4694 propter
1667 4621 1803 4693 triplicem
1829 4625 1943 4683 animae

243 4712 365 4768 reddidit
381 4711 547 4786 wanga,
573 4712 732 4781 percalcati
757 4732 805 4767 me.
837 4717 918 4789 Νξῑξ
937 4715 966 4768 in
991 4714 1079 4785 hiphil
1107 4711 1269 4767 facultatem
1296 4715 1488 4781 vegetantem,
1523 4709 1686 4765 sentientem
1713 4726 1746 4764 ao
1774 4710 1942 4767 mtionalem

244 4797 383 4870 significat
402 4798 572 4869 coapaiaeit,
589 4800 755 4869 conpelasit,
773 4803 876 4870 caepis,
901 4801 1080 4855 condonasset
1105 4798 1207 4852 sonaim
1238 4812 1298 4852 aeae
1328 4804 1512 4862 merentem,
1551 4796 1600 4850 sed
1630 4813 1693 4853 cum
1722 4794 1834 4868 plurale
1864 4799 1943 4871 apud

243 4884 290 4939 lac
328 4884 477 4954 injiciendo
512 4884 624 4956 aliquod
670 4886 832 4958 coagulum,
877 4886 962 4960 Terg.
997 4886 1080 4940 vertit
1105 4884 1248 4940 Hebraeos
1267 4884 1444 4956 singulariter
1462 4885 1628 4956 accipiatur,
1655 4885 1719 4941 ideo
1736 4886 1944 4958 simplicissime

244 4959 395 5046 'nssttto'lssl
402 4972 434 5045 13,
456 4971 616 5042 scapulasti
633 4988 683 5025 nse.
733 4972 905 5045 Daprompta
923 4974 992 5028 baec
1013 4978 1077 5027 sunt.
1105 4971 1146 5025 sic
1162 4972 1317 5043 exponitur,
1339 4973 1413 5043 quod
1433 4972 1510 5029 Deua
1528 4989 1584 5027 nou
1603 4972 1632 5026 in
1650 4980 1728 5028 utero
1746 4973 1838 5028 solum
1857 4975 1945 5030 mira-

244 5073 277 5112 ex
297 5056 400 5110 intimis
417 5057 551 5128 physicae
577 5074 610 5112 ac
629 5058 751 5114 medicae
770 5058 911 5114 doctrinae
930 5059 1076 5131 penetrali-
1105 5057 1195 5112 biliter
1214 5057 1301 5113 fastui
1322 5059 1408 5114 vitam
1425 5060 1565 5123 conferat,
1594 5058 1745 5114 sedetiam
1769 5060 1892 5118 eundem
1909 5080 1944 5119 ex

244 5142 308 5208 bus,
334 5141 383 5215 qui
402 5142 474 5197 euim
498 5142 713 5199 deformatione
731 5144 849 5199 hominia
867 5144 895 5198 in
915 5152 992 5200 utero
1010 5146 1075 5199 acri·
1090 5136 1184 5199 latero
1200 5162 1256 5199 non
1274 5145 1334 5200 sine
1352 5146 1486 5201 miraculo
1504 5145 1639 5201 extrahat.
1668 5144 1773 5202 Psalm.
1794 5152 1840 5216 22,
1858 5164 1886 5205 s.
1904 5154 1944 5205 to.

243 5231 329 5302 bunt,
353 5246 446 5287 semen
469 5228 602 5285 muliebre
630 5230 736 5286 ratione
760 5229 898 5285 albedinis
916 5238 946 5286 et
961 5230 1075 5302 liquoris
1089 5222 1091 5227 ’
1104 5230 1134 5285 in
1166 5237 1307 5303 regionem
1335 5233 1485 5290 viventium
1514 5233 1651 5303 producat
1680 5239 1708 5287 et
1734 5232 1762 5287 iu
1786 5231 1860 5287 visis
1877 5250 1944 5291 con·

245 5317 312 5373 lacti
338 5317 425 5373 simile
443 5316 595 5373 accedente
612 5316 717 5373 semina
734 5316 887 5373 masculino
906 5316 996 5373 ealora
1015 5319 1075 5390 ejus
1108 5323 1213 5382 servet,
1243 5319 1306 5375 Act.
1327 5323 1374 5385 17,
1394 5337 1420 5375 v.
1441 5324 1480 5374 25.
1515 5318 1570 5375 Per
1587 5320 1652 5393 '¹912
1671 5319 1881 5387 beneficentiam
1901 5322 1943 5377 in·

245 5402 365 5458 naturali
394 5408 493 5474 postea
529 5403 602 5471 sisti,
634 5419 809 5459 concrescere
843 5408 872 5457 et
910 5403 1075 5459 consolidari
1103 5403 1206 5476 telligit
1217 5405 1310 5459 omnia
1323 5404 1467 5474 beneficia,
1479 5422 1550 5477 quae
1563 5410 1622 5461 toto
1638 5405 1713 5461 vitae
1723 5406 1944 5476 temporeDens

245 5489 384 5560 referunt,
401 5506 457 5546 non
478 5504 559 5544 eacus
576 5506 609 5546 ac
626 5506 724 5546 caseus
743 5489 895 5546 concrescit
912 5495 942 5545 et
959 5490 1075 5546 consoli·
1104 5490 1133 5544 in
1159 5490 1297 5547 hominem
1315 5490 1436 5560 canfen,
1462 5492 1708 5561 sustentationem,
1736 5492 1944 5561 educationem,

245 5577 340 5645 datur,
366 5582 399 5632 ui
416 5576 458 5632 vi!
481 5575 618 5645 niodum}
645 5576 770 5633 membra
784 5581 877 5634 omnia
900 5576 1025 5649 effigiare
1041 5595 1075 5633 ac
1103 5576 1256 5655 διατροφὰς
1290 5581 1337 5632 ani
1371 5575 1568 5653 σκεπάσματα,
1609 5580 1711 5635 ddunt
1745 5588 1772 5635 ci
1799 5580 1946 5651 amatura,
