4020 6022
190 348 250 408 330
388 368 392 373 ·
768 338 890 399 Locus
907 336 1111 397 VIOESIMUS
1128 338 1297 407 QUINTUS

81 530 85 549 ι
188 514 248 553 rem
276 494 454 550 domesticam
481 494 728 550 administrandam
755 495 867 551 minime
899 495 1020 556 omnium
1048 496 1125 562 quod
1146 495 1248 549 αι’ᾱιισο
1273 495 1343 549 silae
1366 510 1420 563 per
1437 500 1529 547 σσισσι
1556 492 1668 547 Uis-iste
1696 495 1887 564 desponsatae

189 582 337 654 ablegare,
359 582 406 636 sed
433 598 479 636 eas
505 582 596 652 potius
622 580 728 637 adhoc
747 581 863 637 invitare
882 588 911 636 et
929 597 1022 637 omnes
1048 582 1166 651 firmat,
1184 584 1259 635 ande
1277 581 1438 635 σσιιιιισιίιι
1454 580 1525 652 speia
1541 580 1632 644 feerit
1648 579 1754 634 σισνίισ
1768 580 1889 633 snortcis'

190 669 260 724 illud
289 672 444 739 expetentes
470 668 594 738 recipere
621 666 777 737 debuisset,
808 669 832 722 si
854 668 1022 739 peculiarem
1048 667 1151 722 suine
1167 667 1249 724 celle.
1283 667 1340 722 Sed
1357 666 1483 721 Graecus
1507 670 1598 720 textus
1621 664 1768 720 manifeste
1794 670 1887 721 osten

191 755 328 827 quendam
348 753 453 808 cultum
471 771 504 809 ac
519 754 648 810 meritum
666 753 780 825 aliquod
798 753 873 810 vitae
890 760 1018 810 aeternae
1051 752 1101 818 dit,
1119 771 1175 809 non
1191 754 1228 808 ad
1246 760 1363 826 γαμεῖν,
1392 752 1440 807 sed
1467 751 1503 807 ad
1529 751 1769 825 καιασιρηνιιὶζειν
1788 768 1885 807 vocem

190 842 219 895 in
245 841 293 895 tali
312 840 446 895 viduitate
465 840 615 912 posuisset,
644 840 692 896 sed
719 840 820 895 viduae
842 840 1022 912 pauperiores
1048 842 1097 894 τοῦ
1119 841 1243 912 Χριστοῦ
1260 839 1455 910 pertinerent
1472 838 1884 910 appareterpsrtieulsseri,

192 927 340 983 destitutae
357 926 528 997 parentibus,
548 926 643 982 liberis
661 943 694 981 ac
710 926 866 997 nepotibus,
886 943 904 981 a
921 925 1022 997 quibus
1034 858 1038 986 i
1050 933 1078 982 et
1094 927 1231 998 quomodo
1250 926 1407 981 damnabile
1425 929 1499 981 esset
1514 925 1544 979 in
1560 924 1667 980 Christo
1682 924 1756 981 velle
1771 925 1885 995 nubere,

191 1012 344 1082 alerentur,
375 1029 501 1085 quaeque
531 1030 583 1069 nec
611 1030 668 1068 rem
695 1012 859 1067 familiarem
875 1011 1025 1081 habebant,
1053 1029 1116 1067 cnm
1144 1013 1285 1084 apostoles
1313 1018 1335 1069 1.
1359 1011 1423 1067 Cor.
1442 1017 1469 1077 1,
1496 1027 1521 1066 r.
1547 1015 1589 1066 39.
1614 1026 1744 1080 expresse
1771 1016 1887 1079 asserat,

190 1115 242 1154 nec
262 1099 353 1169 operis
370 1116 502 1154 mannum
520 1117 580 1155 sese
602 1104 756 1154 sustentare
772 1104 913 1169 poterant,
938 1098 1024 1154 eccle·
1050 1100 1145 1167 οιίιιισ,
1159 1100 1206 1154 cai
1215 1100 1283 1168 οιιι,
1301 1099 1388 1151 nabet
1401 1099 1432 1151 in
1443 1097 1590 1151 Domino!
1620 1098 1724 1151 Sensus
1739 1097 1828 1169 igitur
1840 1106 1889 1164 est,

192 1185 250 1240 siae
281 1185 462 1256 eleemosynis
499 1186 659 1254 alebantur,
694 1202 728 1240 ac
747 1185 867 1240 ricinum
896 1201 948 1256 pro
977 1183 1026 1238 illa
1051 1189 1129 1257 qued
1146 1195 1245 1241 contre
1262 1185 1403 1239 oeream
1422 1184 1608 1253 lucris-icatur,
1624 1183 1652 1238 id
1672 1189 1715 1239 est
1732 1183 1887 1240 doctrinam

192 1272 394 1327 sustentatione
428 1272 546 1328 aeclesia
572 1289 665 1327 aarum
697 1289 782 1342 opera
811 1271 956 1335 utebatur,
988 1271 1025 1325 ad
1050 1271 1154 1328 christi
1180 1271 1399 1344 repudiaverint,
1429 1270 1504 1341 qood
1527 1269 1611 1326 iidem
1636 1269 1665 1323 in
1692 1269 1836 1325 Christum
1860 1275 1888 1325 et

191 1375 287 1413 curam
300 1374 452 1429 pauperum
462 1359 681 1430 peregrinorum,
698 1357 867 1413 afflictorum
884 1364 913 1413 et
928 1374 1025 1429 aegro·
1050 1360 1175 1415 timorem
1187 1357 1241 1413 Dei
1261 1357 1422 1428 abjecerint,
1441 1355 1515 1428 qnod
1535 1373 1597 1410 cnm
1614 1355 1803 1427 abnegatione
1823 1354 1887 1409 lidai

194 1451 284 1500 torum
305 1451 357 1499 etc.
376 1451 408 1499 ut
426 1444 566 1516 colligitur
585 1461 618 1500 ex
630 1445 723 1500 Actor.
738 1450 764 1512 6,
780 1463 806 1500 v.
829 1451 851 1500 1.
870 1450 898 1498 et
912 1451 934 1500 1.
954 1444 1025 1499 Tim.
1051 1452 1079 1502 et
1096 1445 1230 1517 religione
1255 1443 1430 1499 Christianae
1456 1442 1561 1497 nubere
1590 1441 1737 1497 voluerint
1775 1441 1887 1513 Ingere-

194 1536 220 1599 t,
238 1546 265 1586 v.
289 1536 326 1586 10.
339 1537 367 1585 et
381 1535 420 1587 16.
438 1530 515 1585 Ηιοσ
526 1547 593 1585 vero
607 1530 722 1585 istamm
741 1530 887 1585 viduarum
905 1529 1025 1585 conditio
1051 1532 1121 1586 bant
1136 1530 1209 1586 enim
1221 1548 1251 1586 se
1262 1530 1333 1585 istae
1341 1530 1451 1600 viduae,
1470 1545 1533 1584 cem
1546 1528 1638 1583 adhuc
1648 1528 1775 1599 juniores
1787 1534 1887 1595 essent,

193 1623 222 1671 et
238 1615 344 1673 functio
362 1616 528 1689 requirebat,
545 1622 577 1671 ut
596 1617 760 1673 abdicarent
779 1634 810 1672 se
827 1617 937 1688 privata
954 1633 1022 1671 cura
1050 1617 1079 1671 in
1100 1616 1248 1687 collegium
1267 1616 1415 1670 viduarum
1432 1614 1666 1684 ecclesiasticum,
1684 1615 1793 1669 recenti
1809 1614 1885 1670 lnctn

193 1702 234 1758 rei
252 1702 413 1769 familiaris,
441 1704 559 1775 proinde
584 1720 640 1759 non
656 1708 786 1775 poterant
804 1719 864 1758 esse
882 1704 1024 1775 conjuges,
1050 1703 1087 1760 ob
1106 1702 1267 1758 maritorum
1284 1702 1392 1757 obitum
1411 1707 1553 1773 permotae
1572 1718 1606 1756 ac
1625 1701 1731 1756 viribus
1749 1701 1808 1756 anis
1819 1718 1887 1756 non·

193 1789 325 1859 quamdiu
345 1790 374 1845 in
391 1791 439 1845 illo
456 1790 574 1862 collegio
587 1790 679 1846 virere
696 1795 726 1845 et
739 1790 774 1844 de
787 1790 899 1861 publico
916 1796 1023 1847 susten-
1050 1789 1116 1844 dum
1134 1790 1201 1844 satis
1220 1788 1383 1861 exploratis,
1413 1804 1446 1842 ae
1463 1788 1492 1842 in
1510 1788 1562 1842 hoc
1578 1787 1652 1843 vitae
1671 1804 1776 1859 genere
1792 1787 1887 1860 singa-

193 1873 246 1928 tari
265 1875 405 1946 volebant,
422 1877 446 1931 si
464 1876 537 1933 enim
556 1877 732 1949 cogitassent,
750 1894 801 1949 per
820 1876 1023 1932 matrimonium
1050 1875 1116 1931 laris
1134 1875 1245 1946 pietatis
1262 1874 1466 1945 persuasionem
1491 1873 1544 1928 sibi
1568 1872 1728 1945 fingebant,
1749 1874 1800 1929 sed
1824 1890 1888 1928 eum

193 1960 246 2015 sibi
260 1961 416 2018 adsciscere
435 1963 579 2035 maritum,
603 1981 621 2019 a
639 1981 695 2035 qno
712 1964 866 2035 alerentur,
884 1970 912 2019 et
930 1980 1024 2018 curam
1050 1967 1149 2032 postea
1167 1961 1432 2029 animadverterent,
1459 1976 1488 2014 se
1505 1959 1610 2015 donum
1626 1960 1815 2015 confluentiae
1832 1978 1888 2015 non

193 2047 233 2101 rei
250 2046 394 2103 familiaris
414 2049 567 2121 suscipere,
595 2067 650 2105 non
682 2050 883 2120 periissentne
908 2050 938 2105 in
954 2049 1025 2103 illud
1050 2047 1167 2118 habere,
1186 2048 1235 2103 scd
1255 2046 1375 2118 conjugii
1403 2045 1524 2101 remedio
1546 2045 1686 2117 indigere,
1714 2062 1750 2103 ne
1768 2046 1889 2101 levitatis

194 2132 342 2204 collegium
360 2135 492 2204 cooptari,
510 2136 625 2208 inquod
641 2152 692 2191 eae
710 2135 844 2192 duntaxat
855 2135 1025 2206 recipieban·
1051 2140 1081 2190 et
1104 2134 1305 2190 inconstantiae
1328 2133 1400 2189 inter
1417 2130 1587 2188 Christianos
1610 2136 1785 2202 notarentur,
1809 2132 1831 2187 si
1851 2131 1888 2188 sb

195 2224 250 2284 tur,
271 2235 344 2291 quae
364 2221 500 2276 neminem
519 2222 668 2291 habebant,
686 2239 704 2278 a
724 2241 778 2295 quo
798 2228 1026 2287 sustentarentur,
1052 2220 1100 2276 illo
1117 2220 1261 2275 viduitatis
1280 2218 1421 2290 proposito
1441 2217 1579 2273 resilirent
1596 2221 1626 2272 et
1645 2235 1680 2272 ex
1696 2218 1888 2273 eeclesiastico

196 2321 324 2377 quaeque
341 2323 453 2377 operam
470 2325 549 2362 snam
567 2309 701 2365 ecclesiae
719 2308 875 2365 deferentes
893 2310 929 2367 ab
947 2327 1025 2366 ceco·
1052 2307 1101 2362 illo
1118 2306 1270 2362 ministerio
1295 2307 1332 2360 ad
1354 2322 1436 2361 curas
1457 2305 1498 2361 rei
1524 2304 1650 2375 privatae
1667 2322 1702 2360 ac
1719 2304 1890 2360 domesticae

196 2391 311 2447 nomieis
330 2392 449 2464 negotiis
465 2409 526 2448 sese
543 2394 654 2465 penitus
673 2395 852 2466 abdicabant,
868 2403 902 2452 ut
918 2397 1024 2469 colligi·
1052 2395 1181 2463 redirent,
1199 2410 1311 2463 prorsus
1329 2409 1348 2448 a
1359 2392 1570 2448 christianismo
1592 2390 1764 2446 deficiebant
1786 2391 1832 2446 rel
1850 2390 1888 2445 ad

162 2516 170 2523 -
196 2482 243 2532 tur
262 2494 295 2534 ex
312 2478 405 2534 verbis
423 2479 539 2550 apostoli
563 2498 588 2534 v.
611 2486 655 2537 ll:
678 2484 784 2537 Postea
803 2484 900 2538 soluat
917 2483 1027 2538 nabes.
1052 2482 1253 2553 gentilismum,
1278 2480 1323 2536 vel
1349 2478 1386 2534 ad
1406 2478 1664 2550 pseudoapostolos,
1690 2480 1741 2548 qui
1759 2478 1891 2548 σαριὶοσι

197 2571 226 2618 et
249 2571 293 2620 ll:
310 2566 383 2631 eolo,
398 2567 532 2635 justiores
549 2568 653 2621 οἱσιισι
668 2569 776 2624 nubea.
1056 2568 1193 2621 decedent
1206 2565 1397 2633 mulier-casias,
1411 2569 1627 2637 σεσωρευμένος,
1637 2565 1765 2632 peccets's
1778 2570 1804 2620 ι.
1817 2562 1891 2619 Τίσι.

232 2656 290 2707 514.
324 2650 404 2707 Haec
430 2653 523 2707 omnia
540 2653 705 2722 ostendunt,
733 2655 889 2725 apostolum
917 2656 963 2710 hic
981 2673 1029 2711 ne·
1055 2661 1079 2723 3,
1099 2672 1131 2719 r,
1148 2660 1172 2710 6.
1194 2670 1249 2724 qua
1267 2653 1374 2708 ratione
1394 2669 1450 2708 non
1468 2652 1627 2709 absolutam
1642 2668 1676 2707 sc
1692 2652 1801 2706 nudum
1818 2649 1890 2705 illnd

198 2754 336 2809 quaquam
353 2739 389 2793 de
407 2739 456 2793 tali
473 2738 628 2794 coelibatus
647 2740 691 2795 vel
706 2740 851 2796 viduitatis
862 2747 927 2797 voto
944 2742 1028 2814 loqui,
1055 2741 1126 2795 vella
1143 2741 1245 2794 nubere
1273 2738 1431 2795 damnabile
1450 2738 1517 2809 ipsis
1536 2744 1613 2806 erat,
1641 2737 1671 2791 id
1694 2737 1770 2793 eninr
1788 2737 1890 2793 σσιιιὶιο

198 2821 281 2893 quale
298 2823 327 2878 in
344 2828 450 2895 papatu
468 2823 559 2895 viget,
576 2825 625 2879 sed
639 2842 690 2896 per
711 2827 827 2897 primam
847 2826 930 2883 fidem
949 2827 1028 2882 intel·
1054 2834 1162 2900 pugnat
1181 2844 1245 2882 curn
1261 2824 1449 2881 fundamentis
1473 2824 1557 2895 paulo
1577 2823 1702 2896 superius
1727 2823 1888 2896 assignatis,

197 2908 260 2980 ligit
282 2909 365 2965 fidem
387 2910 449 2966 Deo
477 2911 571 2967 datm
595 2912 624 2967 in
643 2913 784 2985 baptisimi
808 2915 983 2985 susceptione
1000 2920 1030 2970 et
1054 2914 1103 2971 sed
1117 2922 1216 2969 contra
1227 2912 1369 2967 ίιινίιιαιι
1386 2911 1594 2968 lasciviendoet
1605 2910 1770 2966 luxuriando
1783 2909 1889 2965 nnhcre

197 2995 400 3052 Christianismi
430 2997 613 3069 professione,
645 3017 729 3072 quam
757 3000 827 3056 tales
852 3001 953 3056 viduae
977 3018 1028 3073 per
1054 3001 1132 3057 velle.
1165 3006 1188 3056 2.
1202 2999 1282 3064 Quod
1301 3017 1365 3054 cum
1383 2999 1516 3054 deberent
1531 2998 1686 3053 ministrare
1704 2996 1887 3068 pauperibus,

197 3083 356 3155 apamien
385 3101 403 3139 a
431 3082 589 3140 Chrhtiana
621 3086 755 3157 religione
786 3093 813 3143 et
835 3104 885 3158 per
912 3093 1028 3158 peccata
1056 3088 1217 3159 peregrinis,
1237 3086 1349 3141 afflictis
1368 3092 1397 3141 et
1414 3085 1549 3158 aegrotis,
1572 3085 1649 3156 ipsae
1665 3083 1785 3155 abjectis
1803 3083 1888 3155 hujus

198 3176 294 3224 contra
313 3169 508 3226 commentiam
531 3170 637 3225 irritam
657 3172 807 3230 faciebant.
852 3172 930 3229 Haec
946 3174 1028 3229 inter·
1055 3173 1204 3229 ministerii·
1228 3174 1271 3228 sui
1301 3171 1401 3228 officiis
1434 3173 1540 3226 otiosae
1579 3170 1759 3226 circuiverist
1791 3172 1890 3224 σοσιοι

197 3255 314 3325 pretatio
331 3255 464 3327 probatur
485 3262 507 3313 1.
534 3274 567 3313 ex
594 3259 699 3314 hadita
722 3258 751 3313 in
773 3265 851 3315 textu
878 3261 1028 3314 viduarum
1056 3277 1082 3316 v.
1105 3265 1144 3315 13.
1172 3277 1229 3332 qua
1261 3259 1366 3314 ratione
1396 3275 1452 3313 non
1477 3258 1565 3313 solum
1585 3255 1749 3329 merissime
1772 3261 1889 3327 peccato

198 3341 317 3396 dionem
346 3343 542 3410 descriptione.
588 3343 697 3399 Viduas
724 3346 796 3401 enim
820 3346 902 3417 illae,
928 3346 1028 3418 quibus
1057 3361 1118 3401 sese
1144 3344 1350 3401 obstrinxerunt
1378 3362 1449 3414 opus
1480 3344 1600 3398 Domini
1627 3342 1680 3399 sihi
1708 3341 1746 3397 sb
1770 3342 1889 3398 ecclesia

199 3428 403 3483 damnationem
420 3428 562 3498 apostolus
584 3429 697 3495 tribuit,
726 3431 766 3486 sie
785 3431 986 3500 describuntur,
1007 3438 1028 3487 1.
1055 3431 1228 3487 commissum
1246 3432 1418 3499 nepiipcnter
1433 3431 1580 3498 facientes,
1596 3429 1652 3486 Jer.
1672 3435 1714 3498 48,
1732 3446 1758 3483 v.
1781 3434 1819 3485 te.
1837 3427 1888 3483 sed

198 3515 273 3586 quod
296 3513 550 3587 κατασιρηνιιέσωσι
575 3517 624 3570 τοῦ
644 3521 768 3587 Χριστοῦ
775 3557 782 3584 ,
805 3535 830 3572 v.
854 3524 894 3575 11.
915 3523 1029 3592 σιρῆνοι
1056 3520 1139 3573 etiam
1155 3516 1355 3573 tentationibus
1375 3516 1518 3571 diabolicis
1541 3516 1577 3572 ad
1602 3514 1746 3570 lasciviam
1763 3520 1793 3570 et
1809 3519 1888 3586 petu-

198 3601 347 3672 respondet
367 3600 493 3656 Hebraeo
513 3590 593 3680 litii}
620 3607 648 3657 et
667 3603 769 3673 ιασισα,
786 3604 894 3668 fastum
911 3622 946 3658 ue
959 3606 1029 3658 deli·
1055 3604 1170 3660 lantiam
1186 3603 1388 3659 solicitantibus
1407 3619 1468 3658 sese
1493 3602 1566 3657 ultro
1585 3601 1776 3671 exposuerint,
1801 3602 1887 3655 otium

198 3688 255 3742 tias
280 3688 433 3759 significat,
463 3689 701 3764 ααιασερρνιάζιιν
730 3696 773 3746 est
800 3691 963 3745 insolentius
995 3709 1029 3746 ec
1057 3692 1130 3748 enim
1166 3691 1253 3746 temes
1282 3696 1325 3746 est
1350 3689 1481 3745 libidinis.
1533 3694 1557 3744 3.
1586 3687 1667 3752 Quod
1701 3687 1808 3743 fuerint
1831 3704 1886 3743 aon

196 3775 354 3839 scamoniae
370 3775 500 3829 lmcioire
523 3783 623 3830 contra
640 3776 771 3847 aiiqssam.
808 3776 930 3849 Simplex
950 3794 1029 3849 σιρη-
1056 3779 1144 3833 solum
1160 3778 1197 3832 ad
1217 3777 1319 3832 bonum
1336 3777 1449 3845 otiosae,
1466 3774 1610 3831 sedetiam
1628 3774 1666 3829 ad
1681 3774 1788 3829 malm
1804 3790 1887 3844 nego

200 3863 263 3914 ναῐν
284 3861 434 3917 deductum
457 3862 616 3921 ematimant
641 3880 659 3919 a
682 3862 768 3919 verbo
792 3871 913 3942 σιερεῖν,
939 3870 972 3921 ut
994 3865 1030 3921 sit
1056 3865 1152 3933 tiosae,
1170 3869 1267 3935 utpote
1286 3865 1425 3936 φιναροί,
1444 3878 1577 3931 ιιιιγσοοι,
1593 3861 1702 3929 furies,
1719 3860 1815 3916 verbis
1831 3876 1886 3913 ma·

199 3947 361 4017 metaphora
385 3953 476 4003 sumta
495 3966 513 4002 a
532 3949 682 4018 jumentis,
707 3965 858 4021 quaecum
878 3952 915 4006 ob
933 3951 1029 4022 pabuli
1056 3951 1137 4023 lignis
1156 3950 1323 4022 garrientes,
1346 3955 1371 4006 3.
1392 3948 1455 4005 Joh.
1474 3967 1499 4004 v.
1524 3954 1562 4004 11).
1581 3948 1674 4019 inepte
1690 3947 1837 4019 loquaces,
1854 3963 1887 4000 ac

199 4034 308 4104 copiam
326 4032 470 4099 ferociunt,
488 4035 630 4090 excutiunt
648 4035 772 4092 habenas
789 4054 822 4091 ac
833 4054 883 4093 suo
903 4037 1030 4093 feuntm
1056 4038 1132 4093 velut
1149 4038 1209 4108 ipse
1226 4036 1367 4107 apostolus
1385 4035 1505 4106 exponit,
1523 4036 1664 4104 equam
1681 4032 1715 4088 ri
1727 4031 1767 4108 μὴ
1781 4036 1888 4101 δέοντα,

200 4121 323 4176 arbitrio.
360 4121 417 4175 Alii
438 4121 589 4176 deductum
605 4126 705 4192 putant
721 4139 740 4178 a
756 4123 882 4196 σιρηνόν,
901 4125 1030 4195 quodest
1056 4143 1112 4179 non
1131 4125 1274 4192 ιίοοιιιιισ,
1293 4126 1487 4195 φλυαρσιογίσ
1506 4137 1626 4193 namque
1646 4125 1688 4178 est
1705 4121 1886 4192 nupsioqnea·

199 4207 313 4277 durum,
332 4207 406 4262 unde
422 4206 579 4277 Hesychius
606 4210 720 4284 στρηνὲς
736 4211 807 4278 βοᾶν
833 4210 1031 4282 interpretatur
1056 4212 1112 4280 tie,
1131 4227 1203 4281 quae
1221 4215 1354 4282 quantum
1372 4209 1408 4264 sit
1425 4213 1584 4280 peccatum,
1608 4207 1750 4279 colligitur
1761 4223 1795 4262 ex
1814 4206 1887 4261 dicte

200 4292 230 4350 ιό
249 4295 369 4364 σκληρὸν
384 4300 464 4363 βοᾶν,
484 4295 623 4352 desesiae
636 4297 914 4362 ferociterclemcre.
943 4298 1030 4368 Apud
1058 4296 1160 4352 Christi
1177 4296 1273 4352 ilutth.
1295 4301 1334 4363 11,
1350 4313 1377 4352 ν.
1396 4300 1442 4351 30:
1462 4296 1538 4349 Dico
1558 4295 1642 4361 σσιίο,
1660 4297 1738 4364 quod
1754 4296 1792 4348 ds
1813 4293 1886 4347 onst

200 4381 374 4437 Athenaeum
393 4381 443 4435 lib.
462 4386 486 4437 3.
512 4389 642 4458 σιρηνιᾱν
672 4384 785 4455 ponitur
813 4401 863 4455 pro
890 4384 1031 4442 deliciari.
1056 4384 1138 4438 verbo
1156 4382 1243 4453 ἀργῷ,
1262 4383 1359 4451 otioso,
1377 4383 1523 4436 reddituri
1537 4382 1595 4436 cisat
1607 4381 1732 4435 homines
1748 4381 1886 4435 ναιίσιιισι

198 4468 423 4540 'theophylactus
440 4466 711 4542 καταστρηνιάσωσιν
728 4470 924 4541 interpretatur
937 4470 1031 4526 ἀκνισ-
1056 4472 1087 4525 ia
1099 4470 1212 4539 judicio
1231 4476 1259 4524 et
1276 4468 1359 4523 Pauli
1377 4468 1477 4539 Ephes.
1497 4474 1529 4538 1,
1548 4485 1574 4522 v.
1594 4472 1642 4523 29:
1668 4467 1724 4527 παῖς
1741 4466 1824 4536 λόγος
1841 4480 1886 4520 σα·

199 4559 273 4609 ,teos
291 4559 336 4609 sai
356 4553 533 4624 θρύψσνναι,
556 4556 755 4610 accusaverint
778 4564 803 4611 et
820 4558 956 4612 deliciari
971 4574 1031 4612 coc·
1058 4557 1135 4630 πρός,
1153 4556 1242 4612 omnis
1259 4572 1349 4609 sermo
1370 4556 1508 4623 pabulas
1525 4561 1552 4609 σι
1569 4554 1687 4623 otiosum
1709 4571 1767 4607 nos
1790 4542 1885 4624 proce·

196 4644 306 4713 per-int,
332 4642 422 4713 priore
439 4641 524 4698 verbo
542 4642 662 4699 deducto
685 4661 703 4700 a
722 4644 843 4700 moribus
867 4645 1031 4715 petulantis·
1057 4647 1108 4698 dat
1126 4659 1159 4697 ec
1175 4650 1224 4697 ora
1240 4649 1339 4705 αισινσ,
1359 4643 1412 4695 ssd
1428 4641 1455 4695 si
1470 4640 1534 4711 qais
1552 4641 1639 4696 honus
1654 4640 1696 4694 ad
1712 4639 1884 4705 aedifiemio·

84 4765 139 4809 m
153 4765 185 4808 57·
199 4730 284 4785 simae
300 4728 427 4799 feminae
445 4729 602 4786 cuinomen
617 4732 700 4786 Aeco.
733 4730 907 4787 Camerarius
918 4733 1032 4803 exponit
1055 4747 1117 4785 nem
1133 4729 1218 4800 γιιιιί,
1235 4736 1267 4782 ut
1282 4730 1330 4782 det
1349 4728 1473 4796 pretinm
1495 4728 1681 4782 wdiestibes.
1718 4724 1793 4782 item
1813 4724 1886 4797 quod

197 4832 250 4886 per
279 4816 417 4886 crapulae
444 4834 479 4870 ce
506 4817 637 4871 luxuriae
669 4825 800 4870 minorem
826 4826 853 4871 et
881 4819 1031 4872 obscoenae
1054 4816 1158 4873 fuerint
1175 4820 1329 4889 περίεργοι,
1348 4816 1486 4883 συνίσασι,
1502 4815 1592 4888 μηδὲν
1609 4810 1799 4888 ἐργαζόμεναι,
1818 4811 1884 4865 iiii

199 4901 328 4957 libidimis
344 4902 543 4958 titillationem.
581 4901 683 4958 Sensus
697 4902 845 4974 igiturest,
867 4905 941 4975 quod
960 4901 1303 4995 ιαίιιῗαεριεργαζόμιναι
1327 4907 1350 4957 2.
1379 4901 1476 4957 Thess.
1495 4906 1529 4970 3,
1555 4918 1582 4957 ν.
1604 4906 1643 4956 11,
1670 4900 1699 4954 in
1724 4898 1885 4955 necessariis

199 4987 300 5044 viduae
317 4989 438 5044 excossis
456 4995 485 5044 et
502 4989 618 5059 abjectis
636 4988 741 5044 timoris
760 4988 855 5057 divini,
873 4990 985 5060 pietatis
1003 4995 1043 5045 et*
1056 4989 1173 5053 οιίοιιιο,
1206 4988 1238 5045 in
1272 4988 1335 5043 aliis
1363 5003 1418 5042 non
1442 4986 1616 5043 demandatis
1640 4986 1779 5055 curiosae,
1817 4999 1886 5057 quae

199 5074 312 5144 pudoris
330 5073 445 5131 habenis
464 5074 576 5130 immani
594 5074 714 5145 quadam
732 5074 886 5142 insolentia,
904 5030 1044 5145 petulca-i
1056 5081 1202 5150 περιεργία
1220 5079 1356 5147 qnantum
1374 5073 1411 5128 sit
1428 5080 1588 5145 peccatum,
1612 5072 1754 5144 colligitur
1771 5090 1805 5128 ex
1825 5072 1885 5126 Act.

198 5159 238 5214 tia
271 5163 300 5216 et
329 5160 441 5216 lascivia
466 5161 621 5215 luxuriatae
648 5160 751 5215 bremt
776 5162 871 5231 (qnam
888 5177 949 5216 esse
974 5150 1044 5216 vimi
1060 5167 1104 5230 19,
1129 5178 1156 5215 v.
1177 5167 1216 5216 19.
1251 5168 1276 5217 l.
1297 5159 1376 5226 Quod
1395 5158 1565 5214 occasionem
1584 5158 1711 5214 dederint
1731 5158 1887 5214 sdvnsuio

198 5247 282 5317 hujus
298 5244 377 5301 verbi
395 5246 537 5318 colligitur
555 5264 589 5301 ex
608 5252 631 5302 2.
649 5247 719 5318 Reg.
742 5253 780 5315 to,
799 5265 826 5304 r.
840 5253 882 5303 ts.
902 5248 976 5305 Esai.
989 5253 1032 5318 31,
1056 5246 1237 5302 maledicendi
1274 5252 1303 5303 et
1336 5245 1544 5317 blasphemandi
1564 5244 1702 5317 evangelii
1727 5245 1885 5300 doctrinam.

198 5348 224 5386 v.
242 5338 284 5389 29.
311 5332 400 5402 Apoc.
422 5336 467 5393 18,
494 5350 521 5387 v.
540 5339 563 5387 7.
583 5336 619 5400 a.)
648 5340 676 5387 et
705 5333 816 5405 quidem
841 5334 915 5405 quod
934 5335 1110 5389 costra.l'er
1128 5334 1176 5389 ιόν
1192 5333 1386 5401 ιένιικειμινον
1403 5338 1519 5402 possunt
1537 5330 1655 5402 intelligi
1674 5332 1718 5387 rel
1738 5330 1888 5388 adremarii

201 5417 342 5475 Chtidam
358 5416 513 5472 luxuriatae
526 5418 636 5475 suenni.
673 5419 797 5491 Vulgata
820 5420 964 5475 translatio
984 5404 1044 5485 vo:
1057 5438 1090 5475 ac
1107 5420 1201 5475 hostes
1216 5419 1348 5476 eeclesiae
1365 5435 1483 5493 *numero
1503 5417 1637 5489 singulari
1656 5434 1707 5488 pro
1724 5417 1824 5488 plurali
1840 5434 1889 5489 pe·

200 5522 260 5561 cem
279 5507 330 5561 wi·
341 5507 464 5582 Χριστοῦ
482 5505 518 5559 ad
537 5503 650 5561 verbum
669 5507 775 5561 nubere
793 5507 895 5563 referre
912 5506 1110 5583 ridetur,1sito
1126 5506 1194 5563 Luc.
1216 5511 1260 5571 13,
1283 5524 1309 5562 r.
1331 5512 1371 5561 11.
1400 5522 1423 5561 c.
1446 5511 1492 5574 ιι,
1514 5522 1540 5559 v.
1563 5511 1601 5561 15.
1632 5511 1654 5560 1.
1672 5504 1735 5561 Cor.
1757 5509 1802 5570 16,
1820 5520 1845 5561 v.
1863 5510 1886 5560 9.

204 5611 237 5649 ex
256 5609 312 5664 quo
329 5609 460 5665 perenna
480 5592 528 5649 illa
552 5591 742 5665 interpretatio
766 5594 940 5664 postmodum
960 5588 1045 5668 οιιιι,ἰ
1061 5600 1082 5649 1.
1099 5593 1171 5649 Tim.
1194 5599 1221 5661 1,
1243 5611 1269 5646 v.
1292 5598 1330 5648 10.
1355 5592 1399 5648 rel
1417 5592 1476 5664 ipse
1502 5590 1631 5649 diabolus
1650 5606 1737 5663 agens
1757 5609 1810 5665 per
1826 5591 1888 5649 illos
