4020 6022
206 316 267 380 348
776 308 898 370 DOCUS
922 304 1123 369 mensurus
1143 305 1311 375 QUINTUS

205 468 485 539 interioritatum
508 465 685 537 unicuiqbeit
710 466 739 535 ie
756 481 788 523 sc.
823 466 972 524 Praeterea
990 457 1117 541 qni112:
1145 467 1239 520 Datus
1266 450 1402 520 est'meiii
1420 463 1550 519 samnius
1568 464 1665 518 comis
1687 478 1769 518 meae
1786 464 1903 533 capeto

207 555 342 611 ustionem
369 554 460 622 sentit,
487 554 513 608 ei
538 553 788 625 praesentissimum
817 553 941 609 imminet
967 548 1055 627 peti,¹
1067 552 1192 607 Satanae
1215 558 1266 609 etc.
1290 568 1323 607 ex
1347 568 1402 622 quo
1423 549 1538 621 colligit,
1565 550 1726 620 apostolum
1750 552 1863 618 mapa&
1878 558 1902 604 et

207 641 308 712 culum,
334 658 369 697 ne
393 657 444 711 per
467 639 692 695 incontinentiam
717 656 818 711 corpus
841 656 921 695 suum
946 646 1038 694 conm-
1067 639 1210 693 diuturnis
1227 637 1350 691 sumatis
1368 636 1465 691 camsi
1482 637 1573 703 fuum
1585 643 1728 702 testatum,
1747 642 1901 690 nocturnes

207 728 300 796 minet,
317 727 383 799 quia
394 725 481 782 Satan
493 726 528 781 ob
540 724 677 800 ἀκρασίαν
690 725 773 782 etism
785 727 918 799 conjuges
929 732 1040 782 tentans
1051 758 1054 827 ι
1064 741 1179 779 uaorem
1198 724 1316 779 ἀοοιζοοο.
1350 721 1577 794 Respondemus:
1600 722 1734 779 Erasmus
1760 721 1792 777 in
1811 729 1901 779 annot
1913 728 1947 772 tu

208 831 264 868 non
290 813 380 883 parcit
409 812 570 878 caelibibus,
600 812 648 867 sed
680 812 817 867 infirmam
848 819 976 868 naturam
1007 813 1148 959 exqbujus
1172 810 1226 866 loci
1256 828 1311 865 nou
1340 809 1442 879 injuria
1458 792 1582 869 miratur,
1609 809 1682 865 banc
1709 810 1837 881 ineptam
1862 827 1903 866 cx·

207 899 315 954 ustione
332 898 446 969 spiritus
463 900 492 953 in
509 898 719 955 fornicationem
736 900 867 971 corporis,
887 917 937 972 per
956 917 1037 971 quam
1063 897 1235 969 positionem,
1253 913 1310 968 qus
1327 912 1377 968 per
1396 894 1522 950 σκόλοπα
1540 895 1736 968 intelliguntur
1753 907 1848 954 motus
1871 899 1903 953 li·

206 1000 262 1039 non
282 984 370 1039 solum
388 985 549 1057 illegitimae
566 986 781 1049 commixtiones,
808 985 857 1042 sed
877 987 960 1041 etiam
980 1002 1039 1041 cor·
1066 985 1177 1053 dictinio,
1201 984 1249 1038 ulli
1272 984 1353 1038 docto
1376 982 1506 1054 theologo
1533 983 1651 1055 placere.
1688 983 1719 1038 Si
1743 985 1819 1040 enim
1835 985 1903 1040 estc·

207 1070 281 1139 poris
297 1071 463 1141 pollutiones
487 1070 687 1143 intelliguntur,
714 1071 897 1143 praecipitare
915 1078 1038 1129 conatur.
1064 1065 1188 1126 ustiones
1206 1069 1348 1141 apostolus
1368 1070 1505 1138 sensisset,
1524 1075 1636 1125 secutus
1650 1069 1809 1138 consilium,
1829 1073 1901 1144 qnod

206 1156 327 1211 Proinde
345 1162 378 1211 ut
393 1156 560 1229 conjugibus
577 1156 718 1228 apostolus
737 1157 790 1213 hoc
809 1157 984 1228 praescribit,
1003 1174 1038 1211 ne
1063 1157 1125 1212 aliis
1149 1156 1334 1229 praescripsit,
1360 1173 1472 1211 uxorem
1497 1156 1629 1212 duxisset.
1666 1156 1790 1223 Quidam
1820 1159 1904 1230 igitur

207 1244 346 1308 fraudent
372 1259 403 1296 se
432 1242 550 1297 inuocem
575 1244 633 1297 nbi
658 1246 701 1297 ad
730 1252 844 1314 tempus,
872 1246 923 1298 sert
949 1245 979 1298 in
1006 1245 1040 1298 id
1065 1244 1229 1316 generaliter
1248 1249 1389 1314 exponunt
1407 1244 1592 1308 ἀοοάοονοόο,
1611 1259 1684 1314 quae
1702 1250 1761 1298 tam
1780 1260 1903 1316 corpore,

206 1330 298 1398 ipsum
323 1337 507 1394 revertantur,
535 1346 571 1384 ne
596 1337 677 1384 tentet
704 1347 752 1384 eos
777 1330 902 1385 Βοόοοαο
923 1336 1039 1402 propter
1065 1347 1149 1401 quam
1166 1330 1258 1384 animo
1276 1346 1423 1401 perpessus
1442 1338 1485 1387 est
1502 1330 1652 1400 spostolus.
1688 1329 1858 1384 Ambrosius
1876 1330 1902 1385 in

207 1417 434 1471 incontinentiam
462 1418 604 1487 ipsorum
637 1417 676 1471 ita
701 1433 812 1489 quoquc
836 1415 955 1489 ἀγάμοις
976 1416 1039 1484 illis,
1065 1433 1163 1474 comm.
1190 1417 1292 1488 accipit
1317 1417 1351 1473 de
1372 1418 1556 1472 insectatione
1581 1417 1721 1471 maionem
1753 1416 1903 1485 bominum,

209 1503 256 1573 qui
273 1509 399 1572 uruntur,
417 1503 541 1574 conjugii
558 1502 709 1567 remedium
733 1503 871 1574 proponit,
893 1520 928 1558 ne
953 1503 1039 1558 Satan
1065 1501 1113 1574 qui
1131 1502 1171 1556 illi
1190 1503 1333 1575 negotium
1352 1503 1476 1575 quotidie
1501 1501 1690 1572 facessebant3
1716 1501 1903 1574 Hieronymus

208 1605 254 1644 eos
270 1594 384 1660 propter
401 1589 522 1645 internus
538 1588 599 1644 illas
619 1589 741 1645 ustiones
767 1595 796 1644 et
813 1589 1040 1644 incontinentiam
1066 1588 1101 1644 de
1130 1591 1251 1643 οάοοοεο
1280 1591 1408 1660 corporis
1437 1589 1599 1644 uaidudine
1629 1589 1763 1660 explicat3
1795 1589 1843 1644 ulii
1870 1590 1904 1644 de

206 1680 303 1732 tentet.
328 1681 352 1731 3.
387 1675 476 1730 Verbo
495 1675 697 1745 praecedentia
717 1692 744 1730 v.
773 1682 802 1732 5:
823 1677 928 1732 lterum
948 1692 1039 1729 reum·
1061 1676 1303 1746 persecutionibus
1323 1676 1478 1748 accipiunt
1502 1674 1603 1730 Procul
1621 1674 1707 1730 dubio
1728 1672 1842 1744 σκόλοψ
1858 1675 1903 1729 ille

208 1762 302 1816 tinini
318 1762 350 1816 in
367 1763 401 1816 id
420 1762 521 1832 ipsum,
545 1779 580 1817 ne
604 1769 688 1818 tentet
707 1779 756 1818 sor
777 1762 901 1818 Βαόαοοο
922 1769 1040 1833 propter
1065 1762 1197 1816 Paulinus
1217 1761 1272 1816 tuit
1295 1762 1443 1833 peculiaria
1470 1761 1605 1833 quaedam
1624 1761 1743 1817 tentatio
1762 1760 1901 1829 &tonica

206 1848 435 1903 incontinentiam
452 1856 581 1916 aearum,
599 1849 649 1902 ubi
666 1865 722 1903 non
744 1856 864 1918 propter
885 1850 1038 1922 sintpiicem
1065 1865 1121 1920 qua
1139 1865 1172 1902 ex
1196 1847 1375 1919 permissione
1396 1847 1491 1902 divina
1513 1847 1654 1918 apostolus
1674 1846 1730 1902 tuit
1746 1847 1901 1913 diveratus,

207 1936 399 2002 tentationum,
426 1938 478 1989 aad
500 1943 622 2005 propter
646 1936 877 1991 incontinentiam
909 1937 1040 2005 conjupea
1064 1951 1100 1989 na
1116 1933 1256 2008 ὑπερβολὴ
1274 1933 1482 2005 ἀποκαλύψεων
1498 1951 1562 1989 eum
1584 1933 1735 1992 extolleret
1764 1932 1902 1989 Iautberus

206 2023 323 2077 invicem
339 2022 461 2076 debitum
474 2024 595 2077 reddere
607 2022 697 2091 jubet.
723 2024 805 2077 Idem
819 2040 885 2093 erpo
898 2022 1040 2092 sipnificot
1065 2021 1093 2074 in
1101 2020 1200 2092 colloq.
1211 2022 1324 2077 mensal.
1338 2037 1403 2092 pag.
1419 2026 1484 2077 tte:
1500 2019 1630 2074 Tentatio
1643 2020 1714 2083 fidei
1727 2027 1770 2074 est
1782 2020 1902 2075 omniun

206 2110 287 2178 apud
304 2110 463 2179 apostolum
481 2110 564 2178 ustio,
583 2112 660 2178 quad
676 2110 885 2166 incontinentia.
917 2109 1040 2179 Respon·
1066 2107 1188 2161 mimimo
1213 2125 1248 2161 oc
1276 2107 1451 2178 pravissimo,
1477 2108 1545 2177 quia
1569 2108 1640 2173 fides
1667 2107 1747 2160 ciebat
1777 2106 1904 2175 reliquos

208 2195 318 2250 demus:
336 2195 414 2249 luter
426 2195 577 2265 simplicem
593 2195 773 2251 tentationem
786 2212 819 2250 ac
831 2195 1040 2250 fornicationem
1066 2196 1230 2250 tentationes
1251 2196 1362 2249 sincere
1386 2200 1438 2252 etc.
1469 2195 1538 2248 boec
1562 2195 1628 2264 fuit
1653 2194 1764 2248 diaboli
1787 2193 1903 2259 σκόλοψ,

211 2286 351 2337 murnum
379 2287 422 2336 est
439 2281 559 2336 medium
577 2281 737 2337 tentationis
761 2298 858 2353 genus,
880 2282 954 2353 quod
976 2296 1041 2352 spo·
1064 2290 1235 2351 praeacutae
1269 2282 1358 2352 polus
1393 2283 1539 2351 spiritum,
1572 2297 1698 2347 carnem,
1733 2299 1838 2353 corpus
1879 2288 1902 2333 et

209 2368 295 2423 stolus
313 2373 396 2423 vocat
413 2369 558 2433 monem,
575 2373 608 2423 nt
622 2368 819 2424 declaravimus
833 2368 968 2440 superius.
998 2368 1042 2422 ln·
1067 2369 1191 2422 aniiaam
1209 2369 1270 2438 ejus
1288 2371 1497 2438 transadipens.
1533 2366 1589 2424 Sed
1615 2367 1686 2422 enim
1707 2368 1774 2438 ‘ipse
1794 2366 1899 2421 Bellar-

208 2454 395 2510 continentiae
413 2454 564 2527 appellatio
583 2455 782 2527 generaliscst,
800 2471 853 2510 nec
865 2460 973 2511 tuntum
986 2455 1041 2510 illis
1067 2455 1157 2509 minus
1175 2470 1231 2509 non
1256 2455 1372 2509 multum
1396 2454 1494 2509 tribuit
1518 2454 1582 2508 huic
1611 2453 1679 2516 loco,
1703 2455 1781 2523 quib,
1807 2452 1904 2525 inquit,

209 2541 350 2611 competit,
371 2541 419 2612 qui
436 2540 744 2596 deliberatavoluntate
761 2542 898 2612 inlapsus
915 2547 1041 2597 externos
1066 2542 1112 2595 bic
1130 2543 1209 2595 locus
1235 2560 1289 2595 non
1316 2542 1426 2595 omnino
1455 2541 1600 2608 convincit,
1624 2558 1686 2593 cum
1703 2541 1796 2594 soriis
1813 2540 1905 2594 modis

209 2627 376 2698 praecipitea
403 2633 496 2692 ruunt,
521 2627 571 2681 sed
599 2628 681 2682 etiam
707 2627 755 2699 qui
786 2627 885 2683 ardore
911 2627 1040 2698 concupi·
1066 2649 1085 2683 a
1108 2629 1242 2698 poenitus
1270 2636 1434 2701 exponatur,
1464 2637 1529 2681 mint
1555 2628 1618 2681 otio
1647 2629 1703 2681 duo
1725 2626 1819 2695 napis
1841 2643 1904 2696 per·

211 2715 333 2778 scantiae
352 2714 392 2769 ita
412 2719 583 2785 torquentur,
601 2720 633 2769 ut
650 2714 819 2769 conscientia
831 2717 978 2780 saucietur,
998 2715 1039 2768 in·
1066 2715 1173 2784 apicsca,
1195 2721 1217 2771 t.
1234 2714 1296 2770 Cor.
1309 2719 1338 2769 9:
1357 2715 1395 2768 In
1405 2716 1563 2768 amineam
1575 2713 1674 2782 oedipo
1687 2729 1795 2782 corpus
1805 2730 1903 2766 maim.

209 2801 319 2856 vocatio
342 2800 470 2855 turbetur
495 2806 523 2855 et
547 2799 678 2856 exercitia
702 2801 815 2871 pietatis
845 2802 1039 2872 impediantur,
1067 2800 1144 2858 Rom.
1163 2807 1192 2856 l:
1213 2801 1310 2855 Sentio
1329 2800 1418 2855 otiam
1442 2801 1530 2869 tepea
1552 2799 1583 2854 in
1608 2798 1739 2861 mambrae
1763 2799 1834 2853 meu
1859 2816 1901 2852 re·

210 2894 242 2942 ut
267 2904 301 2942 ex
328 2893 411 2943 antea
439 2886 519 2942 dictis
546 2887 640 2960 colligi
667 2893 766 2959 potest.
801 2887 1040 2953 Quemadmodum
1061 2894 1231 2958 pupnontem
1244 2887 1303 2956 lapi
1314 2887 1414 2940 mentis
1429 2902 1522 2955 mean·
1541 2900 1574 2940 ex
1592 2884 1905 2957 qnoiniert,oeiapu‹1

211 2979 360 3045 praecepta
377 2973 503 3045 decalogi
520 2991 576 3029 non
593 2973 682 3029 solum
699 2974 775 3046 vitia,
793 2974 842 3030 sed
860 2975 945 3031 ctiam
962 2992 1040 3032 occs-
1065 2973 1193 3028 Paolum
1204 2978 1226 3029 1.
1237 2972 1303 3028 θον.
1318 2974 1339 3024 7.
1352 2973 1401 3026 uri
1416 2990 1472 3026 non
1489 2988 1547 3026 esee
1558 2973 1669 3040 tentari,
1687 2971 1781 3025 sedin
1793 2971 1903 3025 scelera

211 3061 301 3115 aiones
320 3066 348 3114 et
367 3076 466 3114 causas
484 3060 612 3114 vitiorum
631 3060 788 3131 prohibent,
806 3063 846 3116 sic
868 3061 979 3134 quando
998 3061 1040 3117 ‘ob
1065 3060 1131 3127 tabi,
1156 3061 1201 3114 cei
1220 3060 1343 3114 Pontum
1361 3075 1420 3112 ease
1442 3059 1580 3113 ustionem
1593 3076 1711 3128 passsam
1732 3075 1767 3112 oc
1776 3058 1902 3128 proinde

210 3146 439 3202 incontinentiam
457 3146 619 3219 conjugium
638 3149 778 3219 apostolus
795 3148 966 3220 praescribit,
985 3165 1040 3203 non
1066 3155 1165 3201 contra
1175 3150 1265 3202 Deum
1271 3163 1411 3217 peccasse,
1420 3148 1498 3216 quod
1507 3146 1714 3201 matrimonium
1728 3164 1785 3200 non
1797 3144 1903 3199 inierit·

211 3241 318 3290 uncum
336 3233 373 3290 ob
391 3234 486 3305 lapsus
504 3241 638 3304 externos,
664 3235 818 3292 sedetiam
841 3237 877 3292 ob
901 3236 1042 3292 efficacem
1067 3234 1293 3305 Respondemus:
1328 3232 1524 3305 Distinguendi
1557 3237 1622 3287 sunt
1653 3236 1744 3286 motus
1774 3231 1903 3301 concupi·

213 3338 308 3376 eorum
326 3337 445 3383 causam,
462 3320 585 3376 ustiones
599 3340 636 3380 sc.
654 3327 683 3376 et
694 3321 819 3377 flammas
830 3322 960 3392 internas,
979 3339 1042 3377 con·
1068 3322 1189 3376 scentiae
1200 3338 1303 3393 pravae
1318 3319 1348 3375 in
1364 3335 1447 3376 carne
1462 3318 1552 3374 adbuc
1566 3319 1717 3387 haerentes,
1737 3318 1840 3390 quibua
1853 3334 1904 3388 per

210 3406 285 3478 jugii
297 3406 448 3461 remedium
459 3407 647 3477 praescribere
664 3408 860 3479 intelligendus
876 3416 926 3464 est.
948 3416 972 3465 4.
990 3411 1044 3464 Lo
1068 3408 1195 3479 spiritum
1221 3408 1359 3464 remetitur
1385 3425 1403 3462 a
1432 3407 1563 3462 continua
1589 3412 1618 3462 et
1643 3405 1762 3460 durante
1785 3407 1903 3465 usfione,

214 3511 275 3546 cum
294 3496 315 3549 1.
343 3493 414 3546 Tim.
434 3497 465 3547 5:
496 3493 575 3557 Volo,
596 3494 728 3561 juniores
742 3495 845 3548 viduas
869 3497 980 3563 nubere,
1009 3514 1043 3551 ne
1070 3510 1142 3565 quse
1160 3495 1231 3549 adeo
1251 3494 1386 3565 impotens
1405 3500 1455 3562 est,
1480 3499 1512 3548 ut
1530 3492 1726 3548 conscientiam
1750 3492 1858 3548 sauciet
1874 3496 1903 3545 et

215 3582 281 3633 dent
304 3580 479 3633 occasionem
501 3579 692 3633 maledicendi
715 3580 889 3636 Monaaiio.
924 3582 964 3635 At
988 3601 1045 3637 non
1069 3580 1269 3637 invocationem
1286 3581 1387 3637 turbet.
1417 3580 1527 3634 Priores
1543 3577 1698 3649 apostolum
1710 3578 1830 3634 sensisse
1839 3594 1901 3632 con·

210 3675 329 3739 possunt
339 3666 508 3720 maledicere
522 3662 684 3721 οάοοοοοόίί
696 3666 864 3721 tlcrimianir
876 3668 909 3722 ot
922 3668 1045 3723 occultae
1070 3668 1201 3737 cedimus,
1216 3668 1395 3738 apostcriore
1412 3672 1504 3721 sutem
1516 3665 1634 3721 liberum
1648 3663 1735 3720 fuisse
1745 3665 1902 3720 werinus.

214 3754 387 3816 tentationes,
399 3754 453 3806 sed
465 3753 499 3807 ob
512 3754 665 3823 mam‘seata
672 3754 796 3822 flagitio.
821 3754 1044 3825 Respondemus:
1069 3754 1179 3810 Priores
1208 3754 1332 3809 nondum
1361 3752 1483 3808 afferunt
1514 3754 1705 3809 necessitatem
1736 3750 1903 3806 matrimonii

215 3840 340 3910 exemplo
359 3856 453 3895 earum
469 3839 625 3907 viduarum,
650 3856 723 3911 quae
747 3857 810 3896 cum
836 3841 939 3896 donum
958 3843 1044 3897 conti·
1070 3841 1193 3912 ineundi,
1229 3840 1278 3895 sed
1318 3840 1453 3894 duntaxat
1487 3839 1630 3910 posterior.
1668 3843 1692 3893 s.
1732 3837 1904 3892 Testimonio

213 3927 324 3981 nentise
342 3942 396 3980 non
414 3925 550 3981 haberent
566 3943 600 3981 ac
616 3924 794 3981 nibilominus
804 3927 970 3983 coelibatum
988 3946 1042 3983 am·
1068 3936 1189 3997 patrum.
1225 3925 1446 3998 Respondemus:
1466 3925 1521 3981 Pro
1538 3931 1632 3981 nostra
1650 3923 1836 3996 explicatione
1856 3924 1903 3978 ed·

212 4013 309 4084 plexae
327 4012 445 4080 fuerant,
463 4012 512 4067 sed
530 4020 644 4084 propter
661 4013 888 4069 incontinentiam
906 4031 924 4069 a
940 4015 1044 4071 Satana
1070 4013 1197 4068 duximus
1216 4012 1342 4082 superius
1353 4029 1409 4067 non
1422 4011 1510 4067 solum
1527 4016 1691 4084 argumenta
1705 4027 1739 4066 er
1752 4009 1903 4065 visceribus

212 4104 335 4154 tentatae
358 4100 388 4153 in
408 4099 537 4171 laqueum
561 4115 594 4153 ac
618 4099 725 4154 tristem
747 4099 855 4154 ruinam
880 4100 1043 4170 inciderant,
1069 4106 1161 4155 textus
1185 4099 1282 4170 petita,
1312 4097 1360 4152 sed
1386 4098 1469 4154 etiam
1501 4104 1611 4169 patrum
1639 4097 1783 4169 suffragia
1826 4097 1904 4160 Quae

213 4185 337 4257 adeoque
348 4191 422 4240 retro
436 4190 500 4257 post
514 4183 645 4240 &tanam
660 4202 808 4241 conversae
819 4187 936 4254 fueraut,
949 4203 1042 4242 earum
1070 4186 1253 4241 Bellarminus
1278 4185 1330 4239 hoc
1358 4185 1419 4239 loco
1444 4201 1478 4240 ex
1503 4185 1629 4256 patribus
1656 4184 1781 4254 adducit,
1808 4200 1903 4238 eorum

214 4271 326 4343 inquam
344 4271 468 4342 exemplo
486 4271 642 4326 admonitus
661 4278 690 4327 et
710 4272 824 4327 edoctus
841 4272 981 4344 apostolus
999 4274 1043 4343 ju·
1070 4273 1201 4344 pleraque
1223 4272 1263 4326 ita
1285 4277 1444 4342 comparata
1463 4277 1536 4338 sunt,
1553 4277 1585 4325 ut
1601 4274 1723 4327 nocuum
1733 4270 1827 4341 potius
1839 4285 1903 4322 eon·

214 4358 338 4414 nioribns
356 4359 447 4414 viduis
458 4358 644 4414 continentiae
661 4359 733 4414 dono
749 4358 888 4414 destitutis
899 4375 954 4414 non
966 4376 1044 4431 prae
1069 4357 1180 4412 firment
1213 4357 1385 4420 sententiam,
1413 4361 1520 4412 tantum
1544 4356 1632 4423 abest,
1658 4363 1689 4411 ut
1709 4355 1791 4411 nobie
1808 4356 1903 4410 adver·

215 4443 319 4514 scribit,
338 4452 370 4500 ut
385 4450 527 4514 conentur,
543 4446 689 4510 luctentur,
707 4444 875 4511 annituntur,
888 4452 973 4514 orent,
987 4462 1044 4500 car·
1071 4448 1170 4499 nentur.
1199 4443 1326 4499 Clemens
1339 4443 1487 4499 Alexandr.
1506 4443 1553 4499 lib.
1566 4450 1591 4498 4.
1604 4449 1696 4498 strom.
1717 4442 1902 4497 Basilidianos

212 4546 276 4585 nem
296 4530 441 4601 castigent,
458 4530 509 4585 sed
527 4536 559 4584 ut
580 4530 702 4602 conjugii
723 4531 843 4586 remedio
865 4536 987 4601 utantur,
1008 4549 1044 4587 ne
1068 4536 1190 4600 accusat,
1210 4530 1285 4601 quod
1303 4529 1494 4594 fornicatione
1510 4530 1639 4584 libidinis
1651 4530 1784 4582 incendio
1802 4529 1902 4582 aaran·

213 4617 242 4671 in
259 4616 370 4673 eosdem
388 4617 502 4688 laqueos
526 4623 639 4687 propter
659 4616 885 4672 incontinentiam
903 4635 920 4673 a
942 4619 1045 4675 Satuna
1070 4619 1183 4688 pecuda
1206 4633 1265 4670 estc
1291 4615 1443 4671 docuerint
1478 4614 1533 4672 Sed
1559 4616 1625 4687 quid
1649 4616 1703 4670 hot
1719 4616 1755 4671 ad
1776 4631 1835 4679 110³,
1855 4612 1902 4686 qui

212 4707 336 4758 tentatae
353 4703 437 4757 etiam
455 4702 532 4774 ipsae
550 4701 682 4759 incidant
716 4703 792 4775 Ergo
809 4721 865 4759 non
881 4712 988 4762 tantum
1009 4706 1045 4761 ob
1070 4721 1133 4758 cum
1156 4701 1281 4775 apostolo
1304 4702 1427 4773 conjugii
1452 4703 1603 4758 remedium
1627 4702 1691 4767 illis,
1709 4702 1756 4774 qui
1776 4708 1901 4764 uruntur,

214 4789 360 4845 manifesta
389 4789 497 4861 flagitia
525 4788 648 4857 vitanda,
671 4790 721 4844 aed
749 4792 785 4846 ob
811 4792 934 4847 occultae
962 4794 1044 4849 etiam
1070 4790 1269 4862 proponimus?
1297 4789 1421 4846 Videant
1439 4806 1504 4845 vero
1522 4790 1682 4860 adversarii,
1700 4806 1735 4845 ne
1754 4790 1808 4861 ipsi
1826 4788 1901 4843 Basi-

214 4877 388 4945 tantutiones,
408 4876 547 4948 grammes
564 4876 622 4931 scil.
641 4882 670 4931 et
687 4877 878 4948 durabiliores,
898 4896 970 4951 quae
987 4897 1043 4935 ma·
1070 4877 1134 4931 lidia
1153 4875 1262 4931 haeresi
1278 4877 1335 4931 sint
1352 4875 1458 4944 affines,
1477 4877 1543 4930 dum
1566 4874 1699 4940 scribunt,
1725 4879 1900 4930 sacmdmem

213 4961 319 5017 niiestis
336 4962 450 5035 flagitiis
461 4962 602 5018 efficacem
615 4980 727 5019 causam
737 4971 766 5019 et
779 4966 951 5020 occasionem
964 4984 1043 5038 prae·
1070 4964 1186 5033 puniris
1201 4979 1329 5033 peccare,
1348 4964 1375 5017 si
1384 4981 1497 5018 acorem
1511 4964 1605 5033 ducat,
1625 4981 1708 5034 quom
1719 4965 1748 5016 si
1757 4970 1900 5018 acci-tetur.

212 5047 279 5104 bere
297 5048 394 5117 solent,
421 5048 581 5120 conjugium
605 5048 660 5103 illis
679 5050 849 5120 praeteribit.
885 5051 915 5105 Si
940 5052 1044 5106 Bellar·
1071 5041 1232 5125 Ambrosiuq
1260 5049 1289 5103 in
1319 5066 1414 5106 comm.
1444 5049 1520 5105 dicit.
1550 5052 1619 5105 &cm
1649 5050 1780 5104 uoluntas
1813 5048 1902 5104 colori

212 5134 280 5188 mini
306 5140 469 5205 argumento
496 5134 599 5189 inesset
624 5134 738 5206 aliquod
765 5136 857 5201 robur,
889 5154 945 5192 non
973 5137 1045 5193 foret
1071 5138 1166 5192 carnis
1184 5138 1326 5202 consentit,
1343 5138 1444 5191 uritur.
1468 5137 1508 5191 Ae
1527 5153 1581 5191 uon
1600 5140 1659 5190 trum
1673 5135 1762 5190 solum
1776 5136 1900 5192 voluntas

212 5220 371 5275 nubendum
390 5225 503 5289 propter
519 5219 661 5275 vitandam
677 5220 887 5278 fornicationem
899 5223 1044 5289 occultam,
1070 5221 1154 5278 calori
1173 5222 1316 5290 consentit,
1336 5222 1447 5294 quando
1463 5221 1672 5277 fornicationem
1690 5222 1837 5292 approbat,
1853 5220 1899 5276 sed

214 5307 317 5378 quippe
341 5321 391 5375 per
416 5322 500 5374 quam
527 5305 623 5360 itidem
647 5324 702 5361 non
729 5307 812 5363 datur
834 5309 942 5364 occasio
961 5309 1043 5365 male-
1070 5309 1151 5363 etiam
1170 5309 1282 5381 quando
1302 5308 1414 5379 nuptias
1428 5307 1574 5377 desiderat,
1591 5308 1665 5379 quod
1686 5307 1854 5362 desiderium
1873 5307 1898 5360 iu

215 5391 324 5448 dicendi
350 5391 516 5456 advemsmo,
547 5390 596 5445 sed
626 5397 734 5447 tantum
763 5400 876 5466 propter
907 5394 1043 5467 flagitium
1068 5395 1167 5450 votivis
1186 5395 1351 5450 monialibus
1371 5394 1593 5450 ardentissimum
1610 5411 1671 5450 esse
1688 5394 1752 5465 quis
1771 5392 1898 5450 dubitati

213 5478 385 5534 scortationis
398 5473 583 5546 manifestum,
600 5477 730 5532 nimirum
747 5479 826 5550 juxta
845 5482 967 5553 ipsorum
981 5501 1042 5555 pro-
1067 5482 1201 5554 plurimae
1218 5497 1280 5536 cum
1298 5481 1347 5536 illa
1365 5481 1471 5537 Vestali
1491 5481 1585 5537 dieunt
1605 5480 1649 5536 vel
1667 5481 1808 5552 cogitant:

214 5564 353 5623 serbiam:
366 5562 464 5619 Sinon
473 5569 558 5631 eane,
570 5570 664 5618 wmen
676 5571 762 5619 carte.
778 5572 804 5625 25.
817 5568 921 5626 boum
933 5572 960 5625 2.
975 5570 1041 5627 0οκ.
1118 5569 1228 5624 Felices
1246 5575 1358 5639 nuptae,
1375 5569 1491 5639 inoriur,
1509 5567 1567 5621 nisi
1584 5568 1686 5621 nectere
1704 5569 1787 5623 dulce
1806 5577 1855 5624 eet.
