4020 6022
801 216 854 277 ΒΕ
870 217 1071 281 consumo.
1724 234 1782 291 etl

89 380 162 449 osia,
176 380 309 451 inicius
321 381 425 436 siduno
436 380 548 444 mbae,
558 378 726 449 uptierun
742 377 844 431 hm
857 392 927 446 opo·
954 377 1068 449 grarim
1085 394 1210 449 peccare,
1235 377 1260 435 si
1277 377 1481 435 matrimonium
1505 379 1678 448 contrahant,
1702 396 1786 451 quam

88 468 193 523 etolicn
208 468 359 523 emente
375 473 402 521 st
415 464 778 533 mauritanensem,
793 478 928 533 wapro
953 463 977 517 si
1002 463 1182 530 fornicentur,
1209 466 1237 521 h.
1254 482 1279 521 e.
1297 466 1322 521 si
1348 466 1557 523 constitutiones
1587 466 1723 521 humanas
1750 466 1787 522 de

90 555 211 611 mnas
227 552 355 623 officinm
373 554 459 608 dinen
476 553 525 622 eis,
544 554 594 623 qui
622 550 808 607 continentiae
827 550 927 604 bnans
953 549 1025 605 rotis
1043 550 1195 606 coelibatum
1207 551 1279 607 latae
1289 552 1537 623 tramgrediantur,
1555 552 1675 624 quamsi
1689 556 1787 607 conus

90 642 218 715 copiunt,
235 648 370 710 tanquam
390 642 433 695 nd
450 640 625 709 obsequelam
643 638 714 706 lepis
732 636 858 706 tnposts.
952 636 1045 708 legem
1053 636 1175 692 divinam
1188 637 1372 693 fornicatione
1382 644 1507 709 peccent
1527 638 1670 703 Quomodo
1683 654 1786 709 quaeso

126 734 186 785 ose.
221 726 278 783 Sed
312 742 365 782 noo
396 725 463 781 huic
493 725 623 782 solutioni
661 724 788 779 inhaeret
820 722 928 779 Beller-
953 722 1006 778 hoc
1023 723 1274 779 Antichrietisnum
1288 725 1457 795 paradoxum
1471 724 1786 795 Bellarmiuusprobeti

91 814 189 883 minus,
207 831 302 869 verum
322 812 453 884 adjungit
469 812 553 868 etiam
569 810 688 873 tertiam,
715 816 748 864 ut
767 810 805 864 ad
820 809 929 865 nudos
958 813 979 863 l.
990 807 1066 871 Quae
1082 811 1184 879 urina,
1197 809 1296 882 inquit,
1314 819 1364 864 unt
1374 828 1431 866 non
1445 819 1554 882 peccat,
1572 812 1600 865 si
1611 810 1787 865 arduanium

90 918 136 958 rea
154 901 207 972 ipsi
225 900 340 955 rediisse
355 899 492 955 rideatur.
528 899 611 963 Dico,
625 896 723 969 inquit,
741 897 798 951 nco
826 896 929 962 munio,
955 895 1134 950 amanum
1150 897 1301 968 significet,
1320 906 1371 953 ont
1385 906 1486 968 peccat
1503 898 1593 953 solisne
1604 905 1703 953 contra
1720 906 1787 951 teon·

92 1006 165 1061 quoa
183 1004 216 1041 en
233 986 363 1057 apostolo
383 985 545 1039 moerens-ii
561 984 705 1053 objiciunt,
729 983 786 1038 eise
809 982 928 1053 punse.
951 983 1114 1049 peanum
1130 991 1157 1037 ct
1173 992 1272 1038 contre
1290 992 1388 1054 notent,
1417 986 1445 1039 ei
1462 985 1683 1050 fornicationem
1700 984 1787 1053 rigni
1801 996 1902 1043 avaut

92 1078 198 1133 mem
215 1080 321 1142 aonnst,
341 1072 398 1126 noe
412 1079 602 1144 praeceptum,
620 1070 765 1140 pertinere
783 1069 875 1125 sotum
889 1069 930 1121 nd
950 1067 1039 1136 ficotc
1063 1086 1137 1138 quus
1158 1086 1224 1124 sero
1249 1070 1327 1125 nubit
1345 1079 1411 1141 post
1435 1070 1547 1125 solenne
1563 1079 1672 1148 grown,
1686 1078 1787 1141 peccet

92 1162 219 1218 nomines
236 1159 350 1227 uaros,
367 1175 424 1213 non
443 1165 537 1213 uatem
559 1158 601 1210 od
622 1173 678 1224 sos,
700 1156 752 1227 qui
771 1157 843 1209 cotis
863 1156 929 1225 jone
955 1163 1054 1210 contro
1072 1158 1292 1228 temperantiam,
1310 1166 1407 1214 contro
1425 1166 1518 1212 cotum
1535 1166 1564 1213 et
1579 1165 1680 1213 contre
1695 1158 1788 1229 ipsum

93 1246 212 1316 obligati
229 1252 302 1300 nint.
339 1245 417 1298 Nono
435 1245 472 1297 ds
488 1259 531 1311 sa,
548 1258 621 1312 quoe
637 1242 719 1297 hotot
735 1250 828 1296 uotum
844 1242 930 1297 conti·
955 1243 1125 1311 conjuginm,
1139 1260 1201 1297 cuns
1211 1246 1262 1297 ent
1273 1246 1384 1300 nemim
1396 1245 1524 1315 conjugii
1536 1251 1612 1314 toqui
1620 1252 1788 1316 perpetuasse

93 1334 213 1397 untho,
233 1348 290 1385 non
316 1337 409 1401 potest
432 1337 507 1384 recte
532 1329 597 1393 dici,
617 1344 707 1398 ‘quoe
729 1346 785 1383 non
808 1344 838 1382 se
866 1345 930 1383 con·
956 1329 1145 1398 soentspinm.
1172 1330 1250 1393 Quae
1269 1338 1360 1385 onum
1377 1330 1455 1385 nubit
1468 1338 1646 1401 postomia
1662 1330 1789 1401 simplest,

93 1420 168 1487 tinet
186 1417 390 1481 nestatsneliue
402 1416 476 1469 enim
492 1423 533 1469 cst
544 1416 647 1469 nubere
665 1432 750 1485 want
766 1414 821 1471 nri.
855 1415 930 1468 Nona
957 1414 1011 1467 illo
1027 1431 1094 1469 vcro
1104 1416 1313 1471 matrimonium
1326 1416 1473 1484 amnne,
1492 1424 1584 1470 nmen
1597 1416 1695 1486 olipw
1706 1418 1789 1471 modo

93 1514 240 1574 mmqsee
262 1511 304 1558 cst
322 1503 435 1571 molam,
460 1512 488 1556 et
517 1502 626 1569 awos,
652 1509 678 1554 ct
694 1501 750 1569 nri,
772 1501 829 1555 imo
845 1502 931 1570 pcjsss
955 1500 1047 1569 mnqic
1060 1509 1170 1571 peccat,
1187 1518 1272 1570 quom
1288 1518 1360 1571 quoe
1369 1502 1545 1571 fornicetur,
1564 1504 1632 1572 quin
1646 1502 1742 1557 reddit
1759 1518 1789 1556 se

94 1600 135 1647 eet
152 1590 262 1656 audere,
286 1589 427 1658 quidquid
441 1588 594 1642 misnens
611 1587 782 1654 aduersarii,
798 1602 931 1656 proem-
957 1590 1132 1657 impotentem
1155 1590 1196 1642 ad
1223 1590 1391 1643 remaclum
1417 1597 1515 1657 notans,
1536 1591 1612 1658 qnod
1628 1606 1684 1644 non
1707 1587 1789 1655 fucit,

93 1679 145 1732 tiss
172 1692 243 1746 quos
263 1676 348 1729 estas
372 1682 465 1727 ostam
491 1674 610 1727 somne
646 1672 871 1743 Respondemus:
898 1687 931 1726 ea
958 1690 1029 1745 queue
1047 1674 1216 1738 sanamur.
1245 1675 1471 1746 Respondemus:
1489 1680 1606 1745 apparet
1624 1691 1658 1730 ex
1677 1674 1720 1729 his
1732 1679 1788 1729 tur·

94 1781 160 1820 vero
177 1769 220 1819 eat
237 1761 346 1817 inversa
365 1776 399 1814 sc
417 1775 549 1831 perversa
566 1760 602 1813 de
617 1759 758 1814 coelibatu
779 1758 929 1814 disseremi
957 1760 1056 1832 pitudo
1094 1759 1285 1832 Babylonicse
1322 1760 1481 1817 meremicis.
1531 1760 1676 1826 Quomodo
1716 1760 1789 1817 enim

96 1849 251 1905 methodus.
287 1847 345 1904 Noe
373 1863 406 1901 ea
432 1852 512 1901 textu
529 1846 681 1915 apostolico
703 1844 858 1899 firmissime
884 1844 930 1897 de·
956 1853 1056 1918 peccat
1069 1852 1166 1903 contra
1179 1849 1399 1917 mopseustiam,
1411 1863 1484 1919 quae
1495 1853 1558 1918 post
1570 1847 1683 1903 solenne
1694 1854 1789 1902 votum

97 1942 289 1999 monstramus,
309 1951 366 1989 non
384 1950 443 1989 esee
462 1934 637 2005 probandum
656 1931 810 1987 coelibatus
826 1938 929 1997 votum,
956 1932 1279 2000 nubitcnmremedium
1290 1933 1544 1988 incontinentiaeet
1562 1932 1790 2004 intemperantiae

95 2024 161 2097 quia
186 2023 288 2078 donum
314 2020 501 2076 continentiae
520 2036 577 2074 non
603 2020 698 2073 sitite
718 2034 873 2083 commune,
896 2022 930 2071 ut
957 2017 1261 2074 diviuitueconcessum
1276 2019 1369 2090 eligat,
1383 2035 1425 2085 uc,
1438 2023 1471 2072 ut
1483 2018 1607 2090 loquitur
1615 2018 1790 2091 Augustinus

95 2110 254 2181 quicunque
277 2108 382 2175 volunt,
406 2112 514 2177 petunt,
535 2114 680 2173 conantur,
707 2104 776 2158 illud
805 2103 929 2159 obtinere
956 2104 973 2159 l
998 2110 1020 2160 l.
1040 2107 1075 2160 de
1094 2112 1172 2176 nupt
1180 2110 1210 2161 ct
1224 2122 1340 2177 concup.
1359 2106 1396 2160 ad
1413 2105 1505 2161 Valer.
1525 2120 1550 2159 c.
1573 2110 1611 2162 lt.
1631 2121 1695 2160 cum
1711 2105 1790 2173 infir·
1840 2132 1843 2137 ·

96 2196 212 2268 possint,
238 2195 288 2251 sed
305 2193 472 2265 quibusdam
496 2193 633 2246 duntaxat
654 2191 805 2261 proprium,
829 2189 930 2261 quibus
955 2193 1039 2246 mdes
1054 2193 1277 2260 inanimae,
1290 2210 1324 2247 ne
1336 2196 1423 2247 cadat
1438 2194 1469 2245 ia
1479 2193 1593 2247 minum
1603 2192 1788 2263 flwdiorusn,

98 2281 276 2353 peculiariter
294 2280 364 2335 illud
382 2279 488 2343 domm,
506 2294 541 2332 ec
560 2277 582 2330 si
604 2277 646 2331 sel
664 2277 782 2331 maxime
801 2276 830 2330 in
852 2290 930 2345 prae·
956 2279 1115 2347 saepiatur
1134 2280 1278 2333 honestate
1304 2280 1489 2349 nupturam!
1519 2279 1665 2344 Quomodo
1691 2286 1789 2335 contra

95 2368 166 2425 senti
185 2367 286 2438 aliquis
306 2365 455 2433 contium,
480 2365 572 2435 ipsum
589 2368 684 2418 umen
704 2380 760 2417 nou
779 2380 860 2432 posse
878 2378 929 2417 uec
955 2372 1048 2418 omnen
1065 2370 1172 2435 peccat,
1195 2382 1258 2419 cum
1284 2364 1312 2419 in
1338 2372 1405 2421 voto
1428 2381 1538 2435 semper
1562 2365 1788 2438 subintelligam

95 2455 198 2509 debers
214 2452 320 2507 solenni
332 2458 396 2505 voto
414 2451 449 2505 ad
467 2457 630 2521 perpetuam
648 2448 846 2504 continentiam
866 2465 929 2503 cuns
955 2449 1025 2504 haec
1057 2450 1179 2505 conditio
1205 2450 1264 2504 sive
1288 2451 1383 2519 tacite,
1409 2451 1468 2507 eive
1494 2467 1630 2522 expressa,
1657 2450 1680 2505 si
1710 2451 1787 2505 Deus

95 2539 271 2610 abjuratione
303 2536 427 2608 conjugii
463 2542 493 2591 et
519 2535 691 2607 obligatione
723 2535 760 2589 ad
790 2542 929 2590 aewrnam
955 2535 1026 2590 vires
1045 2535 1219 2603 concesserit,
1237 2535 1261 2590 ai
1278 2542 1383 2607 potero,
1399 2542 1429 2591 et
1449 2543 1583 2608 quantum
1599 2536 1787 2593 humanaira·

97 2624 303 2681 damnationem
323 2639 384 2677 sese
403 2621 585 2693 obstringere,
603 2620 670 2693 quia
691 2626 784 2676 certus
802 2636 864 2675 esse
882 2638 929 2676 ne·
957 2621 1052 2692 gilitae
1064 2621 1218 2693 permittit?
1245 2623 1390 2688 Quomodo
1401 2632 1498 2679 contm
1509 2624 1670 2692 coniugium
1680 2627 1787 2695 peccat,

97 2711 168 2783 quit,
193 2711 266 2782 quod
291 2716 482 2780 perpetuosa
510 2724 561 2778 per
584 2725 693 2763 omnem
715 2707 801 2761 vitam
827 2707 928 2763 donum
956 2725 1020 2763 cum
1039 2707 1140 2763 divinis
1160 2709 1282 2780 conjugii
1294 2709 1403 2781 legibus
1416 2708 1788 2780 reverenterseeubmittatti

96 2797 167 2855 illud
184 2796 221 2851 sit
238 2796 392 2857 habiturus,
410 2800 443 2849 ut
461 2803 611 2866 propterea
629 2793 788 2849 libertatem
799 2793 930 2849 divinitus
959 2793 1041 2858 Quod
1058 2795 1093 2849 de
1115 2796 1269 2863 enndcqio
1286 2796 1406 2860 additur,
1427 2813 1461 2849 ex
1477 2796 1551 2851 falsa
1571 2794 1719 2867 hypothesi
1741 2794 1787 2851 de·

98 2900 256 2939 concauam
274 2882 377 2937 debeat
384 2880 429 2937 rel
442 2880 530 2952 possit
539 2881 676 2952 abjurare.
696 2880 741 2935 De
756 2880 844 2943 donis,
859 2896 931 2951 quae
956 2881 1073 2947 scendit,
1103 2881 1182 2952 quasi
1202 2880 1309 2936 scilicet
1324 2898 1375 2953 per
1391 2886 1486 2938 votnm
1506 2882 1692 2938 continentiae
1708 2881 1788 2954 epiri·

96 2974 161 3026 eunt
177 2968 305 3023 omnibus
324 2968 378 3039 piis
399 2967 557 3023 communia
575 2983 609 3022 ac
629 2967 794 3030 necessasia,
821 2972 932 3022 exstent
956 2966 1065 3021 ritualia
1090 2966 1227 3039 quaedam
1254 2968 1431 3038 desponsatio
1451 2968 1522 3024 inter
1546 2967 1685 3024 Chriatum
1707 2985 1790 3040 spon·

95 3054 231 3127 ejusmodi
239 3053 444 3125 promissiones,
453 3051 792 3128 quodsintipsrepttqrn
802 3052 930 3108 Bomll.
958 3071 1019 3109 eum
1051 3059 1079 3109 et
1107 3053 1253 3109 monialem
1284 3070 1414 3124 sponsam
1442 3054 1610 3125 instituatur,
1639 3071 1703 3109 cum
1730 3059 1791 3111 tota

96 3161 123 3199 r.
142 3147 184 3199 29.
201 3142 278 3210 quod
294 3142 345 3209 qni
364 3141 469 3209 incepit
489 3156 560 3209 opas
581 3141 689 3209 bonnm,
708 3140 785 3194 idern
802 3141 839 3195 sit
857 3139 934 3193 illud
959 3141 1102 3211 Scriptura
1115 3140 1224 3208 clamet,
1239 3139 1478 3211 desponsationem
1489 3140 1635 3197 illamiieri
1642 3140 1707 3205 fide,
1719 3156 1791 3213 quae

92 3229 276 3299 perfecturus
298 3225 370 3282 Phil.
394 3232 417 3294 1,
437 3244 463 3280 v.
481 3231 506 3281 6.
528 3226 632 3281 redde
657 3225 882 3281 extraordinariis
905 3231 934 3280 et
959 3234 987 3282 et
1002 3225 1165 3298 virginibus,
1185 3233 1214 3281 et
1230 3226 1330 3294 viduis,
1355 3234 1384 3281 et
1408 3227 1565 3299 conjugatis
1584 3227 1639 3298 piis
1658 3234 1701 3284 eet
1717 3234 1791 3283 com·

96 3313 283 3385 peculiaribus
311 3312 391 3366 donis
416 3328 471 3365 non
496 3316 605 3367 entant
634 3311 706 3366 tales
730 3296 1059 3397 promissiones,.munis.
1093 3312 1167 3377 Quid
1184 3329 1250 3367 vero
1269 3311 1338 3367 illud
1359 3311 1412 3367 sibi
1429 3312 1498 3381 vult,
1517 3314 1592 3383 quod
1608 3312 1792 3371 mnus

96 3417 148 3457 uec
165 3400 228 3455 talis
248 3398 386 3455 certitudo
404 3414 439 3455 uc
454 3397 560 3454 fidusis
575 3398 610 3453 de
622 3398 677 3453 illis
694 3414 756 3455 esse
774 3404 875 3469 potest,
893 3398 933 3455 sic
961 3398 1036 3465 dicit,
1054 3417 1116 3455 sum
1136 3417 1209 3469 quae
1224 3407 1288 3470 post
1300 3406 1391 3459 notum
1405 3399 1525 3468 simplex
1537 3399 1624 3467 nunt,
1639 3408 1792 3470 propterea

96 3503 149 3543 uec
165 3502 274 3557 semper
293 3484 389 3541 futura
407 3486 452 3540 vel
475 3484 601 3541 absentia
620 3486 725 3551 sidere¹
742 3501 795 3541 nec
809 3486 933 3557 quando·
959 3486 1074 3554 qrooine
1087 3502 1219 3555 peccare,
1242 3504 1326 3555 wem
1348 3502 1422 3556 qum
1444 3486 1614 3555 fornicatur,
1639 3487 1716 3555 quood
1736 3484 1792 3541 tus

95 3589 206 3645 cunque
222 3570 363 3641 volebant,
382 3571 516 3627 mirmulu
532 3572 615 3627 edere
631 3572 785 3644 prophetae
805 3578 934 3643 poterent
959 3589 1019 3628 ecee
1036 3575 1187 3639 edoctum
1205 3574 1373 3627 secandum
1393 3572 1568 3641 inpotentem
1585 3574 1698 3641 reddet,
1723 3572 1791 3625 iaec

98 3667 122 3717 t.
140 3659 209 3731 Reg.
231 3665 256 3726 4,
275 3677 302 3713 v.
320 3664 361 3715 27.
382 3675 415 3712 ac
427 3657 533 3713 Paulus
552 3658 677 3729 exemplo
694 3658 837 3728 juniorum
854 3659 931 3714 vidu-
959 3677 1024 3715 nero
1038 3660 1171 3715 minime!
1188 3659 1299 3731 Ergone
1311 3660 1394 3714 etiam
1406 3658 1595 3713 meretriculae
1604 3657 1791 3730 virginitatem

96 3762 174 3801 arum
204 3752 225 3801 1.
251 3744 323 3799 Tim.
344 3752 367 3814 5,
387 3762 413 3801 v.
436 3751 475 3801 12.
499 3744 628 3811 ostendit,
654 3744 748 3801 multis
769 3762 829 3801 esse
854 3763 931 3802 occa·
944 3806 947 3829 Ι
960 3762 1059 3801 vovere
1070 3745 1206 3818 possunt?
1225 3762 1328 3817 ergone
1339 3745 1474 3810 monialis,
1492 3745 1516 3799 ei
1529 3744 1687 3812 fornicetur,
1697 3750 1792 3799 nmen

95 3832 200 3889 sionem
218 3831 325 3895 ruinae,
342 3831 417 3902 quod
437 3831 497 3887 sine
516 3830 692 3903 diligentiore
709 3831 843 3899 examine,
869 3849 931 3888 cum
959 3832 1052 3888 adhuc
1070 3838 1162 3904 potest
1180 3836 1395 3888 servmevotum
1409 3849 1497 3894 suum,
1516 3831 1597 3886 modo
1609 3848 1664 3887 nou
1683 3828 1791 3887 nubat?

95 3919 197 3974 donum
224 3917 413 3973 continentiae
438 3934 494 3973 non
517 3917 659 3986 haberent,
687 3918 852 3975 viduitatem
879 3918 932 3975 ele·
958 3919 1021 3975 Hac
1039 3919 1145 3974 ratione
1161 3918 1351 3989 intelligimus,
1369 3918 1452 3989 quale
1468 3922 1564 3972 votnm
1582 3923 1725 3987 praestent
1734 3932 1791 3971 mo·

96 4005 197 4078 geriut,
213 4005 290 4060 unde
308 4004 338 4059 in
358 4003 428 4059 illud
447 4004 594 4075 collegium
606 4005 760 4072 viduarum,
779 4005 880 4076 quibus
892 4006 932 4061 ita
959 4005 1040 4060 nachi
1058 4021 1092 4059 ac
1108 4005 1240 4061 moniales
1254 4005 1376 4076 papales,
1390 4003 1522 4060 videlicet
1542 4003 1648 4074 quoda
1661 4003 1791 4075 conjugio

94 4091 271 4160 manendum,
299 4108 354 4145 non
372 4090 434 4145 vult
457 4090 573 4162 allegari
596 4091 650 4145 nisi
673 4092 877 4163 sexagenariae,
902 4092 931 4147 iu
959 4091 1071 4161 quidem
1092 4090 1230 4147 abstinere
1254 4092 1349 4154 velint,
1374 4106 1430 4145 non
1454 4095 1546 4144 autem
1564 4106 1582 4143 a
1598 4088 1789 4147 fornicatione.

98 4196 155 4253 qus
176 4177 342 4249 proiectione
361 4184 453 4233 aetate
478 4177 645 4233 tentationes
668 4176 751 4233 facile
775 4177 930 4246 vincuntur,
958 4176 988 4233 Si
1007 4178 1080 4233 enim
1097 4177 1259 4249 conjuginm
1277 4178 1379 4243 obstat,
1403 4175 1551 4248 quominus
1576 4175 1678 4233 servan
1703 4175 1791 4247 possit

95 4282 131 4322 ne
149 4265 178 4319 in
196 4265 319 4321 ustiones
338 4265 515 4335 degenerent
540 4263 619 4319 Haeo
638 4264 750 4336 quando
763 4265 931 4335 exapostolo
957 4272 1060 4332 votum,
1090 4263 1236 4320 fornicatio
1268 4272 1363 4319 autem
1392 4279 1568 4335 nequaquam
1596 4263 1697 4333 obstat,
1722 4280 1790 4334 quo-

96 4351 251 4407 firmissime
279 4352 507 4418 demonstramus,
534 4349 675 4405 Pontificii
700 4357 840 4423 regeruut,
862 4351 930 4407 iaec
957 4351 1048 4405 miuus
1064 4350 1134 4405 illud
1153 4357 1286 4419 servetur,
1306 4351 1380 4420 quod
1401 4357 1550 4420 utrumque
1568 4349 1677 4405 disertis
1696 4350 1790 4407 verbis

95 4440 191 4495 omnio
209 4439 392 4509 depereunte
411 4455 431 4490 a
446 4444 509 4491 soto
528 4438 681 4492 coelibatus
706 4438 799 4493 odino
824 4438 930 4503 tiberis,
957 4437 1140 4493 Bellarminue
1160 4437 1267 4502 asserit,
1286 4454 1457 4508 consequens
1476 4435 1568 4501 fuerit¹
1587 4436 1791 4493 matrimonium

95 4544 152 4582 non
169 4533 261 4580 eutem
274 4527 311 4579 de
327 4524 426 4579 coticis
437 4524 580 4577 nonestis
596 4542 631 4578 ac
644 4524 812 4581 monialibus
828 4526 930 4581 intelli-
959 4524 1076 4597 quidem,
1095 4542 1149 4579 non
1160 4532 1253 4580 tamen
1270 4524 1479 4580 fornicationem
1496 4541 1560 4579 cum
1571 4523 1619 4579 illo
1637 4530 1702 4583 voto
1720 4541 1791 4596 pug-

93 4615 186 4683 qenda
214 4627 282 4669 csse.
316 4609 405 4681 Atqui
432 4610 485 4665 hac
501 4609 607 4665 renone
632 4614 733 4681 petunt
755 4611 930 4682 principium,
957 4629 1030 4669 nare.
1064 4616 1088 4666 t.
1112 4612 1154 4665 Ei
1175 4629 1247 4680 quac
1272 4612 1363 4665 sirum
1389 4612 1480 4679 labet,
1505 4620 1532 4667 et
1555 4611 1612 4665 sies
1637 4612 1715 4681 qnod
1742 4612 1792 4666 ills

94 4699 125 4753 id
142 4697 233 4769 ipsum
249 4696 322 4755 onim
343 4697 372 4751 in
394 4695 556 4767 quaestione
584 4703 635 4765 est,
659 4713 697 4752 an
714 4697 821 4754 scilicet
837 4708 929 4753 votum
957 4708 1093 4769 perpetuo
1112 4706 1229 4767 eupsetet,
1246 4700 1305 4753 sice
1317 4706 1455 4769 perpenso
1474 4698 1556 4761 nteit,
1573 4716 1629 4753 non
1644 4705 1736 4769 potest
1754 4699 1790 4753 ui

95 4784 248 4841 coelibatus
268 4784 304 4837 sit
320 4781 542 4854 approbandum,
560 4799 625 4837 cum
644 4783 796 4838 doctrinam
816 4784 851 4839 de
869 4801 929 4839 coe·
957 4802 989 4840 co
1021 4784 1142 4841 &ntum
1172 4784 1323 4855 coniugale
1350 4792 1457 4855 petere,
1485 4783 1596 4843 ammei
1623 4785 1791 4853 pronissime

94 4871 182 4927 libatu
207 4868 349 4941 apostolus
375 4869 415 4923 ita
439 4869 541 4937 tradet,
567 4875 599 4924 ut
617 4869 721 4923 nemini
744 4885 794 4940 per
813 4886 874 4925 eam
890 4871 930 4927 la·
956 4880 1065 4939 oretur,
1091 4889 1146 4927 non
1173 4876 1267 4939 potest
1293 4870 1359 4935 dici,
1383 4871 1410 4925 ei
1428 4888 1484 4925 non
1501 4887 1530 4924 ee
1547 4870 1676 4939 continet,
1695 4870 1791 4939 natm,

95 4973 198 5028 qneum
215 4956 349 5027 injectum
366 4954 441 5023 velit,
466 4970 586 5026 cumque
609 4953 766 5011 libertatem
791 4955 868 5012 illum
895 4973 928 5011 ex
956 4959 1055 5017 melius
1073 4965 1114 5012 cet
1130 4958 1202 5011 enim
1221 4957 1323 5011 nubere
1340 4975 1425 5026 quom
1442 4956 1497 5023 nri,
1515 4956 1569 5011 sed
1587 4956 1738 5013 dicendane
1749 4964 1790 5011 set

92 5043 262 5115 praescripto
292 5040 410 5111 apostoli
438 5039 558 5097 coelibes
588 5040 642 5096 sibi
671 5057 781 5097 semare
809 5042 930 5099 debeant
955 5046 1010 5113 sili,
1029 5051 1060 5099 nt
1076 5045 1161 5109 fidem
1177 5051 1264 5099 servet
1283 5044 1400 5114 coniugi
1421 5050 1448 5097 ct
1465 5042 1637 5099 motionibus
1660 5060 1696 5097 sc
1711 5044 1790 5113 jeju·

93 5130 240 5201 integram,
264 5126 363 5198 quodsi
386 5127 526 5183 continere
550 5133 699 5199 nequeant,
725 5129 928 5185 matrimonium
954 5131 1010 5185 nise
1022 5138 1128 5200 paqnet
1148 5137 1247 5183 contra
1263 5129 1406 5185 uetnnem.
1430 5130 1511 5199 Ergo
1525 5130 1633 5198 stiltiq
1646 5130 1790 5203 qnifidcn

92 5214 256 5271 contrahere
286 5212 401 5285 possint
436 5212 602 5268 &uferatur
630 5220 723 5271 autem
755 5214 824 5270 haec
848 5217 929 5271 tertia
955 5220 1020 5272 Deo
1039 5219 1187 5284 dedernot,
1205 5216 1256 5270 hoc
1273 5217 1332 5271 dici
1350 5216 1455 5286 repsit.
1484 5215 1708 5286 Respondemus:
1726 5214 1789 5271 Die·

92 5300 256 5358 Bellarmini
272 5299 489 5371 responsionum
506 5298 604 5371 prima,
622 5299 651 5354 in
671 5317 727 5370 qna
744 5300 775 5355 ni
795 5302 843 5355 nri
853 5303 928 5357 acci-
954 5303 1100 5374 paritatem
1131 5301 1245 5359 rationis
1278 5301 1448 5359 ostendimus
1478 5303 1612 5374 superius.
1648 5300 1788 5371 Conjuges

95 5387 227 5459 piendum
239 5404 299 5442 esee
311 5388 407 5443 docuit
418 5403 469 5458 pro
480 5386 632 5453 fornicari,
644 5401 677 5441 ex
690 5402 745 5457 quo
756 5403 926 5458 consequens
954 5389 1052 5443 vivunt
1080 5388 1110 5444 in
1138 5394 1213 5444 statu
1230 5405 1249 5443 a
1274 5386 1335 5442 Deo
1362 5388 1497 5455 ordinato,
1525 5389 1642 5459 ideoque
1669 5403 1703 5443 ex
1730 5384 1787 5443 fide

88 5473 182 5545 inerit,
211 5473 287 5543 illos,
319 5474 367 5546 qui
392 5480 486 5530 votum
517 5472 700 5529 continentiae
719 5472 924 5544 praestiterunt,
952 5481 1047 5548 petere
1063 5480 1181 5547 possunt
1201 5472 1405 5542 continentium,
1428 5474 1577 5531 ostendant
1603 5472 1675 5529 idem
1702 5468 1787 5531 votivi
1815 5484 1875 5648 ι
