4020 6022
238 304 277 359 st
817 297 939 355 Locus
955 294 1159 354 wensinus
1177 295 1347 361 QUINTUS

196 454 200 462 ‘
237 450 315 506 deest
327 453 460 523 justitia,
486 453 552 525 quia
570 453 644 524 quod
659 453 766 524 juravit
783 452 857 508 filius
875 453 920 508 vel
939 451 1005 521 tilia,
1025 456 1068 506 est
1096 467 1130 502 aa
1154 451 1355 521 instrumentis,
1382 453 1478 506 asabis
1504 452 1634 519 arenam
1658 451 1732 505 datie
1760 458 1787 503 et
1805 451 1933 506 marisia

236 537 370 607 injustum
395 546 423 594 et
450 539 583 594 illicitum.
631 538 726 593 Tertio
745 539 825 607 juris
849 538 948 593 ciuilis.
984 538 1069 591 Jura·
1094 537 1261 606 sponsalitia
1282 539 1432 606 instmete,
1468 537 1516 592 ubi
1535 537 1700 606 notandum,
1720 537 1805 605 {citra
1825 536 1933 592 isthaec

236 631 357 678 mentum
398 631 493 679 eontra
533 630 652 680 mentem
688 625 731 679 vel
771 626 798 679 in
835 623 961 681 fraudem
998 624 1076 695 legis
1095 623 1200 686 omnia,
1225 624 1336 679 tabulas
1352 631 1433 695 puta,
1462 623 1570 688 arrhas,
1597 624 1753 679 cenuvium
1777 630 1830 678 etc.
1848 640 1932 696 spon·

237 711 399 778 praestitum
419 719 460 765 est
478 710 538 780 ipso
552 711 616 780 jure
641 712 762 780 nullum,
787 710 807 768 l.
832 728 888 766 non
907 711 1022 766 dubium
1040 709 1070 762 in
1096 709 1164 763 salia
1183 709 1334 766 subsistere
1353 727 1441 782 posse,
1460 728 1523 766 oum
1544 710 1632 780 ipsam
1646 709 1849 781 sponsaliorum
1867 708 1933 763 suh·

237 794 283 851 liu.
302 795 332 850 C.
352 796 481 867 delegib.
517 797 572 852 Sed
590 796 864 869 illudjuramentum
882 796 932 852 tilii
949 803 977 852 et
995 796 1069 851 filiae
1096 795 1226 849 stantiam
1249 814 1304 850 non
1333 797 1481 868 attingant.
1519 796 1621 850 Paulus
1642 795 1660 849 l.
1685 796 1715 850 in
1735 795 1886 866 sponsalib.
1909 802 1933 875 7.

237 888 280 935 est
297 889 393 936 contra
417 887 537 936 mentem
556 882 626 952 legis
656 882 780 947 divinae,
806 884 895 937 cirilis
915 890 943 938 et
959 882 1069 954 provin·
1096 880 1585 952 ff.desponsnl.:1nsp0neattoas
1608 882 1679 936 nibet
1695 883 1817 950 interest,
1836 889 1933 935 atnam

143 1003 145 1007 .
237 967 326 1035 cisiis,
361 984 431 1039 quae
461 968 490 1021 in
520 970 595 1022 omni
629 986 697 1024 casu
726 987 890 1025 consensum
924 975 1069 1040 parentum
1095 969 1205 1021 testatio
1240 969 1450 1038 interponatur,
1489 987 1526 1021 an
1559 969 1665 1037 aliqsa‘s
1698 968 1759 1022 nne
1788 968 1933 1038 scriptura

236 1054 359 1125 requirit.
391 1055 543 1110 Annullato
562 1071 697 1111 consensu
712 1057 901 1127 juramentum
920 1056 1070 1112 nonhabet
1095 1056 1241 1122 spondeat.
1260 1054 1329 1109 Inde
1340 1054 1481 1125 sponsalia
1492 1055 1629 1126 quaedam
1639 1054 1770 1109 dicuutur
1779 1055 1933 1124 simplicia,

235 1139 446 1195 fundamentum
464 1142 500 1196 de
515 1142 594 1211 jure,
621 1143 688 1212 qaia
708 1144 902 1211 juramentum
929 1161 984 1197 non
1004 1160 1068 1211 sap·
1097 1140 1208 1209 quando
1227 1139 1333 1195 scilicet
1356 1140 1431 1195 nude
1454 1156 1488 1195 ac
1512 1139 1675 1211 simpliciter
1696 1139 1864 1210 promittunt
1880 1140 1933 1195 sibi

231 1227 294 1295 plat
324 1244 498 1290 comensem,
528 1228 544 1282 l
575 1227 620 1282 fin.
646 1227 676 1282 C.
707 1229 744 1283 de
772 1246 835 1285 nou.
865 1247 940 1286 uum.
969 1245 1069 1300 pecun.
1095 1233 1191 1280 mutuo
1220 1243 1336 1296 sponsus
1369 1233 1398 1280 et
1428 1242 1530 1296 sponsa
1565 1225 1678 1297 nuptias
1709 1224 1819 1280 futuras
1855 1226 1934 1279 nulla

236 1312 325 1382 Atqui
341 1313 395 1368 hoc
413 1315 472 1369 loeo
490 1331 639 1370 consensus
658 1315 742 1386 plane
762 1316 863 1386 nullus,
883 1315 949 1387 quia
967 1331 1068 1387 paren·
1095 1311 1233 1381 scriptura
1251 1312 1297 1366 vel
1314 1311 1370 1367 alia
1383 1311 1490 1367 solenni
1503 1311 1709 1366 confirmatione
1721 1312 1933 1380 interveniente,

236 1403 294 1452 tum
315 1416 451 1455 consensu
473 1399 637 1455 destituitur.
677 1405 705 1457 2.
729 1403 776 1454 Ea
789 1402 927 1470 paritatis
950 1403 1069 1456 ratane.
1094 1414 1147 1452 nec
1159 1399 1241 1453 arrha
1254 1399 1298 1453 vel
1309 1398 1425 1470 pignore
1437 1398 1640 1462 intercedente,-
1659 1399 1795 1470 quaedam
1806 1401 1933 1466 simma,

236 1483 265 1540 Si
288 1485 361 1538 enim
386 1503 441 1539 non
466 1491 531 1539 sunt
554 1491 616 1540 rata
638 1488 778 1557 sponsalia
800 1489 828 1542 in
854 1488 988 1561 gradibus
1006 1487 1068 1559 lege
1095 1500 1167 1554 quae
1191 1486 1236 1540 vel
1255 1485 1429 1540 dexterarum
1454 1487 1642 1556 porrectione,
1667 1485 1712 1540 vel
1743 1486 1861 1553 annulo,
1888 1487 1933 1542 vel

237 1569 332 1626 dimna
343 1570 489 1641 prohibitis
504 1579 652 1643 contracta,
671 1574 779 1629 etiamsi
792 1575 848 1630 sint
856 1577 960 1646 jurata,
972 1575 1069 1646 utique
1095 1570 1160 1625 dote
1176 1570 1287 1626 tabellis
1316 1572 1478 1643 consignata
1503 1572 1620 1643 aliisque
1638 1572 1724 1627 arrhis
1742 1572 1847 1642 passim
1865 1577 1989 1628 con-17·

235 1656 318 1711 etiam
341 1657 480 1726 sponsalia
498 1664 594 1717 conus
615 1659 705 1730 legem
724 1661 760 1716 de
784 1660 953 1717 honorandis
970 1679 1068 1732 paren·
1094 1656 1245 1713 firmantur.
1302 1658 1371 1714 Jure
1411 1659 1536 1714 Romano
1572 1660 1793 1713 contrahentium
1835 1659 1933 1712 ascalo

235 1741 309 1796 tibus
328 1748 471 1799 conhacta
486 1762 543 1799 non
562 1754 643 1800 eruut
659 1754 734 1812 rata,
758 1747 781 1801 si
799 1747 843 1803 vel
860 1748 978 1803 maxime
991 1749 1068 1818 jura·
1096 1744 1247 1799 constituta
1290 1744 1459 1818 quandoque
1502 1744 1590 1800 inisse
1627 1744 1784 1817 sponsalia,
1823 1745 1933 1818 colligi·

236 1834 329 1883 mento
348 1829 404 1883 sint
419 1829 536 1887 firmata.
567 1835 593 1885 3.
609 1835 656 1886 Ea
673 1835 718 1887 rei
729 1836 889 1904 promissae
902 1836 1068 1891 conditione.
1094 1837 1140 1884 tur
1170 1847 1203 1885 ex
1233 1830 1251 1887 l.
1299 1830 1327 1885 Si
1358 1847 1376 1885 a
1401 1845 1511 1901 sponso.
1544 1836 1584 1886 16.
1613 1831 1644 1886 C.
1675 1831 1710 1885 de
1742 1831 1836 1886 donat
1865 1837 1934 1886 ante

236 1913 334 1968 Fidem
352 1915 517 1971 matrimonii
535 1917 602 1974 dare
618 1937 674 1974 nou
692 1927 735 1975 est
752 1921 780 1974 in
798 1926 937 1991 potestate
955 1920 1005 1974 tilii
1023 1921 1067 1976 vel
1094 1925 1172 1986 nupt.

236 1997 318 2067 filiae,
330 2000 353 2054 si
366 2001 472 2071 patriae
483 2004 615 2073 potestati
627 2005 719 2060 adhuc
734 2006 789 2061 sint
804 2007 932 2077 subjecti.
963 2006 1067 2071 Quodsi
1131 2010 1188 2060 151.
1224 2002 1422 2075 Progredimur
1446 2003 1483 2058 ad
1506 2021 1623 2058 caueam
1639 2005 1754 2068 finalem
1776 2005 1931 2075 sponsalio-
1944 2006 2004 2098 fg

236 2102 303 2157 ergo
320 2086 428 2142 fervore
448 2093 476 2143 et
499 2089 592 2145 furore
607 2091 726 2161 juvenili
745 2092 801 2146 talo
819 2092 887 2162 quid
904 2092 1067 2162 promittant
1094 2107 1163 2146 rum.
1209 2088 1328 2157 Causae,
1356 2096 1469 2160 propter
1492 2105 1561 2161 quae
1588 2089 1727 2160 sponsalia
1752 2089 1880 2144 instituta
1904 2098 1932 2145 st
1946 2069 2004 2149 iiim

232 2172 381 2241 juramenti
408 2172 464 2228 fide
487 2173 600 2245 insuper
624 2176 801 2247 interposita,
833 2177 869 2232 de
893 2179 984 2234 alieno
1003 2185 1068 2232 sunt
1093 2175 1260 2242 introducta,
1272 2175 1445 2246 potissimum
1458 2181 1514 2229 tres
1528 2174 1791 2230 animadvertuntur.
1819 2181 1844 2232 1.
1860 2177 1932 2231 Coa·

234 2258 376 2329 liberales,
407 2278 441 2315 aa
470 2263 585 2332 perinde
607 2263 635 2316 id
660 2264 834 2327 babendum,
865 2280 898 2318 ac
925 2265 949 2318 si
972 2265 1068 2335 jurate
1093 2263 1168 2332 inpii
1185 2264 1318 2329 dignitas.
1367 2261 1606 2327 Quemadmodum
1633 2262 1663 2317 in
1681 2263 1856 2318 naturalibus
1874 2281 1931 2318 nou

234 2345 408 2415 promittant,
444 2366 473 2402 se
502 2348 593 2405 aliena
621 2349 695 2405 bona
726 2350 801 2404 t'urto
834 2357 1007 2421 surrepturas
1040 2359 1068 2406 et
1094 2366 1127 2403 ex
1140 2349 1265 2420 quolibet
1285 2348 1316 2402 lit
1335 2348 1493 2420 quodlibet,
1520 2349 1569 2404 sed
1597 2348 1634 2403 ad
1661 2349 1867 2420 generationem
1888 2367 1933 2403 re-

235 2430 316 2487 alteri
341 2450 376 2488 ca
401 2433 514 2489 daturos
537 2453 609 2504 esse,
638 2454 693 2509 quo
718 2436 747 2492 in
771 2453 839 2491 casu
861 2454 941 2492 nemo
960 2437 1067 2508 dixerit,
1094 2434 1242 2507 quiruntur
1256 2435 1393 2509 praeuius
1413 2434 1621 2506 dispositiones,
1639 2434 1678 2488 sic
1696 2434 1802 2505 placuit
1818 2436 1933 2507 majori·

234 2518 271 2571 ad
285 2520 436 2589 juramenti
454 2521 657 2577 observantiam
671 2539 720 2578 eos
733 2521 876 2593 adstringi.
904 2523 963 2578 Nec
976 2529 1068 2593 potest
1093 2522 1160 2590 bus,
1187 2538 1243 2575 non
1262 2537 1296 2575 ex
1318 2520 1461 2592 quibusvis
1483 2520 1711 2576 contrahentibus
1730 2521 1828 2592 quovis
1847 2522 1932 2577 modo

234 2622 284 2677 per
322 2606 377 2661 tale
405 2609 595 2677 juramentum
624 2625 642 2662 a
672 2609 767 2664 liberis
798 2609 961 2680 praestitum
1000 2608 1066 2679 ipsis
1093 2627 1123 2664 se
1145 2607 1316 2674 habentibus
1352 2607 1464 2678 nuptias
1493 2607 1619 2676 confieri,
1658 2608 1707 2661 sed
1737 2626 1788 2678 per
1816 2625 1932 2678 sponsa·

235 2692 396 2761 parentibus
418 2699 551 2764 tanquam
571 2693 659 2748 tertiis
679 2694 762 2763 illud,
788 2695 862 2767 quod
882 2696 948 2765 jure
973 2694 1067 2751 divino
1092 2695 1130 2748 lia
1158 2702 1291 2765 tanquam
1323 2712 1425 2748 cassas
1452 2696 1659 2761 quaestionatae,
1689 2694 1869 2766 deponentes
1895 2714 1932 2748 ae

234 2782 263 2832 et
282 2778 402 2833 humano
422 2778 491 2851 ipsis
509 2780 648 2850 competit,
667 2780 761 2835 invitis
781 2789 810 2836 et
827 2786 938 2851 praeter
956 2782 1068 2853 culpam
1088 2789 1300 2852 praeparantes
1328 2797 1422 2835 eorum
1451 2779 1556 2835 animos
1582 2780 1660 2851 prius
1685 2785 1714 2834 et
1732 2779 1873 2835 conciliari
1901 2789 1933 2836 et

235 2865 328 2934 adimi,
346 2865 364 2922 l.
390 2871 414 2922 3.
434 2865 464 2922 ff.
484 2867 520 2921 ds
532 2867 651 2937 jurejur.
696 2872 720 2923 t.
750 2870 797 2921 Ea
826 2869 945 2923 absurdi
973 2886 1066 2924 canse-
1092 2867 1235 2941 explorari.
1276 2866 1388 2922 Rationi
1407 2865 1480 2921 enim
1503 2874 1532 2925 et
1556 2867 1688 2937 aequitati
1713 2872 1931 2922 consentaneum

139 2947 141 2951 ’
235 2954 352 3008 cutiam.
389 2952 419 3009 Si
439 2953 494 3011 tale
508 2955 697 3024 jurameutum
715 2960 789 3010 esset
806 2954 937 3020 validum,
956 2963 1068 3028 possent
1093 2962 1144 3023 est,
1162 2954 1232 3009 tanti
1250 2953 1383 3008 momenti
1400 2952 1543 3023 negotium
1561 2969 1594 3006 aa
1613 2951 1832 3008 indissolubilem
1851 2953 1930 3008 illam

235 3039 315 3095 liberi
337 3041 446 3110 patriae
471 3040 603 3111 potestati
630 3040 682 3094 bae
699 3042 804 3096 ratione
823 3058 884 3097 sese
904 3042 1073 3121 subtrahere¹
1094 3040 1315 3110 conjunctionem
1335 3055 1390 3093 non
1407 3056 1463 3093 uno
1481 3038 1574 3092 statim
1589 3038 1720 3107 temporie
1733 3039 1858 3108 articulo,
1877 3042 1927 3095 sed

234 3132 264 3181 et
287 3126 364 3197 leges
391 3127 425 3182 de
459 3131 605 3196 parentum
635 3144 771 3182 consensu
805 3128 915 3198 penitus
947 3130 1067 3184 eludere.
1093 3126 1231 3181 distinctis
1245 3125 1416 3196 temporibus
1429 3141 1462 3179 ac
1475 3125 1552 3180 velut
1566 3124 1699 3197 gradibus
1711 3124 1861 3195 perficiat
1874 3125 1930 3181 hoc

233 3213 329 3283 Atque
344 3212 416 3267 hanc
435 3213 608 3276 sententiam,
627 3229 699 3283 quae
716 3213 822 3280 statuit,
841 3215 982 3284 sponsalia
999 3214 1066 3269 libe·
1092 3218 1174 3284 pacto
1202 3213 1296 3282 sponsi
1328 3217 1356 3266 et
1383 3226 1501 3282 sponsae
1531 3211 1614 3266 animi
1644 3211 1722 3281 prius
1747 3211 1932 3267 concilientur

232 3315 325 3352 rorum
345 3300 440 3369 jurata
464 3298 570 3370 absque
592 3306 739 3370 parentum
765 3315 902 3354 consensu
923 3306 1067 3356 matrasta
1094 3316 1177 3371 quam
1195 3314 1310 3367 corpore
1330 3299 1549 3369 conjungantur,
1575 3314 1626 3352 nec
1650 3298 1732 3351 vilem
1751 3298 1853 3352 babeat
1871 3318 1931 3352 ma·

233 3384 346 3438 dissolvi
364 3401 454 3454 posse,
472 3385 745 3455 amplectituretiam
755 3383 894 3439 lantherus
912 3386 1015 3443 inlibr.
1032 3388 1066 3442 de
1093 3385 1165 3438 ritas
1195 3386 1310 3446 datam,
1344 3401 1428 3453 qaam
1457 3384 1613 3452 suspiravit
1644 3401 1763 3452 speram
1796 3385 1931 3443 dietam.

233 3487 308 3526 caus.
332 3469 487 3524 matrimon.
513 3477 542 3524 et
566 3470 614 3523 alii
634 3471 816 3540 Augustanus
837 3471 1002 3527 confessioni
1020 3471 1067 3526 ad·
1094 3487 1118 3526 o.
1139 3471 1309 3524 Insbtutum.
1329 3474 1371 3526 27.
1393 3475 1499 3541 quaest.
1522 3475 1544 3524 2.
1563 3486 1596 3523 ex
1615 3469 1781 3540 Augustino.
1824 3473 1849 3523 2.
1874 3473 1931 3523 Pa·

236 3554 303 3610 dicti
325 3554 446 3627 theologi
471 3571 504 3609 ac
523 3555 723 3625 jurisconsulti.
768 3555 841 3620 Quid
868 3557 904 3610 ad
931 3559 1068 3612 contraria
1096 3557 1170 3611 blica
1189 3557 1328 3610 honestas.
1361 3556 1587 3626 luterjiciendum
1600 3555 1712 3627 aliquod
1729 3561 1840 3626 tempus
1857 3557 1932 3612 inter

234 3648 398 3713 argumenta
434 3640 658 3711 respondendum
698 3640 752 3704 sit,
798 3657 830 3694 ex
869 3642 949 3697 dictis
984 3643 1067 3698 facile
1094 3642 1235 3714 sponsalia
1253 3648 1282 3696 et
1300 3643 1412 3712 nuptias
1433 3642 1583 3711 majoribus
1602 3641 1691 3696 risum
1709 3641 1771 3711 fuit,
1790 3659 1824 3698 ne
1842 3644 1932 3714 stipu-

234 3726 382 3798 oolligitur.
1093 3728 1196 3783 latione
1214 3734 1242 3782 et
1260 3727 1440 3799 promissione
1460 3727 1537 3781 facta
1549 3743 1632 3782 coeco
1650 3735 1734 3799 atque
1752 3728 1849 3784 effreni
1867 3730 1931 3786 libi·

106 3817 127 3858 &
147 3816 221 3866 spon·
272 3818 328 3869 150.
362 3813 490 3885 Reliqua,
509 3828 581 3883 quse
600 3814 635 3865 de
652 3814 749 3874 forma
767 3821 792 3866 et
809 3816 892 3868 mede
910 3815 1067 3883 sponsalio-
1095 3814 1166 3868 dinis
1184 3815 1290 3884 impetu
1308 3814 1441 3884 conjuges
1465 3812 1500 3867 ad
1520 3812 1696 3868 concubitum
1719 3824 1933 3885 prorumperent

107 3869 196 3960 :iiiia-
235 3917 312 3967 ram,
336 3900 459 3970 itemque
493 3898 716 3952 distinctionibus
744 3899 944 3969 sponsaliorum
975 3919 1007 3956 ex
1035 3918 1068 3954 eo
1093 3899 1245 3955 honestatis
1270 3899 1348 3955 obliti
1373 3907 1401 3954 et
1425 3899 1575 3954 bestiarum
1599 3918 1675 3956 more
1703 3901 1825 3956 sensuali
1844 3919 1929 3974 appe·

106 3971 222 4063 fflffi,
236 3986 303 4042 ortis
321 3986 440 4040 dicenda
458 3991 579 4053 restant,
605 3985 718 4039 minoris
744 3991 810 4039 sunt
834 3986 979 4048 momenti,
1006 3985 1068 4041 ideo
1094 3985 1158 4040 titui
1166 3985 1297 4041 obsecuti.
1315 3984 1419 4052 Tobiae
1431 3985 1460 4038 iu
1468 3984 1534 4056 ipsis
1544 3986 1648 4055 nuptiis
1657 3991 1713 4042 tres
1725 3987 1930 4058 primssnoctes

107 4079 186 4164 2⁸¹3ss
235 4072 337 4130 cursim
355 4088 389 4126 ea
411 4087 616 4142 persequemur.
662 4077 685 4126 5.
705 4069 911 4126 Conuahuntur
928 4071 1069 4142 sponsalia
1094 4071 1224 4142 precibus
1242 4071 1437 4142 potiusquam
1456 4072 1579 4143 conjugii
1592 4072 1655 4127 usui
1675 4073 1814 4129 destinare
1830 4077 1930 4132 voluit

106 4136 221 4218 sinii*
234 4160 278 4215 sel
293 4161 368 4212 inter
381 4165 555 4226 praesentes,
574 4157 619 4210 sal
636 4155 707 4210 inter
725 4157 849 4211 mesmes
866 4175 916 4228 per
927 4159 1067 4213 internun·
1093 4158 1164 4213 Tob.
1184 4164 1208 4226 8,
1226 4175 1252 4213 v.
1272 4164 1301 4212 t:
1322 4157 1421 4226 sarpa,
1441 4157 1531 4226 inquit
1550 4158 1654 4214 Tobiae
1673 4158 1709 4212 ad
1730 4176 1877 4228 sponsam,
1904 4170 1931 4214 et

234 4245 302 4301 tium
325 4245 369 4300 vel
390 4243 543 4315 epistolam.
560 4243 579 4297 l.
598 4241 716 4300 Sufficit.
741 4244 805 4298 lin
824 4244 1014 4315 sponsalibus.
1035 4244 1064 4299 ff.
1094 4248 1274 4317 deprecemur
1293 4246 1397 4309 Deam,
1426 4243 1493 4312 qaia
1509 4244 1553 4297 tis
1587 4246 1678 4298 tribisa
1707 4244 1834 4301 nectabere
1867 4249 1930 4302 Deo

233 4331 477 4404 desponsalibus.
510 4328 550 4386 Ut
575 4329 647 4384 enim
665 4329 720 4384 alis
743 4330 870 4401 negotis,
896 4319 936 4386 ita
957 4347 1067 4402 quoque
1088 4332 1252 4402 jungimur,
1278 4328 1361 4382 tertia
1392 4337 1484 4382 anatem
1512 4337 1657 4385 transacta
1678 4339 1757 4384 nocte
1778 4334 1808 4385 in
1832 4343 1933 4388 neura

235 4423 394 4475 oontiactus
413 4415 614 4486 sponsaliorum
639 4432 689 4486 per
711 4415 909 4471 internuntium
929 4418 1065 4488 ejusdem·
1094 4419 1197 4472 erimus
1216 4416 1361 4486 conjugio,
1381 4432 1407 4470 v.
1422 4421 1444 4470 5.
1458 4416 1513 4480 atti
1527 4417 1630 4489 qnippe
1653 4427 1814 4472 sanctorum
1833 4438 1930 4474 summ

234 4523 288 4578 que
305 4504 437 4559 vicariam
464 4502 606 4572 epistolam
632 4503 729 4573 peragi
748 4509 875 4572 possuut;
903 4503 951 4558 ubi
975 4510 1068 4558 tamen
1095 4513 1120 4557 et
1139 4522 1194 4557 non
1208 4519 1358 4572 pessumas
1384 4502 1425 4553 ita
1452 4502 1598 4572 conjungi,
1628 4503 1700 4556 sieut
1716 4512 1823 4572 penta,
1857 4522 1930 4574 qnae

233 4592 391 4666 requiritur,
412 4595 444 4644 ut
462 4605 597 4659 personae
616 4588 745 4643 absentes
760 4588 814 4642 sibi
831 4589 958 4659 invicem,
976 4590 1068 4644 sinon
1095 4591 1227 4659 ignorant
1249 4591 1351 4645 Deam.
1392 4587 1427 4642 In
1443 4586 1552 4642 Graeca
1571 4595 1663 4642 nmen
1682 4589 1803 4645 editione
1822 4590 1930 4647 isthaec

233 4680 269 4734 de
286 4677 373 4745 facie,¹
402 4682 496 4731 umen
516 4675 550 4729 de
568 4673 643 4728 fama
666 4667 838 4738 sint'notae,
867 4682 896 4729 et
927 4693 999 4747 quse
1018 4692 1068 4746 per
1094 4692 1150 4730 non
1170 4674 1316 4731 habentur.
1354 4675 1568 4728 altercantes.
1598 4674 1662 4729 Non
1678 4675 1744 4730 utile
1763 4676 1861 4744 solum,
1879 4678 1928 4734 sed

232 4767 411 4836 proxenetam
422 4767 552 4833 Qunam,
572 4760 617 4815 vel
633 4776 761 4830 expresso
774 4762 923 4817 earundem
936 4763 1068 4816 mandato
1095 4768 1123 4816 et
1140 4760 1325 4816 necessarium
1341 4760 1396 4814 fuit
1414 4761 1511 4828 visum,
1526 4761 1666 4832 sponsalis
1682 4761 1793 4830 nuptias
1811 4779 1929 4833 praece-

233 4856 368 4921 agantur,
392 4847 439 4904 sel
462 4847 499 4902 ab
523 4846 592 4918 ipsis
615 4853 677 4900 rats
700 4845 867 4915 habeantur,
898 4848 997 4904 Genea.
1024 4853 1067 4903 24.
1094 4847 1173 4912 dere,
1192 4853 1229 4916 ,ut
1255 4845 1346 4901 medio
1372 4848 1503 4917 temporis
1528 4846 1673 4902 intervallo
1696 4854 1803 4901 mature
1829 4846 1928 4920 dispici

233 4953 284 5008 per
307 4942 356 4991 tot
391 4941 414 4990 6.
434 4934 511 4989 Inter
531 4939 690 5004 praesentes
708 4931 908 4988 cornabantur
928 4934 1068 5004 sponsalia
1094 4938 1194 5003 posset,
1214 4933 1348 5003 numquid
1365 4932 1436 4988 forte
1453 4934 1499 4998 sit,
1518 4932 1593 5005 quod
1612 4933 1780 4987 matrimonii
1799 4949 1926 4989 consum·

233 5023 278 5080 vel
298 5023 389 5076 sabis
407 5038 441 5076 ex
458 5025 577 5091 ubsque
592 5025 672 5089 parte
689 5018 880 5084 commutatis,
897 5020 941 5073 vel
959 5036 993 5074 ex
1010 5007 1241 5076 uuaimatiouem
1279 5018 1421 5088 impediat.
1479 5021 1541 5086 Quo
1578 5018 1634 5073 fine
1666 5020 1749 5073 etism
1787 5023 1928 5090 sponsalis

231 5108 344 5180 quidem
361 5113 441 5176 parte
459 5105 563 5171 verbis,
592 5122 625 5160 ex
648 5105 736 5159 alters
765 5121 830 5159 vero
845 5105 934 5174 sipnis
953 5094 1226 5160 consen-iecelesiae
1250 5121 1265 5159 e
1285 5111 1419 5176 suggestu
1438 5104 1647 5169 denuntiantur,
1669 5110 1701 5158 ut
1728 5105 1751 5158 si
1770 5106 1838 5176 quid
1857 5106 1929 5163 forte

231 5211 292 5250 sum
313 5190 543 5263 exprimentibus,
563 5197 595 5244 ut
613 5191 637 5243 si
656 5190 764 5261 parenti
781 5189 866 5244 filiam
883 5190 1066 5259 despondenti
1078 5177 1081 5212 ³
1092 5189 1216 5247 occultae
1236 5205 1338 5246 causae
1356 5192 1449 5259 lateat,
1469 5198 1582 5261 propter
1601 5192 1675 5261 quod
1693 5190 1851 5247 inchoatum
1863 5211 1928 5249 con-

231 5281 293 5352 ipsa
309 5295 440 5351 praesens
460 5278 542 5345 adsit,
560 5295 615 5331 non
635 5277 817 5344 contradicat,
837 5275 886 5354 sed
906 5277 935 5329 in
955 5276 1064 5346 signum
1088 5277 1200 5347 jugium
1220 5277 1404 5332 consummari
1423 5293 1478 5330 non
1497 5274 1605 5345 debeat,
1624 5277 1692 5331 illud
1711 5277 1739 5330 in
1759 5278 1851 5334 lucem
1863 5297 1927 5350 pro-

231 5383 380 5423 consensus
399 5366 524 5421 denham
542 5363 683 5434 praebeat,
702 5363 835 5419 annulum
853 5363 977 5439 recipiat,
994 5363 1065 5421 Tob.
1078 5367 1080 5439 fl
1093 5363 1219 5419 ducatur.
1262 5364 1315 5416 Ubi
1333 5365 1427 5433 majas
1447 5361 1620 5432 periculam,
1639 5363 1679 5416 ibi
1693 5365 1811 5432 plenitas
1828 5383 1926 5420 consa·

232 5462 258 5523 7,
276 5471 302 5506 r.
322 5460 360 5509 15.
386 5458 439 5507 etc.
479 5457 502 5507 7.
528 5449 736 5505 Contrahuntur
759 5450 899 5521 sponsalia
920 5449 965 5504 rel
983 5451 1219 5540 nadisllendam,
1238 5448 1329 5520 inquit
1346 5448 1523 5504 Innocentius
1548 5455 1571 5503 t.
1597 5466 1621 5504 c.
1640 5455 1664 5504 3.
1687 5450 1722 5503 de
1748 5450 1828 5509 elect.
1852 5453 1883 5507 in
1904 5459 1927 5507 6.

231 5558 266 5596 aa
289 5540 463 5610 simplicitas
485 5538 591 5606 antu,
617 5537 664 5591 vel
689 5536 804 5605 scriptis
825 5537 942 5605 insuper
958 5536 1052 5590 sanas·
1076 5537 1216 5606 *lamque
1237 5541 1271 5589 ut
1293 5549 1411 5605 sponsus
1433 5533 1544 5605 ingenio
1569 5540 1598 5590 et
1615 5535 1738 5590 moribus
1754 5536 1815 5606 ejus
1832 5555 1927 5594 assus·
