4020 6022
200 252 263 311 att
778 236 903 298 mooe
920 236 1126 298 victamne
1144 237 1314 306 QUINTUS

198 398 229 452 in
256 396 376 469 epistola
405 395 443 450 ad
470 393 589 450 Paulam
619 394 655 448 de
681 391 761 448 obitu
792 392 924 449 Blesillae
958 392 1032 448 filiae
1063 393 1193 460 coelibis,
1213 412 1297 467 quam
1315 394 1460 467 conjugati
1482 393 1513 449 in
1530 410 1564 449 eo
1581 394 1696 463 constit,
1727 398 1805 465 quod
1823 398 1905 451 Deus

199 483 329 539 dixisset:
361 482 491 537 Secundo
509 481 717 549 quodammodo
736 478 869 548 baptirmi
881 481 1035 549 preposito
1057 480 1203 548 justitiam
1228 482 1349 551 imputat
1373 482 1433 535 aiae
1458 480 1588 549 operibus
1610 479 1690 535 Rom.
1711 488 1745 549 t,
1771 499 1798 536 r.
1819 485 1847 539 o.
1871 495 1905 535 sc

200 586 230 624 ιι
255 570 342 639 taut,
374 568 440 622 lieet
465 566 502 622 de
518 565 660 637 proposito
683 565 881 636 interpretetur
905 571 935 621 et
950 565 1038 620 addat
1064 569 1122 620 tam
1159 565 1296 622 coelibum
1334 584 1418 637 quam
1448 565 1660 637 conjugatorum
1688 569 1820 637 respectu
1846 566 1906 619 uita
1967 582 1977 595 -

201 656 426 727 quodammodo,
465 668 499 707 aa
524 652 561 706 de
590 650 751 722 huJ‘usmodi
788 649 950 722 hyperbolis
978 651 1037 720 ipse
1065 658 1181 706 actem
1206 661 1248 707 ιιι
1264 649 1392 728 χάρισμα
1417 656 1467 706 τοῦ
1496 654 1566 705 θεοῦ
1589 651 1905 723 corrumpimur,

202 740 293 798 dicat:
310 740 490 795 Rhetoricoti
505 756 599 793 mmue
617 746 642 793 st
660 738 776 807 aliquid
787 736 1039 792 declamationibue
1064 755 1092 792 v.
1110 743 1152 794 23.
1188 739 1218 792 iu
1237 739 1351 794 Chrieto
1379 755 1445 793 uero
1474 745 1505 792 at
1534 755 1592 792 mom
1623 747 1664 793 ιιι
1693 740 1826 793 Judaeuo
1854 755 1905 792 ιιι

201 829 349 896 dedimus,
379 826 483 898 posteri
501 832 594 881 tamen
611 825 727 880 eandem
744 823 864 896 gratiam
875 822 1038 893 professioni
1070 822 1205 895 Graecru,
1222 841 1273 879 uec
1290 842 1395 888 eamus,
1411 841 1460 878 uec
1480 824 1561 890 liter,
1577 842 1628 879 ccc
1639 843 1709 892 mar,
1727 825 1905 893 uaesaniae

201 914 355 971 coelibatus
381 914 410 967 in
437 913 496 966 vita
520 911 674 967 monastica
703 911 922 980 rescripserunt,
954 926 1038 980 quam
1067 909 1158 966 Galat
1178 915 1203 979 3,
1218 929 1244 966 v.
1264 916 1305 968 28.
1325 910 1367 965 sic
1386 927 1438 966 nec
1457 910 1544 981 virgo,
1562 927 1614 967 nec
1631 912 1763 981 conjunx,
1779 926 1814 965 ac
1827 910 1906 965 nulla

206 1000 351 1070 Scriptum
378 998 517 1069 baptismo
542 997 648 1055 tribuit.
694 997 732 1051 Et
758 995 884 1068 quamvis
903 994 1039 1050 Bernhar·
1066 995 1113 1051 hic
1130 1000 1353 1073 npoauuotqptu
1370 996 1429 1051 sive
1446 995 1594 1066 coelibum,
1612 996 1672 1051 sive
1689 998 1906 1069 conjugatorum

205 1085 271 1155 dns,
302 1084 350 1156 qui
374 1088 417 1153 (ut
435 1082 612 1138 Chemnicius
637 1082 673 1138 de
689 1083 750 1153 ipso
774 1081 907 1152 loquitur)
927 1081 1042 1150 aliquid
1068 1083 1132 1138 Act.
1156 1088 1201 1152 to,
1231 1102 1257 1139 v.
1278 1087 1319 1139 34.
1354 1081 1457 1153 Ephes.
1478 1086 1508 1147 t,
1535 1099 1562 1138 v.
1581 1089 1606 1140 9.
1656 1081 1837 1138 Ostendimus
1856 1100 1906 1137 suo

204 1172 279 1227 lucie
295 1171 393 1224 tabuit
413 1170 444 1224 iu
462 1169 819 1240 orticrtlojuetiflcatiouic,
839 1168 1040 1239 mitigationem
1067 1168 1137 1233 loco,
1155 1186 1191 1224 ne
1208 1168 1263 1222 illis
1283 1168 1395 1240 quidem
1414 1168 1560 1239 operibus,
1579 1184 1652 1240 quae
1669 1167 1743 1223 fiunt
1759 1186 1777 1223 a
1794 1169 1906 1235 renatis,

203 1258 327 1329 aliquam
349 1254 424 1310 illius
446 1255 602 1311 sententiae
620 1254 783 1325 quaesierit,
815 1254 927 1326 quando
945 1255 975 1309 in
993 1253 1040 1307 lib.
1063 1256 1147 1325 juxta
1159 1273 1282 1311 normam
1297 1255 1369 1326 legis
1386 1254 1496 1310 divinae
1508 1254 1581 1310 hanc
1596 1254 1706 1311 laudem
1717 1253 1804 1309 tribui
1817 1271 1906 1325 posse,

202 1343 239 1401 de
267 1348 407 1413 praecept.
435 1348 464 1397 at
488 1341 608 1412 dispens.
634 1341 747 1396 scribit:
778 1341 891 1395 Audire
912 1341 997 1394 cultris
1022 1358 1040 1392 o
1066 1342 1143 1412 quod
1165 1342 1220 1397 sint
1242 1341 1396 1397 satisfactio
1422 1341 1611 1413 propeccatis
1631 1347 1661 1396 et
1684 1340 1816 1396 meritum
1832 1341 1907 1397 vitae

84 1454 189 1500 mu
202 1446 263 1499 ιιι,
292 1430 369 1483 uada
398 1428 472 1482 iuter
500 1427 692 1498 poeniteutiae
722 1427 850 1481 instituta
884 1427 1041 1482 manuatim
1066 1434 1195 1483 aeternae
1217 1427 1328 1498 proprie
1351 1426 1392 1483 sic
1414 1427 1534 1497 dictum;
1567 1433 1673 1498 quanto
1696 1426 1789 1481 minus
1811 1442 1905 1496 super·

204 1516 359 1587 diciplina
376 1514 511 1568 ιιιιιιιιιίι
528 1513 602 1567 hauc
614 1515 860 1583 prasropatioam,
889 1521 921 1568 ut
947 1531 1041 1568 ιιιιι-
1067 1513 1190 1579 stitioso,
1220 1513 1329 1584 impuro
1357 1520 1386 1570 et
1401 1520 1498 1569 coacto
1517 1512 1668 1570 coelibatui
1685 1512 1834 1569 Pontificio
1851 1511 1905 1568 hoc

203 1604 271 1657 dum
297 1601 438 1671 baptisma
460 1601 656 1672 uuumrpaturt
682 1600 807 1654 arbrlror
832 1600 866 1653 οι
880 1601 1041 1670 perfectam
1067 1599 1152 1655 tribui
1172 1600 1293 1671 poterit?
1329 1600 1427 1668 Qualis
1444 1600 1518 1656 enim
1534 1600 1572 1654 sit
1587 1606 1732 1669 tanwpere
1750 1598 1905 1660 celebratus

203 1688 303 1743 muudi
332 1687 568 1742 renuntiationem
602 1694 629 1740 ct
658 1687 819 1755 spiritualis
852 1687 926 1741 uitae
954 1687 1041 1741 secel·
1069 1684 1223 1741 coelibatus
1251 1686 1280 1741 in
1308 1686 1450 1758 plerisque
1474 1685 1613 1757 personis,
1643 1684 1672 1740 iu
1695 1685 1799 1757 vulgus
1821 1685 1905 1740 etiarn

202 1776 339 1844 ieelim,-
372 1779 466 1829 ιιιιιιιι
492 1772 700 1828 Bemhardinus
732 1772 762 1827 in
788 1772 906 1828 Rosano
933 1778 961 1829 et
992 1773 1041 1828 alii
1067 1776 1164 1827 notum
1193 1778 1251 1843 eet,
1283 1789 1317 1827 ac
1347 1774 1371 1826 si
1399 1773 1444 1827 vel
1471 1772 1590 1828 mamma
1616 1772 1654 1827 sit
1680 1770 1854 1826 castissimus
1878 1777 1906 1826 et

203 1858 329 1917 monachi
348 1859 426 1913 illam
441 1858 642 1929 mitigationem
654 1875 711 1914 non
724 1858 871 1929 rccipiunt,
892 1860 942 1915 sed
956 1859 1042 1915 verba
1067 1858 1250 1929 purissimus,
1284 1863 1377 1914 tamen
1393 1858 1477 1929 longe
1496 1858 1594 1913 minus·
1606 1858 1709 1913 donum
1728 1864 1788 1928 eet,
1820 1872 1903 1928 quam

203 1945 253 2000 illa
270 1943 434 2016 simpliciter
453 1945 670 2016 interpretantur
681 1944 716 2000 de
734 1946 932 2015 consequenda
946 1946 1040 2016 plena·
1067 1944 1168 1999 caritas
1189 1951 1210 2000 1.
1230 1944 1292 2000 Cor.
1313 1950 1360 2014 13,
1382 1962 1406 2001 v.
1427 1950 1466 2001 13.
1495 1943 1615 1999 Collatio
1632 1942 1719 2015 igitur
1734 1943 1903 2015 virginitatis

204 2030 248 2086 ria
265 2031 388 2087 omnium
404 2037 583 2101 peccatorum
602 2031 762 2085 remissione
779 2048 830 2101 per
841 2031 1041 2102 professionem
1066 2037 1095 2087 et
1110 2031 1236 2103 conjugii
1254 2048 1310 2086 non
1326 2031 1447 2101 pertinet
1463 2031 1501 2085 ad
1518 2030 1671 2085 articulum
1677 2030 1903 2100 justificationis,

203 2115 358 2173 coelibatus
375 2133 409 2172 ac
425 2117 599 2171 monastices.
638 2116 717 2181 Quae
736 2116 773 2172 ad
791 2117 1038 2173 commendandam
1066 2116 1107 2172 ibi
1134 2117 1208 2173 enim
1231 2117 1302 2172 fides
1326 2117 1356 2171 in
1375 2117 1516 2173 Christum
1542 2117 1672 2187 aequales
1693 2115 1763 2171 facit
1783 2116 1903 2187 ιίιειιιιι

204 2203 394 2274 virginitatem
422 2219 441 2257 a
469 2202 609 2258 retenbus
641 2202 809 2271 afferuntur,
841 2220 875 2258 aa
900 2203 1041 2260 intellecta
1066 2208 1095 2258 et
1120 2204 1298 2275 conjugatos,
1330 2221 1363 2259 ac
1382 2203 1459 2259 Deus
1483 2211 1513 2258 et
1535 2205 1700 2273 conjugatos
1726 2208 1755 2257 et
1781 2201 1901 2273 virgines

203 2289 302 2348 volunt
330 2289 366 2344 de
392 2304 459 2344 vera
486 2288 536 2343 illa
563 2288 736 2360 virginitate,
768 2306 841 2361 quae
864 2288 988 2361 corporis
1012 2297 1041 2346 et
1067 2289 1154 2360 gratis
1169 2290 1307 2359 justificat
1324 2295 1439 2360 propter
1455 2288 1604 2345 Christum.
1639 2291 1667 2343 3.
1687 2287 1793 2341 Mateta
1811 2289 1901 2343 modis

204 2376 290 2431 animi
326 2374 504 2431 sanctitatem
549 2375 755 2446 complectitur,
810 2376 882 2430 sieut
921 2376 1041 2447 Chryso·
1066 2377 1201 2432 altardo.
1237 2375 1317 2440 Quod
1332 2373 1439 2431 Paulus
1458 2374 1552 2430 Galat.
1573 2381 1598 2441 2,
1617 2390 1645 2432 r.
1662 2380 1702 2431 21.
1722 2372 1900 2445 deoperibus

205 2467 311 2518 stemus
337 2461 367 2516 in
393 2460 441 2518 lib.
471 2461 506 2517 de
525 2460 647 2532 virginit.
667 2460 771 2530 inquit:
799 2468 958 2535 Παρθενίας
976 2463 1038 2518 κόσ-
1065 2462 1136 2533 legis
1166 2461 1250 2518 dicit:
1280 2462 1315 2517 ot
1340 2478 1394 2532 per
1425 2463 1514 2531 lepem
1548 2470 1588 2515 cet
1603 2461 1739 2531 justitia,
1775 2460 1900 2515 aarum

203 2569 258 2624 μοι
277 2547 311 2605 οὗ
328 2547 499 2621 superante,
526 2545 596 2601 ἀλλὰ
615 2548 663 2613 τῆς
681 2550 770 2617 ψυχῆς
788 2545 864 2612 ὄιος,
893 2554 922 2603 et
939 2549 1037 2620 Augu·
1065 2549 1157 2618 pratu
1174 2556 1300 2604 mortuae
1318 2556 1367 2617 eet,
1385 2548 1415 2603 id
1433 2547 1587 2621 justissime
1605 2546 1690 2603 etiam
1708 2547 1744 2602 de
1759 2545 1899 2601 coelibatu

204 2635 294 2691 utinm
312 2634 362 2691 lib.
384 2633 418 2689 de
435 2632 556 2704 virginit
574 2649 598 2688 c.
612 2638 642 2688 8:
661 2632 750 2686 Nemo
764 2634 936 2705 pudicitiam
947 2641 1039 2688 uersat
1066 2636 1122 2692 dici
1138 2641 1236 2706 potest
1276 2635 1306 2691 si
1324 2635 1476 2691 coelibatus
1493 2639 1537 2690 est
1549 2633 1703 2690 satisfactio
1720 2638 1899 2704 peccatorum

203 2722 236 2776 is
252 2737 385 2792 corpore,
414 2720 472 2774 uiti
488 2720 592 2789 spiritu
604 2719 689 2789 priua
707 2720 794 2773 imita
811 2721 941 2776 castitate
946 2743 957 2790 ,·
989 2722 1039 2776 sed
1066 2728 1094 2777 et
1113 2723 1241 2778 meritum
1258 2722 1332 2778 ritae
1348 2727 1493 2792 aeternae,
1525 2720 1651 2777 Christus
1669 2719 1758 2793 gratis
1776 2726 1899 2777 moturus

203 2808 309 2879 posteri
335 2807 453 2862 laudant
479 2805 648 2863 coelibatum
674 2804 759 2861 etiam
776 2807 881 2862 inillis
906 2809 1040 2879 personis,
1066 2812 1115 2865 est.
1160 2808 1191 2864 Si
1215 2808 1369 2865 coelibatus
1393 2815 1436 2865 est
1458 2825 1509 2879 per
1531 2825 1562 2864 ιι
1586 2806 1679 2863 cultus
1696 2805 1806 2863 Dei.et
1820 2805 1898 2861 satis
1912 2807 1985 2855 titt

151 2908 154 2915 ·
205 2910 278 2967 quae
296 2893 421 2949 ustiones
440 2893 577 2962 cendunt,
607 2909 679 2964 quae
696 2898 832 2964 perpetuo
851 2895 974 2965 conjugii
993 2895 1039 2950 de·
1065 2894 1151 2951 factio
1174 2911 1226 2964 pro
1251 2893 1387 2965 moestis,
1417 2909 1485 2966 ergo
1502 2893 1586 2948 etiam
1603 2892 1707 2948 ethnici
1731 2892 1825 2949 cultos
1840 2890 1900 2947 Deo

204 2980 305 3037 sidarm
323 2979 446 3053 flagrant
463 2986 492 3036 et
508 2986 604 3035 coacte
620 2980 743 3052 virgines
757 2987 831 3037 sunt.
1066 2987 1161 3052 gratos
1177 2984 1320 3051 praestare
1338 2986 1367 3036 et
1384 2996 1434 3050 pro
1451 2978 1571 3050 peccatis
1589 2978 1647 3034 suis
1666 2995 1700 3034 ex
1715 2983 1796 3051 parte
1823 2976 1899 3033 satis·

240 3073 299 3125 sot.
335 3074 360 3124 ι.
383 3066 550 3139 Cumprimis
577 3082 659 3137 vero,
689 3084 762 3137 quae
784 3068 929 3123 decausis
951 3068 1040 3123 finali-
1067 3066 1162 3122 lacera
1187 3072 1351 3137 potuerunt,
1382 3064 1480 3135 negari
1515 3065 1588 3120 enim
1616 3063 1728 3135 nequit,
1758 3061 1900 3136 virginalis

204 3154 272 3223 bus,
303 3159 418 3225 propter
442 3170 512 3226 quas
540 3153 693 3210 coelibatus
719 3154 850 3226 conjugio
878 3154 1040 3226 praefertur,
1067 3153 1257 3209 continentiae
1275 3152 1398 3207 studium
1418 3151 1504 3208 etiam
1521 3151 1596 3221 apud
1625 3150 1749 3207 ethnicos
1769 3151 1900 3222 viguisse.

205 3256 242 3297 ex
269 3240 396 3311 apostolo
423 3239 581 3309 attulimus,
614 3240 781 3312 opponenda
808 3247 873 3296 sunt
888 3241 1041 3297 Pontificiie
1070 3240 1181 3309 Septem
1198 3240 1353 3308 cirpiuibue
1372 3238 1499 3294 Milesiis
1517 3236 1609 3308 magis
1626 3252 1709 3292 curae
1727 3235 1783 3291 fuit
1795 3235 1898 3306 pudici·

207 3325 390 3391 elamoribus,
422 3328 499 3394 quael
528 3326 684 3381 coelibatus
718 3327 755 3380 eit
793 3344 863 3396 opus
898 3329 1040 3396 meddam
1066 3328 1107 3382 tia
1142 3342 1226 3398 quam
1261 3326 1333 3395 vita3
1379 3325 1503 3385 Claudia
1540 3327 1621 3391 uirpo
1661 3322 1784 3378 Vestalis
1825 3320 1899 3394 apud

207 3412 482 3483 uipersropatiouie‚
510 3427 564 3480 per
581 3414 657 3480 quod
674 3412 836 3480 eooopelica
855 3413 974 3466 remilia
989 3413 1039 3466 im·
1066 3413 1205 3468 Romame
1245 3412 1282 3467 ad
1325 3411 1559 3483 comprobandam
1607 3409 1764 3465 entitatem
1800 3408 1900 3464 dicitnr

203 3498 354 3569 pluuntur,
384 3505 410 3550 et
427 3496 542 3564 air'quid
557 3513 647 3564 supra
666 3504 692 3550 et
709 3498 787 3551 ultra
808 3499 869 3551 Dei
883 3507 1039 3567 praecepta
1067 3497 1179 3569 cingulo
1198 3515 1298 3553 navem
1317 3498 1442 3561 duxisse,
1475 3514 1558 3569 quam
1575 3497 1684 3566 aliquot
1709 3493 1800 3550 millia
1816 3495 1899 3549 homi·

204 3591 382 3655 munietur,
414 3600 469 3651 quo
492 3589 519 3635 et
542 3581 598 3635 rili
622 3589 649 3636 et
671 3582 740 3635 aliis
767 3582 886 3637 coelibes
910 3584 1040 3638 muium
1066 3602 1133 3639 num
1152 3583 1261 3640 trahere
1280 3600 1335 3638 non
1352 3588 1488 3655 poterant.
1540 3581 1670 3653 Denique
1687 3581 1710 3636 si
1730 3580 1899 3638 continentia

204 3671 327 3740 aliquod
346 3668 470 3738 proprie
496 3668 538 3723 ric
566 3667 671 3723 dietum
697 3668 887 3738 acquiereret
907 3688 964 3741 pro
981 3671 1040 3725 auia
1067 3670 1210 3743 virginalis
1233 3676 1277 3725 est
1299 3667 1708 3745 sausfactoriaetmeritoris,
1737 3666 1822 3723 etiam
1837 3684 1898 3723 con·

204 3775 240 3811 ac
259 3757 383 3812 aliam
399 3755 524 3825 pcccatu'a
541 3772 637 3809 coram
654 3755 715 3808 Dei
731 3755 845 3823 judicio
871 3758 1039 3823 scmfaccre
1062 3758 1172 3829 jugium
1197 3772 1247 3811 suo
1269 3756 1366 3822 modo,
1393 3755 1459 3810 licet
1486 3753 1614 3809 inferiora
1632 3753 1732 3825 gradu
1750 3754 1804 3809 erit
1820 3753 1897 3809 satis-

201 3843 327 3914 poariut,
356 3841 402 3897 vel
422 3846 454 3895 ut
472 3839 602 3895 brevibus
621 3844 649 3896 et
665 3840 828 3911 emphaticis
853 3841 922 3897 haec
946 3844 1038 3899 omnia
1064 3843 1211 3899 tectorium
1244 3848 1273 3897 et
1300 3840 1479 3896 meritorium.
1527 3839 1610 3894 Ratio
1642 3839 1820 3895 connexionis
1847 3844 1896 3908 est,

205 3929 305 3986 Petrus
333 3943 351 3982 a
380 3926 447 3982 Soto
477 3925 686 4010 complectitur,
717 3929 794 3995 quoti
824 3930 978 3984 coeliacus
1001 3932 1039 3984 eit
1065 3929 1131 3999 quia
1150 3927 1302 3984 coelibatus
1320 3925 1452 3981 statuitur
1469 3924 1624 3980 meritorius
1652 3933 1681 3980 et
1696 3925 1896 3981 satisfactorias

204 4015 369 4081 satisfactio
393 4021 576 4083 peccatorum
605 4013 730 4067 murima
757 4021 783 4067 ιι
806 4015 937 4069 merium
959 4017 1041 4083 rapui
1065 4019 1180 4085 propter
1203 4013 1368 4068 castitatem.
1408 4011 1508 4082 ¹Atqui
1534 4011 1649 4065 castitas
1672 4026 1728 4066 non
1747 4011 1838 4067 solum
1856 4016 1897 4065 cst

204 4101 359 4166 coelorum,
391 4114 463 4170 quae
494 4097 611 4153 assertio
643 4098 784 4155 haeretica
817 4106 840 4157 t.
875 4103 905 4154 ia
935 4102 1041 4157 Christi
1066 4101 1095 4156 in
1114 4099 1262 4164 coelibatu,
1281 4098 1330 4154 sed
1349 4097 1433 4153 otiam
1450 4097 1480 4152 in
1498 4096 1545 4168 pio
1563 4113 1597 4152 ac
1616 4096 1739 4167 legitimo
1758 4096 1897 4169 conjugio,

204 4187 334 4242 mertam
360 4192 388 4240 et
417 4185 549 4239 bonorem
575 4193 616 4239 eet
639 4180 757 4254 injuria.
807 4186 872 4258 Ipse
897 4188 970 4242 enim
989 4194 1040 4258 est,
1066 4187 1094 4242 in
1113 4187 1161 4241 illo
1179 4185 1307 4257 quidem,
1327 4184 1351 4239 si
1369 4202 1457 4255 purus
1470 4182 1522 4247 sit,
1546 4183 1635 4253 major
1653 4188 1681 4238 et
1697 4183 1832 4254 amplior,
1850 4183 1897 4239 sed

204 4272 255 4343 qui
271 4273 344 4327 delet
361 4270 524 4340 iniquitaten
541 4279 670 4341 nemeae,
702 4289 758 4329 non
780 4278 894 4345 propter
915 4279 1039 4329 nostrum
1067 4289 1121 4327 non
1144 4279 1292 4342 propterea
1308 4271 1337 4325 in
1355 4271 1485 4341 conjugio
1502 4269 1587 4326 nulla
1634 4268 1741 4334 Quodsi
1765 4287 1832 4341 ergo
1846 4269 1897 4324 vir·

204 4358 388 4424 coelibatum,
422 4356 471 4411 sed
488 4365 607 4429 propter
632 4373 662 4412 ιι
678 4359 772 4429 iprum
789 4364 817 4414 et
835 4359 1039 4415 sanctissimum
1066 4359 1168 4431 ginalis
1180 4358 1293 4413 castitas
1305 4365 1378 4413 esset
1391 4356 1532 4411 meritoria
1543 4372 1575 4411 ac
1589 4355 1784 4425 satisfactoria,
1804 4358 1898 4429 utique

204 4462 285 4501 suum
303 4444 432 4500 maritum
452 4443 516 4500 an.
539 4449 586 4514 43,
609 4461 635 4500 ι.
654 4450 696 4500 25.
713 4446 763 4514 qui
780 4447 906 4500 torcular
921 4447 1041 4501 colcuoit
1067 4446 1150 4501 etiam
1170 4444 1335 4515 conjugalis,
1353 4444 1536 4499 licetnonin
1554 4443 1734 4514 peritomen
1751 4444 1780 4498 in
1801 4443 1897 4498 nrinori

204 4530 281 4585 solra
297 4529 362 4587 lisa
386 4535 436 4594 63,
470 4547 497 4584 v.
515 4534 540 4585 3.
559 4530 610 4598 qui
626 4538 752 4584 mortuus
775 4539 816 4585 ιιι
834 4539 956 4603 proprior
974 4548 1039 4602 pec·
1066 4532 1164 4604 gradu.
1199 4529 1378 4601 Consequens
1397 4536 1440 4585 est
1457 4528 1619 4598 absurdum,
1636 4530 1757 4585 necdum
1775 4530 1897 4586 aPonti·

204 4623 271 4670 cata
287 4625 385 4671 uestro
403 4615 483 4673 Rom.
501 4622 533 4679 t,
559 4632 586 4669 v.
605 4620 647 4671 25.
668 4616 751 4685 eujus
768 4618 883 4685 eampum
907 4620 1040 4672 emundat
1065 4618 1135 4673 ficiis
1158 4623 1302 4685 assertum.
1349 4616 1425 4685 Ergo
1451 4621 1480 4670 et
1495 4615 1672 4672 antecedens.
1719 4622 1744 4673 i.
1769 4618 1898 4672 Naturae

204 4718 256 4758 mot
273 4702 309 4754 ab
326 4702 454 4756 omuibus
469 4702 596 4770 peccatis
619 4706 642 4757 1.
661 4699 763 4757 lohan.
794 4708 821 4773 1,
848 4720 872 4760 v.
892 4710 916 4759 7.
934 4705 984 4774 qui
999 4713 1039 4759 ιιι
1067 4705 1220 4759 coelibatus
1241 4702 1383 4771 opposito.
1428 4700 1513 4757 Nulla
1531 4701 1603 4756 dona
1621 4700 1768 4772 specialia,
1792 4702 1851 4758 sive
1868 4708 1900 4756 ιιι

200 4786 373 4858 propitiatio
392 4804 452 4859 pro
477 4787 564 4842 totius
586 4788 686 4842 muudi
708 4789 833 4858 pcccatis
855 4805 879 4846 c.
908 4794 940 4859 2,
970 4808 996 4845 ι.
1014 4796 1038 4846 2.
1066 4790 1218 4860 loquuntur
1235 4786 1400 4843 scholastici
1419 4787 1532 4856 pretias
1550 4787 1642 4856 pratia
1656 4788 1750 4856 dotat,
1771 4788 1834 4844 Deo
1851 4806 1899 4844 nos

205 4874 256 4945 qui
283 4876 480 4943 perpatioaem
504 4881 688 4944 pcccatorum
709 4883 869 4930 amonem
894 4878 970 4942 facit
984 4895 1039 4949 per
1065 4875 1268 4939 commendant,
1286 4873 1336 4928 sed
1349 4874 1440 4943 fides,
1470 4889 1542 4944 quae
1556 4889 1612 4941 per
1629 4873 1777 4927 caritatem
1798 4876 1900 4945 efficat

207 4975 239 5014 ss
258 4959 349 5028 iprum
366 4959 455 5016 Hebr.
478 4965 505 5029 1,
536 4976 561 5016 v.
580 4965 603 5015 3.
621 4960 673 5029 qui
688 4967 730 5013 est
747 4962 859 5015 unicum
879 4960 1041 5037 ἱλαστήριον
1067 4970 1108 5015 eet
1128 4960 1221 5017 Galat.
1242 4967 1266 5025 5,
1286 4976 1313 5014 r.
1332 4965 1357 5018 6.
1406 4960 1447 5015 et
1475 4958 1619 5030 virginitas
1646 4963 1690 5014 est
1713 4960 1772 5016 tale
1799 4961 1899 5016 donum

203 5044 283 5101 aom.
302 5050 327 5112 3,
346 5062 371 5101 v.
389 5051 430 5101 25.
449 5050 479 5100 et
495 5047 524 5100 in
542 5063 598 5117 quo
616 5044 676 5101 solo
694 5062 801 5103 omnem
820 5064 897 5119 spem
913 5049 1040 5118 justitiae
1066 5048 1187 5119 speciale
1218 5053 1239 5103 1.
1267 5046 1329 5101 Cor.
1357 5052 1388 5111 7,
1418 5064 1444 5100 v.
1473 5052 1497 5101 7.
1525 5046 1599 5100 eicut
1624 5062 1740 5114 repuum
1760 5047 1821 5101 Dei
1846 5064 1900 5101 uon

204 5136 235 5189 et
266 5129 362 5184 ιιΙιιιιι
391 5146 484 5185 coram
515 5131 577 5186 Deo
607 5132 688 5189 unice
719 5132 854 5189 habemus
884 5133 1039 5204 repetitam.
1067 5133 1197 5187 comittit
1214 5133 1245 5186 ia
1264 5133 1324 5186 cibo
1344 5140 1370 5186 et
1382 5139 1457 5200 potu
1473 5131 1553 5186 Rom.
1576 5136 1616 5195 14,
1635 5148 1661 5185 v.
1683 5136 1723 5188 17.
1743 5131 1817 5185 ricus
1837 5149 1900 5186 erra

205 5218 234 5272 ι.
255 5214 408 5270 Gratuitae
431 5216 633 5283 judicationi
654 5235 708 5289 per
725 5221 816 5287 fidem
841 5220 871 5273 ia
898 5219 1040 5274 carmem
1066 5235 1122 5274 mou
1138 5220 1312 5273 commendat
1329 5235 1381 5273 aaa
1394 5219 1460 5271 Deo
1482 5224 1503 5274 1.
1515 5215 1578 5273 Cor.
1599 5223 1624 5285 8,
1643 5234 1670 5274 v.
1689 5222 1714 5273 8.
1731 5216 1772 5271 ita
1789 5234 1900 5289 quoque

205 5309 326 5357 ιιιιιιιι
344 5302 478 5357 emersa.
512 5302 576 5359 Non
595 5304 736 5360 coelibatu
754 5321 806 5360 nec
824 5304 972 5376 conjugio,
991 5306 1040 5361 sed
1067 5321 1118 5361 nec
1130 5304 1306 5361 incoelibatu
1320 5321 1370 5360 nec
1382 5303 1411 5359 in
1423 5303 1553 5375 conjugio
1566 5303 1692 5359 consistit
1708 5320 1827 5373 regnum
1837 5303 1900 5370 Dei,

205 5388 297 5461 gratia
314 5387 368 5443 Dei
387 5392 503 5459 propter
521 5388 609 5443 solum
626 5389 728 5446 Christi
746 5391 876 5447 meritum
894 5408 961 5447 vera
985 5391 1040 5448 lide
1067 5408 1119 5447 nec
1130 5391 1276 5463 virginitas
1287 5391 1331 5448 vel
1343 5390 1504 5462 conjugium
1516 5390 1578 5445 Deo
1590 5408 1639 5446 nos
1651 5391 1835 5460 commendat,
1849 5390 1899 5446 sed

202 5475 388 5547 justificamur
406 5481 435 5530 et
452 5472 602 5546 salvamur,
628 5494 662 5531 ac
680 5477 825 5533 beatitudo
843 5477 962 5534 hominis
983 5483 1039 5534 tam
1067 5479 1145 5550 tides,
1162 5479 1263 5535 caritas
1278 5486 1305 5534 et
1316 5477 1508 5533 mandatorum
1527 5479 1683 5535 diuinorum
1695 5478 1854 5535 obedientia
1869 5478 1900 5535 in
