4020 6022
817 336 1092 398 necomitam.
1194 370 1197 379 ·
1733 347 1794 406 45⁸

102 496 143 557 17,
162 509 188 548 v.
208 496 249 548 24.
268 497 297 548 et
327 501 391 564 post
408 494 635 550 resurrectionem
653 494 740 548 utitur
757 493 892 549 naviculis
909 497 938 547 ct
962 499 1005 548 tas
1018 510 1076 548 esse
1086 495 1197 548 mantis
1208 495 1377 560 infidelibus,
1389 502 1419 548 nt
1432 493 1483 564 qui
1492 513 1549 550 non
1566 496 1685 550 madunt
1701 495 1793 564 serbo,

98 575 206 631 retibus
226 582 359 650 tanquam
382 580 440 634 suis
463 578 565 637 iohan.
584 585 634 648 21,
659 599 687 634 v.
713 585 752 636 11.
778 580 937 636 Matthaeus
959 595 1012 647 per
1046 581 1195 634 mationem
1228 582 1464 635 conversationem
1496 581 1556 634 sine
1589 582 1672 635 verbo
1709 582 1795 635 heeri-

97 661 182 716 etiam
200 671 264 734 post
284 666 456 721 vomtioncm
474 666 555 721 domo
573 671 602 722 et
619 665 798 721 facultatibus
823 663 938 720 saisita
957 667 1044 736 fiant,
1071 684 1097 723 r.
1128 672 1154 723 2.
1182 669 1393 721 considerantes
1420 674 1527 722 castam
1557 667 1793 721 conversationem

97 749 201 818 utitur,
226 756 258 804 nt
273 750 302 804 in
320 768 354 806 ea
371 753 528 808 convivium
552 752 671 808 incurrat
684 752 783 809 Matth.
804 758 829 815 a,
849 770 876 808 v.
896 755 936 805 10.
962 770 1060 806 saram
1078 760 1131 809 etc.
1171 759 1195 809 6.
1215 752 1320 818 Quodsi
1344 760 1466 808 extrema
1489 753 1613 824 requirat
1629 754 1788 821 neceuitas,

100 834 242 890 iohannes
267 836 351 891 etiam
378 843 443 909 post
469 838 631 894 crucifixum
659 839 797 894 Christum
819 836 937 891 Mariam
961 848 993 894 ut
1010 841 1048 894 ad
1064 840 1265 911 separationem
1290 841 1383 911 quoad
1407 847 1499 894 torem
1517 847 1543 893 ct
1560 839 1791 894 cohabitationem

96 920 211 976 Domini
220 928 336 978 matrem
345 925 444 996 recipit
455 930 493 987 sle
505 927 537 980 rel
551 926 609 980 iiic
624 926 688 983 Joh.
703 933 742 991 19,
753 945 778 982 v.
790 931 831 980 21.
859 904 948 993 Apo-l
962 925 1159 989 descendatur,
1190 944 1223 981 ea
1253 933 1346 981 umen
1371 941 1427 980 non
1455 925 1539 981 debet
1564 942 1623 980 esse
1648 932 1792 996 perpetua,

97 1007 196 1062 stolica
215 1009 301 1081 igitur
316 1011 434 1067 desertio
447 1014 574 1078 nonfuit
591 1013 734 1067 abdicatio
746 1008 936 1082 proprietatis
961 1012 1011 1067 sed
1030 1012 1233 1082 reconciliatio,
1257 1011 1470 1085 quibuscunque
1495 1009 1555 1066 lieri
1581 1016 1673 1081 potest
1696 1010 1792 1074 modis,

97 1095 221 1148 dominii
240 1104 266 1150 et
283 1115 351 1151 usas
368 1099 547 1164 facultatum,
566 1102 618 1154 sed
639 1100 674 1153 ab
691 1096 935 1152 administratione
960 1099 1102 1154 tentanda
1156 1099 1228 1155 Vide
1258 1098 1429 1154 Mentaerum
1464 1097 1499 1152 de
1531 1097 1643 1168 conjug.
1675 1114 1702 1167 p.
1732 1102 1792 1154 223.

97 1188 127 1233 ⁶⁸
145 1199 197 1234 Μ’
214 1189 278 1236 'W
301 1185 508 1250 “infimius
533 1188 646 1255 wando
670 1185 737 1239 aliis
755 1182 929 1254 apostolicae
961 1194 984 1241 t.
1002 1185 1116 1240 Dictum
1141 1185 1259 1257 apostoli
1281 1185 1317 1240 de
1334 1185 1472 1239 haeretico
1491 1191 1661 1252 posternam
1680 1185 1792 1238 etalte-

97 1269 256 1323 vocationis
268 1270 410 1325 laboribus
425 1274 555 1344 occupati
563 1274 694 1341 suomet,
712 1270 886 1327 Chemnicius
899 1269 929 1323 in
959 1291 1023 1325 ram
1040 1273 1258 1327 admonitionem
1278 1272 1416 1339 sapiendo
1439 1287 1472 1324 ac
1495 1274 1673 1341 praeceptum
1692 1269 1792 1324 Christi

96 1353 185 1412 herm.
209 1372 233 1410 c.
253 1361 294 1413 38.
310 1375 337 1428 p.
355 1364 393 1413 ts.
413 1358 501 1414 multo
516 1359 608 1413 minus
625 1360 759 1431 conjuges
773 1374 838 1412 suas
857 1355 933 1427 peni·
960 1362 995 1414 de
1022 1359 1102 1413 oceo
1137 1358 1348 1412 scandalizante
1375 1358 1498 1412 eruendo
1529 1372 1585 1410 non
1614 1361 1793 1427 opponuntur

96 1445 144 1494 tus
168 1458 187 1495 a
203 1459 233 1497 se
258 1444 453 1515 repudiarunt,
477 1446 543 1517 quia
565 1446 664 1501 Petrus
683 1445 829 1517 conjugem
854 1460 931 1498 suam
960 1444 1084 1500 firmitati
1119 1449 1147 1500 et
1180 1442 1414 1498 indissolubilitati
1441 1441 1607 1496 matrimonii
1633 1457 1666 1495 cx
1698 1440 1793 1496 divim

97 1528 284 1583 circumduxit
306 1537 328 1587 1.
341 1529 402 1595 Cor,
421 1538 445 1596 9,
462 1550 489 1588 v.
499 1539 524 1588 5.
540 1533 585 1586 cui
603 1531 640 1587 ad
658 1532 821 1602 martyrium
837 1535 933 1600 raptae
959 1531 1131 1587 institutione
1166 1529 1359 1599 descendenti,
1390 1545 1441 1582 nec
1472 1528 1642 1598 corporalem
1668 1527 1792 1597 aliquam

97 1613 191 1668 adfuit
213 1631 330 1688 eamque
351 1617 387 1672 sd
414 1618 597 1673 constantiam
626 1617 752 1673 hortatus
778 1623 831 1684 est,
871 1614 931 1670 Cle
958 1618 1165 1689 sejunctionem,
1186 1616 1235 1670 scd
1248 1615 1420 1687 spiritualem
1437 1615 1574 1686 ingemet
1588 1614 1789 1686 separationem

97 1717 176 1755 mens
206 1699 255 1761 lib.
271 1709 296 1756 7.
321 1709 413 1758 strom.
439 1709 497 1760 346.
528 1721 580 1758 nec
606 1703 719 1760 fuerunt
745 1701 931 1774 apostolorum
958 1704 1115 1777 requirunt,
1142 1721 1178 1759 ne
1197 1702 1302 1758 scilicet
1316 1698 1472 1757 haereticae
1490 1701 1631 1756 doctrinae
1648 1717 1790 1755 assensum

97 1803 198 1842 uxores
217 1787 247 1841 in
263 1804 376 1843 numero
394 1806 503 1859 eorum,
522 1806 593 1861 quae
613 1807 631 1845 a
648 1790 758 1846 Christo
775 1790 849 1860 ipsos
868 1803 932 1842 avc·
957 1790 1139 1860 praebeamus
1160 1806 1250 1861 neque
1260 1788 1411 1860 quidquam
1425 1805 1458 1843 ex
1470 1787 1552 1842 rebus
1564 1785 1692 1841 omnibus
1709 1787 1790 1842 nobis

97 1874 210 1938 cabant,
227 1873 290 1930 ideo
308 1875 391 1930 ctiam
409 1877 487 1931 nulla
504 1877 659 1933 desertione
676 1876 729 1932 init
748 1894 826 1948 opus.
861 1872 932 1928 Con·
957 1878 1074 1932 maxime
1092 1877 1163 1932 caris
1181 1877 1291 1931 dunas
1311 1874 1458 1940 vocationi,
1478 1873 1601 1928 veritatis
1620 1871 1791 1928 confessioni

98 1960 143 2015 ier
160 1961 213 2016 loc.
230 1961 266 2017 dc
284 1961 384 2018 minist
404 1961 502 2019 eccles.
524 1959 552 2036 ξ.
571 1968 630 2019 333.
957 1972 985 2018 et
1001 1963 1113 2034 pietatis
1130 1963 1222 2018 studio
1239 1961 1438 2032 praeferamus.

37 2069 40 2095 ι
76 2082 84 2096 ·
134 2052 193 2103 682.
229 2052 254 2102 i.
274 2049 392 2104 Crimen.
428 2048 614 2106 Pontificiide
631 2049 685 2105 hac
711 2047 822 2104 divortii
847 2061 933 2100 causa
991 2056 1049 2106 663.
1086 2053 1111 2105 5.
1136 2050 1214 2103 Vitae
1228 2048 1396 2118 paricidam,
1438 2046 1571 2117 Disputat
1592 2046 1668 2100 Besa
1684 2044 1732 2100 lib.
1754 2043 1820 2108 dea
1834 2050 1902 2108 vri,
1955 2100 1959 2105 ,

99 2134 140 2187 sic
160 2139 300 2200 statuunt,
325 2153 406 2205 posse
423 2137 631 2191 matrimonium
657 2136 784 2201 fideliam
809 2151 932 2188 coruom
957 2137 1053 2191 divort.
1074 2155 1101 2207 p.
1119 2141 1176 2191 261.
1191 2135 1309 2202 fidelem
1325 2135 1362 2188 ab
1378 2134 1490 2203 infideli
1501 2133 1645 2187 discedere
1659 2149 1751 2202 posse,
1763 2131 1791 2186 si
1802 2119 1893 2212 ffiw'

97 2229 204 2274 matum
228 2222 302 2275 solvi
323 2225 419 2291 qrcoad
443 2232 534 2277 eoram
559 2232 585 2278 et
615 2222 846 2277 cohabitationem
873 2218 933 2272 siue
956 2225 990 2278 ob
1016 2223 1152 2277 baeretici
1175 2223 1220 2275 vel
1246 2221 1370 2291 infidelis
1387 2221 1517 2291 conjapis
1541 2219 1789 2290 importunitates,

97 2308 218 2362 alterius
235 2309 364 2379 conjnpis
381 2328 517 2365 consensa
539 2312 573 2364 ob
593 2311 697 2381 triplos
715 2310 828 2363 crimen
865 2307 931 2361 Pri·
954 2312 999 2365 vei
1012 2311 1086 2364 viae
1101 2307 1789 2380 periculamrpsisabsundnm,celcontraceram

95 2413 171 2448 mam
190 2404 231 2449 est
249 2398 433 2468 adulterium,
459 2399 495 2452 de
522 2416 577 2469 qno
599 2398 703 2453 Mattio.
724 2401 750 2452 5.
768 2396 890 2449 secando
906 2393 934 2447 si
956 2398 1120 2465 relipionem
1147 2397 1261 2465 aliquid
1281 2396 1459 2463 faciendam,
1495 2410 1557 2445 cam
1585 2410 1642 2461 pro
1669 2392 1790 2463 paribus

95 2483 170 2536 alter
187 2483 337 2551 conjupam
355 2501 374 2537 a
391 2486 448 2548 fide
467 2485 608 2539 catholica
625 2485 752 2552 recedat,
776 2499 831 2552 quo
856 2481 931 2546 rest·
955 2487 1092 2540 censenda
1110 2483 1180 2552 sint,
1207 2483 1263 2537 sice
1283 2483 1346 2551 qais
1363 2497 1477 2535 amorem
1499 2479 1640 2533 malitiose
1669 2480 1790 2548 dacem,

94 2576 163 2621 rant
183 2570 287 2623 dictum
312 2571 436 2640 apostoli
460 2572 591 2641 pencrale
617 2572 672 2624 Tit.
691 2574 724 2624 3:
750 2568 931 2623 Haereticam
955 2572 1012 2625 sive
1026 2571 1110 2624 minis
1134 2587 1169 2623 ac
1190 2569 1220 2622 ai
1240 2570 1282 2621 ad
1303 2567 1490 2622 idololatriae
1512 2582 1598 2619 sama
1621 2566 1746 2633 copendo
1764 2571 1790 2618 et

95 2654 233 2709 borninsm
252 2664 318 2726 post
342 2675 429 2711 anam
456 2665 539 2727 atque
567 2658 687 2712 aiteram
713 2655 931 2710 admonitionem
956 2658 1029 2710 vitae
1047 2655 1169 2709 insidias
1187 2655 1322 2708 struendo
1348 2669 1409 2706 eam
1427 2670 1446 2704 a
1465 2667 1526 2705 sese
1545 2652 1647 2718 abique.
1686 2649 1791 2705 Contra

95 2743 204 2811 decia,
231 2750 262 2796 nt
280 2751 307 2796 et
324 2744 408 2798 verbo
433 2742 542 2798 Cimbii
557 2745 626 2800 Lac.
646 2747 694 2797 li:
720 2741 754 2797 δι’
778 2743 841 2811 quis
858 2740 932 2794 veui
956 2744 1059 2799 Beaam
1085 2743 1210 2813 disputat
1232 2739 1379 2795 Albericus
1398 2737 1527 2795 Gentilis.
1549 2739 1595 2792 lib.
1614 2744 1638 2793 6.
1657 2739 1692 2792 de
1709 2745 1788 2809 nupt.

94 2830 137 2881 ad
152 2845 195 2882 ms
215 2837 241 2884 et
256 2848 312 2883 non
326 2831 387 2883 odit
405 2848 518 2885 acorem
537 2848 637 2901 msam5
669 2830 788 2899 denique
805 2828 832 2881 si
859 2827 932 2881 aiter
956 2847 1017 2902 cap.
1042 2836 1080 2886 14.
1097 2849 1155 2884 non
1172 2829 1273 2883 debere
1291 2846 1353 2882 eum
1367 2827 1427 2880 dici
1445 2828 1621 2895 desertorem,
1640 2826 1691 2893 qai
1708 2833 1790 2893 copat

94 2916 246 2985 conjapum
263 2918 392 2986 impellat
411 2919 531 2972 alteram
548 2920 590 2971 ad
600 2924 755 2987 peccatam,
769 2916 811 2969 sta
827 2922 859 2968 nt
875 2932 930 2968 non
955 2918 1067 2981 sidetem
1085 2919 1126 2971 ad
1143 2916 1233 2986 impia
1246 2932 1338 2982 saera,
1352 2913 1435 2983 jubet
1446 2912 1539 2984 igitur,
1556 2918 1587 2964 nt
1602 2928 1702 2981 pressa
1716 2929 1790 2981 pars

90 3004 184 3072 possit
204 3003 277 3057 aiter
298 3021 358 3058 cam
377 3021 410 3058 eo
427 3005 488 3058 sine
500 3005 632 3073 periculo
651 3006 744 3058 Deum
766 3001 931 3073 offendendi
955 3005 1093 3059 cantiam
1110 3022 1129 3056 a
1149 3003 1274 3057 Domino
1289 3008 1383 3071 petat,
1410 3007 1459 3052 aut
1476 3001 1504 3053 si
1520 2998 1651 3066 ds‘acedit,
1670 2999 1790 3068 innupta

94 3089 265 3160 cohabitare,
283 3108 337 3161 qao
355 3092 485 3156 referunt
503 3092 609 3145 Mam
626 3090 735 3145 Christi
751 3090 855 3143 Mattls.
874 3091 927 3141 18.-
955 3100 1074 3146 maneat.
1109 3090 1244 3144 Putamus
1260 3087 1314 3143 hoc
1332 3088 1393 3142 loco
1411 3084 1653 3165 distinguendum:
1673 3083 1702 3140 Si
1721 3082 1788 3139 fide·

95 3177 131 3229 Si
160 3177 258 3230 oculas
302 3185 364 3230 tans
407 3178 645 3232 scandalizaverit
682 3185 722 3240 te,
758 3193 824 3230 erese
858 3192 927 3230 eam.
953 3178 988 3235 lis
1000 3177 1105 3232 infideli
1115 3175 1277 3231 cohabitans
1290 3172 1469 3245 magistratus
1486 3170 1619 3226 auxilium
1638 3169 1787 3241 implorare

92 3261 279 3318 Bellarminus
298 3263 334 3318 de
350 3264 460 3319 matrim
479 3282 502 3321 c.
524 3271 564 3321 14.
591 3262 619 3339 ξ.
637 3270 661 3319 5.
703 3262 927 3333 Respondemus:
954 3271 983 3319 et
995 3264 1098 3319 habers
1116 3268 1215 3334 potest,
1234 3266 1329 3316 utatur
1340 3260 1389 3315 illo
1408 3259 1546 3327 remedio,
1562 3257 1605 3311 sin
1624 3272 1689 3312 vero
1701 3255 1787 3328 magi·

97 3355 119 3404 1.
137 3356 252 3420 propter
276 3351 443 3406 adulterium
468 3369 525 3408 non
548 3358 656 3407 mutum
680 3350 772 3422 quoad
789 3354 880 3404 torum
900 3353 928 3404 et
953 3355 1056 3406 amatus
1073 3349 1160 3406 falsae
1179 3345 1309 3420 religioni
1335 3346 1465 3401 addictm
1483 3344 1616 3400 auxilium
1634 3343 1687 3414 ipsi
1706 3343 1787 3398 dene·

92 3436 341 3507 cohabitationem,
369 3439 419 3494 sed
443 3437 527 3492 etiarn
551 3438 644 3510 quoad
670 3437 811 3492 vinculum
830 3435 929 3490 matri·
953 3445 1015 3510 get,
1044 3454 1077 3492 ac
1107 3435 1223 3491 maritum
1243 3433 1381 3490 indefesso
1399 3431 1492 3487 studio
1515 3448 1579 3486 cum
1602 3430 1676 3486 ritae
1704 3431 1787 3486 etism

94 3522 181 3577 monii
202 3523 345 3580 dissolfflo
363 3523 422 3580 fieri
441 3529 546 3597 potest,
560 3530 598 3581 ,ιιι
616 3523 784 3579 ostendimus
802 3522 928 3594 superius
953 3524 1076 3598 periculo
1102 3524 1190 3596 ipsam
1215 3523 1252 3577 ad
1276 3520 1460 3577 idololatriam
1486 3523 1515 3573 et
1539 3517 1709 3590 impietatem
1727 3532 1787 3587 per·

37 3627 79 3672 ren
93 3605 122 3683 ξ.
151 3614 209 3665 563.
235 3617 263 3665 et
288 3629 364 3684 seqq.
413 3617 436 3667 2.
456 3611 529 3678 Quid
566 3612 601 3666 ds
629 3610 804 3681 separatione
833 3613 929 3680 quoad
953 3612 1062 3667 trahere
1081 3610 1196 3676 laboret,
1217 3625 1269 3664 nec
1286 3608 1374 3663 ullum
1393 3605 1446 3677 ipsi
1465 3605 1540 3661 aliud
1559 3611 1689 3677 suppetat
1700 3620 1787 3659 reme·

92 3704 185 3749 torum
202 3704 227 3749 et
245 3697 479 3751 cohabitationem
497 3702 659 3764 statuamus,
678 3696 773 3751 itidem
790 3697 849 3766 jam
862 3702 926 3750 ante
954 3698 1044 3760 dium,
1067 3701 1160 3768 potest
1188 3694 1374 3751 conscientiae
1400 3698 1429 3747 et
1444 3692 1519 3746 vitae
1539 3708 1607 3746 suae
1625 3689 1787 3745 consulendi

91 3783 247 3854 expositum
271 3784 326 3839 fuit
349 3782 377 3857 ξ.
404 3789 462 3840 513.
503 3790 527 3841 3.
544 3783 664 3855 Propter
689 3784 884 3852 infidelitatem
902 3792 927 3837 ct
953 3801 1037 3839 causa
1053 3782 1191 3837 inlocum
1211 3781 1340 3835 tutiorem
1359 3780 1396 3834 ad
1415 3784 1525 3849 tempus
1544 3795 1574 3833 se
1591 3776 1728 3846 recipere,
1747 3775 1787 3832 ita

90 3872 220 3924 haeresin
246 3887 298 3926 nec
323 3872 415 3943 quoad
441 3876 531 3926 torum
555 3878 584 3926 et
601 3870 848 3936 cohabitationem,
875 3886 927 3924 nec
953 3876 1054 3943 tamem
1072 3877 1103 3925 ut
1122 3874 1217 3940 aperte
1235 3873 1365 3933 testetur,
1387 3866 1562 3920 discessionis
1585 3864 1694 3919 initium
1716 3879 1733 3916 a
1756 3879 1786 3918 sc

91 3957 185 4028 quoad
203 3957 344 4013 vmculum
369 3957 498 4014 iacienda
523 3963 566 4014 est
583 3957 733 4028 separatio,
759 3957 783 4011 si
807 3954 926 4012 infidelis
951 3957 1062 4012 minime
1081 3973 1140 4011 esse
1159 3956 1280 4023 factum,
1307 3953 1356 4007 sed
1376 3952 1468 4006 mariti
1487 3951 1698 4022 importunitate
1717 3951 1786 4004 into·

90 4042 168 4098 fideli
192 4043 350 4100 cohabitare
375 4044 545 4114 consentiat,
571 4049 604 4098 ut
632 4060 665 4098 ex
683 4043 828 4098 manifesto
849 4043 923 4098 dicto
951 4044 1059 4100 lerabili
1087 4059 1147 4099 sese
1172 4043 1287 4112 ejectam
1311 4047 1340 4095 ct
1368 4040 1404 4094 sd
1427 4038 1676 4094 reconciliationem
1701 4045 1786 4106 atque

89 4129 209 4201 apostoli
238 4135 258 4186 1.
276 4130 336 4187 Cor.
356 4138 386 4201 7,
414 4149 439 4187 v.
464 4137 503 4187 12.
531 4136 571 4188 13.
600 4138 628 4186 et
651 4130 839 4185 fundamentis
861 4129 923 4184 aliis
949 4131 1070 4187 reditum
1093 4146 1153 4185 esse
1177 4127 1405 4200 promtissimam,
1433 4126 1516 4180 modo
1534 4125 1648 4179 maritus
1665 4124 1739 4179 vitae
1757 4128 1787 4179 et

89 4217 234 4272 docuimus
260 4215 289 4289 ξ.
308 4223 366 4275 396.
413 4225 437 4274 4.
458 4217 536 4272 idem
563 4216 699 4288 judicium
723 4222 782 4271 esto
806 4216 841 4271 de
860 4233 923 4272 con·
950 4217 1135 4274 conscientiae
1153 4215 1226 4270 velit
1253 4230 1366 4284 parcere
1399 4217 1428 4267 et
1455 4211 1564 4283 legibus
1591 4209 1785 4281 conjugalibus

85 4303 166 4374 jugis
191 4303 349 4373 impietate,
373 4319 429 4375 qua
453 4303 571 4358 alterum
594 4303 630 4356 ad
655 4310 802 4374 peccatum
819 4310 923 4374 pertra-
950 4320 1009 4360 aesc
1034 4302 1231 4373 obsequentem
1257 4299 1399 4370 praebere.
1447 4297 1553 4361 Quodsi
1575 4306 1648 4352 vero·
1669 4296 1785 4351 maritus

88 4387 158 4443 here
175 4388 280 4459 nititur,
299 4406 360 4445 eam
379 4390 453 4444 enim
472 4405 527 4460 quo
546 4388 636 4443 minus
656 4406 707 4459 pro
724 4406 790 4444 rere
807 4388 923 4460 legitimi
949 4391 979 4445 iu
1010 4388 1163 4460 pertinacia
1187 4393 1287 4457 pergat
1315 4391 1344 4439 ct
1377 4383 1480 4439 diserte
1499 4388 1627 4448 testetur,
1654 4401 1684 4439 se
1712 4382 1785 4437 nolle

90 4475 203 4531 divortii
225 4493 310 4531 causa
329 4482 520 4546 acceptamus,
544 4475 637 4530 obstat
660 4477 800 4531 casimiro
818 4477 922 4531 locutio
948 4476 1005 4532 ullo
1039 4492 1162 4546 unquam
1199 4479 1322 4543 tempore
1357 4487 1419 4526 cam
1449 4469 1572 4540 recipere
1608 4486 1659 4524 nec
1688 4485 1784 4525 recon-

90 4561 195 4617 Christi
213 4561 324 4619 Mattth.
344 4569 372 4631 5,
394 4580 419 4616 v.
440 4567 482 4617 32.
500 4577 561 4632 cap.
581 4567 627 4634 19,
646 4581 671 4619 v.
692 4569 716 4618 s.
735 4565 793 4617 nebi
811 4565 845 4618 ob
860 4566 923 4630 for·
948 4562 1115 4619 ciliationem
1145 4560 1291 4616 admittere
1324 4575 1376 4612 nec
1395 4574 1413 4612 a
1430 4555 1553 4627 pristinis
1569 4555 1691 4610 moribus
1710 4555 1783 4609 desi-

88 4650 274 4713 nicationem,
300 4649 413 4705 obstant
440 4649 623 4705 fundamenta
651 4650 758 4723 reliqua
788 4668 838 4706 suo
861 4652 922 4707 loco
948 4656 1035 4714 stere,
1070 4646 1186 4702 dubium
1221 4661 1282 4700 esse
1315 4643 1426 4715 nequit,
1463 4642 1531 4714 quin
1559 4659 1610 4712 pro
1646 4640 1783 4696 malitioso

88 4751 141 4807 pro
181 4742 294 4791 nostrae
341 4736 494 4791 sententiae
535 4735 743 4792 confirmatione
792 4737 923 4793 adducta.
949 4738 1089 4792 desertore
1114 4733 1151 4787 sit
1180 4730 1324 4786 habendus
1352 4747 1385 4784 ac
1412 4729 1528 4801 proinde
1553 4728 1678 4783 desertae
1702 4727 1783 4783 aliter

91 4829 116 4876 5.
140 4820 345 4877 consulendum
377 4821 491 4893 quidem
521 4821 677 4887 innocenti,
710 4823 733 4876 si
762 4839 780 4878 a
804 4825 924 4896 conjuge
949 4821 1056 4880 consuli
1073 4819 1169 4891 possit.

88 4913 218 4979 apostata
242 4914 326 4978 atque
352 4907 438 4979 impio
466 4908 503 4963 ad
532 4908 715 4964 deiectionem
736 4909 780 4965 vel
808 4920 924 4982 peccata
985 4915 1043 4966 684.
1080 4910 1105 4964 6.
1127 4905 1278 4960 sentias.
1313 4901 1429 4973 Spurius
1447 4899 1591 4968 Carvilius,
1608 4899 1657 4971 qui
1676 4900 1781 4971 primns
1792 4952 1806 4994 ὓ
1826 4955 1893 4996 mul·

88 4994 258 5062 sohcitetur,
283 5010 338 5048 non
363 5001 457 5049 antem
473 5011 523 5066 per
544 4994 704 5066 disortium,
731 4995 781 5052 sed
800 5015 851 5068 per
867 4998 936 5054 alim
949 4996 1023 5068 apud
1042 4994 1184 5048 Romanos
1209 4989 1357 5044 divortium
1375 4987 1474 5042 iecisse
1492 4985 1635 5051 scribitur,
1658 5003 1780 5057 uxorem,
1794 4984 1854 5049 lites.

88 5080 285 5137 convenientia
301 5097 335 5136 ac
352 5080 476 5153 legitima
497 5081 602 5151 media,
625 5081 755 5137 videlicet
772 5100 822 5154 per
838 5084 921 5141 infor·
948 5101 1010 5140 cum
1037 5097 1095 5153 qua
1121 5079 1225 5150 optime
1249 5075 1303 5130 sibi
1327 5072 1525 5142 conveniebat,
1548 5090 1565 5126 a
1589 5089 1618 5128 se
1639 5073 1780 5130 dimittens

87 5167 238 5223 mationem
257 5183 276 5221 a
291 5165 444 5222 ministerio
461 5167 647 5223 ecclesiastico
658 5169 860 5240 requirendam,
873 5188 924 5242 per
947 5169 1024 5242 apud
1048 5182 1175 5223 censores
1197 5163 1326 5234 jurabat,
1351 5159 1456 5215 ⁸0⁶⁰&
1482 5162 1661 5229 affirmat
1684 5162 1780 5230 italia

88 5253 224 5310 auxilinm
258 5258 286 5308 et
321 5253 516 5309 coircitionem
553 5270 572 5308 a
608 5254 772 5326 magistratu
810 5257 923 5327 politico
949 5275 979 5313 se
1005 5255 1090 5310 aliam
1116 5251 1264 5322 conjugem
1292 5246 1495 5319 quaesiturum,
1526 5244 1633 5301 Gellius
1658 5246 1707 5304 lib.
1738 5253 1780 5317 lt,

1796 4605 1850 4650 m
1863 4608 1910 4650 361.

88 5338 305 5410 implorandam,
323 5357 374 5411 per
390 5357 501 5410 preces,
517 5340 696 5411 patientiam,
715 5342 876 5413 obsequium
896 5350 924 5399 et
948 5360 1010 5413 cap.
1038 5347 1079 5397 21.
1125 5337 1211 5410 Apud
1238 5335 1357 5408 gentiles
1381 5349 1515 5405 perquam
1538 5331 1671 5388 usitatum
1695 5332 1781 5390 imese

88 5425 329 5482 mansuetudinem
347 5426 434 5498 partis
453 5426 606 5481 innocentis
632 5433 683 5481 etc.
706 5426 807 5498 quibus
825 5398 1061 5500 mediisipropter
1081 5425 1254 5481 sterilitatem
1273 5437 1385 5477 uxorem
1404 5418 1564 5489 repudiare,
1588 5418 1729 5489 colligitur
1745 5436 1778 5475 ex

90 5510 309 5567 divinaiaveute
333 5512 424 5584 petia
446 5512 594 5584 plurimum
611 5512 709 5585 pratici
729 5515 839 5583 poterit.
877 5510 936 5577 Sic}
949 5514 1057 5570 Galeno
1076 5511 1125 5568 lib.
1144 5517 1169 5567 5.
1186 5509 1281 5582 aphar.
1302 5524 1371 5563 com.
1392 5511 1433 5561 ss.
1452 5505 1501 5561 ubi
1518 5515 1651 5577 tanquam
1666 5521 1781 5576 genera·

88 5598 193 5655 Petras
212 5605 236 5656 1.
254 5598 335 5670 epist.
355 5604 386 5665 3,
404 5616 430 5657 ι.
452 5605 476 5658 1.
495 5599 582 5667 iubat,
599 5616 700 5656 mores
718 5599 815 5658 fideles
829 5584 936 5658 subdi⁸¹
948 5603 1004 5659 lem
1019 5601 1142 5673 aliquam
1169 5594 1394 5654 consuetudinem
1416 5592 1485 5649 illud
1506 5591 1600 5650 reiert.
1641 5592 1682 5648 At
1704 5593 1782 5650 stari·
