4020 6022
858 339 911 397 na
928 338 1127 400 consumo.
1776 339 1837 411 aas
1964 338 1969 349 '

148 496 184 549 ris
211 499 268 561 fiete
290 496 397 552 (ibitur
417 498 482 555 Job.
509 500 540 553 6:
570 499 659 553 Nemo
686 499 760 554 venit
785 500 827 552 ad
849 513 905 565 sne,
923 495 1227 567 aisilfornicationem3
1249 497 1285 552 de
1313 498 1367 552 illie
1392 497 1464 553 euim
1490 498 1646 568 apostolum
1673 497 1763 569 loqui,
1790 499 1838 572 qui

149 582 240 637 Putes·
259 584 378 636 trocoeit
395 600 465 639 ιιιιιι.
503 585 587 638 Adds'
610 586 681 638 enim
696 584 875 655 potsst,.qus'
888 590 981 652 potest
1006 583 1190 639 continentiae
1222 582 1295 639 dono
1322 584 1461 654 destituti,
1493 584 1683 641 fornicationis
1715 584 1839 656 periculo

146 668 239 723 sesae
268 670 373 739 vacht,
411 672 445 725 id
473 678 512 726 est
543 672 593 742 qui
623 673 759 740 trabitur,
794 671 900 735 υιιιίαι,
932 669 982 738 qai
1006 671 1122 742 expositi
1138 676 1211 742 suut,
1229 672 1341 727 dextra
1358 673 1519 745 conjugium
1536 673 1642 739 vivunt,
1661 672 1837 729 manifestum

146 759 239 808 omem
255 772 312 810 nos
327 755 458 825 balaac,
478 764 545 821 oret,
564 764 595 810 at
607 758 743 813 arolam.
776 757 906 811 &cundo
921 755 982 808 dici
991 758 994 831 l
1006 763 1048 812 cst
1067 777 1098 812 ex
1117 774 1195 831 seqq.
1214 764 1242 815 et
1260 776 1293 815 ex
1310 759 1406 815 addita
1425 760 1556 831 pericopa
1567 758 1615 813 διὰ
1632 759 1680 821 nlo
1697 764 1836 831 πορνείας.

143 847 250 910 potest,
282 842 355 896 banc
384 842 476 897 locam
502 844 604 898 babere
630 846 745 898 eandem
778 861 887 898 ιιιιιιιιιι
918 846 1028 909 comit.
1043 861 1069 898 r.
1083 851 1107 901 5.
1122 845 1156 900 de
1175 845 1341 918 conjugibus
1360 846 1440 901 dicit:
1459 847 1710 911 Notitet‘raadara
1728 863 1776 902 uos
1794 847 1837 900 is·
1897 854 1903 863 '

146 925 199 980 silo
218 929 321 985 Mattb.
341 932 393 983 13:
421 928 476 992 Qui
491 930 572 984 boba
588 940 677 985 ‘amsa
696 931 847 999 αιιιίἰιιιάί,
871 912 1101 1001 αιιάἰα1,1ιιιίιιιι,
1119 933 1177 987 nisi
1191 939 1267 999 forte
1284 952 1317 989 ec
1336 952 1471 989 comeare
1491 934 1838 1004 obtemperantem&
1942 990 1945 1001 ,

146 1018 178 1064 at
194 1012 232 1066 ss't
246 1029 351 1085 seam,
369 1016 419 1086 qai
435 1016 517 1070 babet
534 1024 649 1072 meatem
669 1024 695 1071 ct
708 1017 852 1086 judiciam
872 1033 980 1079 sanam,
1007 1020 1134 1073 orationi
1151 1028 1176 1074 at
1182 1021 1297 1091 jejunio
1310 1029 1337 1075 et
1349 1023 1449 1076 iterum
1462 1021 1634 1075 revenimini
1646 1021 1675 1073 s'n
1694 1020 1838 1090 idipsum,
1900 1084 1904 1103 Ι

145 1098 295 1169 intellipat,
313 1102 427 1171 iudan,
438 1107 576 1173 approbet
588 1106 700 1159 verbam
712 1106 772 1172 hoc,
786 1106 864 1174 quod
877 1103 981 1156 dictum
1006 1121 1041 1158 ae
1052 1112 1191 1161 tentetoos
1206 1106 1331 1161 Saturam
1338 1115 1460 1179 propter
1472 1108 1837 1161 incontinentiamoestrom.

148 1193 202 1254 sat,
226 1204 282 1242 noa
310 1190 422 1258 empedit
446 1190 557 1246 nubae.
602 1180 826 1262 Respondemus:
853 1188 926 1254 Quid
946 1188 981 1243 de
1006 1191 1123 1262 Propter
1142 1210 1226 1265 quam
1243 1209 1356 1250 causam
1375 1193 1541 1265 conjugibus
1558 1193 1691 1259 consulit,
1713 1198 1745 1248 ut
1762 1194 1791 1248 iu
1808 1192 1836 1247 ld

147 1270 200 1326 hec
218 1272 365 1328 verborum
382 1274 486 1352 Christi
504 1277 660 1333 detorsione
695 1276 871 1333 statuendum
889 1275 933 1341 sit,
947 1291 980 1331 ex
1007 1277 1098 1348 ipsum
1117 1285 1306 1344 revertantur,
1325 1280 1354 1335 id
1372 1285 1414 1334 est
1431 1287 1463 1335 ut
1480 1279 1621 1350 conjugali
1639 1278 1838 1334 consuetudine

148 1358 377 1427 praecedentibus
398 1368 524 1418 constare
550 1368 649 1435 potest.
696 1370 715 1420 1.
737 1364 799 1421 Nou
824 1364 860 1418 de
877 1378 979 1434 appro-
1006 1369 1133 1434 utantur,
1150 1372 1263 1437 propter
1281 1365 1396 1421 eandem
1414 1382 1527 1420 causam
1544 1365 1613 1432 illis,
1642 1365 1689 1435 qui
1708 1365 1737 1419 in
1756 1363 1837 1419 coeli·

148 1444 257 1500 dolicae
273 1444 400 1502 Christus
418 1447 548 1519 loquitur,
566 1450 615 1505 sed
633 1451 668 1505 de
680 1452 847 1521 capacitate,
864 1449 980 1521 proinde
1005 1450 1074 1506 batu
1104 1452 1213 1520 vivunt,
1242 1452 1457 1519 consulendum,
1486 1457 1518 1506 ut
1547 1451 1706 1523 conjugium
1733 1451 1838 1506 ineant.

149 1530 185 1584 ad
203 1532 399 1588 continentiam
421 1550 476 1589 nou
495 1534 600 1591 sufficit
615 1536 796 1605 desiderium,
823 1535 872 1591 sed
889 1535 979 1607 requi·
1005 1539 1094 1609 Atqui
1120 1538 1263 1610 apostolus
1295 1537 1460 1608 conjugibus
1487 1542 1600 1608 propter
1627 1536 1699 1592 hanc
1725 1553 1837 1592 causam

146 1616 217 1671 ritur
235 1618 377 1688 peculiare
400 1620 453 1676 Dei
478 1621 589 1676 donum.
635 1621 744 1679 Viduae
766 1622 830 1677 illae
846 1620 979 1692 juniores,
1005 1624 1139 1694 consulit,
1163 1631 1194 1679 ut
1210 1625 1239 1678 iu
1256 1624 1286 1679 id
1309 1624 1399 1694 ipsum
1421 1629 1607 1691 mvertantur,
1630 1640 1665 1679 ne
1684 1628 1772 1679 tentet
1790 1640 1837 1679 eos

146 1703 300 1775 dequibus
321 1712 342 1761 1.
364 1706 433 1762 Tim.
454 1713 484 1772 5,
509 1726 534 1765 v.
554 1714 592 1764 11.
612 1709 721 1780 agitur,
738 1708 908 1773 sentiebant,
926 1706 980 1762 sibi
1005 1710 1121 1767 Satanas
1149 1709 1195 1766 dab
1222 1710 1270 1780 τὴν
1297 1710 1441 1786 ἀκρασίαν.
1485 1710 1561 1782 Ergo
1583 1715 1696 1781 propter
1720 1708 1836 1765 eundem

145 1789 221 1844 intus
239 1793 418 1861 persuaderi,
441 1801 473 1849 ut
492 1795 675 1866 continerent,
699 1796 817 1867 ideoque
844 1794 978 1867 approba·
1006 1814 1117 1852 causam
1135 1797 1205 1867 illis,
1227 1796 1275 1869 qui
1293 1796 1321 1852 in
1338 1795 1479 1851 coelibatu
1496 1796 1606 1865 vivunt,
1625 1795 1833 1866 consulendum,

144 1881 211 1931 runt
233 1875 284 1932 hoc
309 1880 439 1950 verbum,
468 1881 542 1952 quod
571 1901 628 1937 non
645 1884 776 1953 mediat
806 1883 922 1953 sabae,
951 1888 980 1936 et
1005 1889 1037 1938 ut
1055 1885 1215 1956 conjugium
1236 1883 1344 1953 ineant,
1369 1881 1499 1937 videlicet
1518 1899 1553 1937 ne
1571 1898 1617 1937 eos
1637 1881 1755 1937 Satanas
1774 1897 1835 1954 pro·

146 1964 314 2020 coelibatum
335 1967 493 2039 elegerunt,
512 1968 562 2023 sed
579 1974 678 2042 postea
695 1969 756 2041 ipso
774 1969 848 2025 lacto
868 1969 979 2023 demon·
1004 1975 1067 2040 pter
1084 1968 1310 2024 incontinentiam
1322 1975 1418 2026 tentet.
1448 1967 1520 2022 Atei
1534 1968 1637 2022 donum
1653 1966 1837 2023 continentiae

146 2057 281 2123 straruut,
305 2052 407 2109 donum
427 2054 495 2109 sslud
513 2055 580 2126 ipsis
597 2074 652 2112 non
668 2056 754 2111 luisse
772 2056 881 2122 datum,
904 2056 979 2110 unde
1005 2056 1044 2110 ita
1062 2072 1208 2111 commune
1232 2060 1320 2120 esset,
1343 2058 1380 2109 'ut
1403 2053 1544 2123 omnibus,
1570 2055 1617 2126 qui
1641 2053 1711 2109 illud
1737 2057 1837 2125 petunt

146 2138 287 2207 apostolus
308 2139 463 2205 condicit,
484 2142 562 2207 volo,
580 2143 713 2210 juniores
736 2142 838 2197 uidam
855 2141 979 2213 rpreeari,
1005 2148 1090 2214 atque
1110 2147 1257 2214 expetunt,
1277 2142 1401 2211 daretur,
1422 2158 1478 2196 uon
1497 2157 1567 2212 opus
1584 2141 1685 2196 luisset
1701 2141 1755 2195 hoc
1771 2157 1835 2196 con·

146 2223 242 2291 anniti,
262 2226 363 2294 conam,
382 2227 431 2281 scd
447 2227 522 2297 volo,
543 2244 589 2284 eas
610 2229 728 2299 nabas,
746 2246 780 2284 ne
802 2229 913 2284 occurso
931 2230 977 2282 de·
1005 2229 1066 2284 silio
1084 2229 1242 2302 apostolico.
1263 2233 1286 2284 3.
1316 2247 1341 2284 v.
1367 2234 1390 2283 l.
1419 2228 1522 2300 inquit:
1557 2228 1634 2297 Volo,
1658 2243 1752 2282 omnes
1770 2242 1836 2292 esse,

146 2318 192 2365 tur
211 2314 387 2368 adrasus-io.
426 2319 449 2369 2.
467 2313 527 2371 Neo
547 2321 639 2386 potest
657 2322 744 2371 totum
762 2316 814 2371 hoc
833 2332 977 2388 argumen·
1005 2317 1078 2371 sicut
1096 2334 1145 2384 epo
1164 2334 1238 2386 som,
1257 2314 1307 2370 sed
1325 2314 1482 2369 immediate
1499 2313 1625 2383 subjicit:
1647 2314 1833 2367 Vsmatemen

145 2403 203 2451 tum
221 2398 322 2455 rachus
340 2399 457 2472 intelligi
489 2417 572 2474 quam
592 2418 625 2457 ex
645 2402 707 2474 ipsa
732 2404 824 2474 praxi,
850 2419 884 2458 ea
905 2402 977 2457 enim
1003 2404 1190 2473 unuquisque
1208 2404 1281 2457 ἴδιον
1296 2399 1438 2476 χάρισμα,
1457 2401 1609 2469 proprisam
1627 2402 1737 2469 donam,
1755 2399 1837 2453 babet

145 2484 290 2542 manifeste
310 2487 444 2556 ostendit,
459 2487 554 2543 multis
568 2488 643 2545 intus
657 2488 818 2561 persuaderi
831 2489 876 2545 vel
886 2490 977 2561 potius
1004 2507 1037 2544 aa
1051 2491 1133 2559 Deo,
1166 2489 1242 2543 elius
1265 2489 1319 2558 ss'c,
1346 2488 1422 2542 aliua
1449 2503 1516 2540 vero
1544 2487 1593 2539 sic.
1632 2484 1706 2550 Quid
1734 2500 1836 2557 quaeso

145 2587 192 2627 eos
209 2571 262 2630 eibi
280 2573 348 2644 ipsis
366 2574 542 2644 persuadere,
560 2577 634 2647 quod
654 2577 795 2632 continere
813 2576 907 2642 velint,
928 2575 977 2631 sed
1003 2575 1105 2631 clarius
1124 2576 1178 2630 dici
1195 2573 1356 2646 potuisset?
1397 2572 1500 2644 Optare
1526 2572 1639 2644 quidem
1665 2586 1726 2628 sese
1745 2575 1835 2626 ostem

143 2665 242 2729 postea
260 2677 316 2714 non
334 2660 423 2715 solum
445 2660 561 2717 interitu
581 2663 757 2732 gravissimas
773 2663 895 2719 ustiones
915 2679 976 2717 seu-
1004 2662 1053 2731 dit,
1070 2667 1103 2718 ut
1119 2679 1213 2718 omnes
1227 2662 1256 2717 in
1273 2660 1411 2716 coelibatu
1427 2664 1533 2729 curent,
1554 2675 1625 2730 quae
1643 2665 1708 2713 sunt
1719 2656 1833 2712 Domini

142 2745 277 2813 tiuntsed
285 2746 976 2821 etiamexteriuscorpuscontaminantacpolluunt.
1003 2755 1031 2805 et
1063 2749 1201 2804 indivulse
1230 2748 1350 2804 Domino
1387 2746 1572 2811 adhaereant,
1605 2744 1655 2801 sed
1689 2744 1836 2816 quominus

144 2837 167 2887 3.
176 2831 240 2888 Non
251 2832 375 2904 loquitur
383 2832 508 2890 Christus
518 2836 552 2891 dc
561 2836 687 2907 potentia
694 2844 808 2902 remota,
822 2836 871 2890 sed
884 2835 918 2890 de
929 2853 977 2907 po·
1002 2835 1164 2891 indistincte
1182 2835 1326 2908 quibusvis
1347 2832 1400 2888 hoc
1423 2832 1567 2889 consilium
1585 2831 1772 2902 praescribat,
1800 2847 1834 2885 ex

142 2919 230 2975 tentia
237 2920 372 2992 proxima,
380 2921 511 2993 quianon
520 2923 680 2980 indistincte
689 2940 793 2993 omnes,
802 2923 852 2980 sed
861 2940 907 2979 eos
917 2928 976 2977 tau·
1003 2939 1037 2978 eo
1062 2922 1210 2994 prohiberi,
1239 2920 1313 2994 quod
1345 2921 1447 2974 donum
1465 2918 1518 2975 hoc
1544 2923 1619 2973 caste
1642 2918 1670 2972 in
1697 2917 1836 2973 coelibatu

142 3009 209 3071 tum,
228 3006 330 3078 quihus
351 3007 445 3063 datum
465 3014 515 3075 est,
534 3010 569 3065 ad
587 3011 674 3066 vitam
692 3010 823 3067 coelibem
841 3010 974 3066 hortatur.
1002 3010 1112 3064 vivendi
1129 3027 1185 3065 uon
1205 3009 1241 3064 sit
1268 3023 1424 3071 commune,
1452 3004 1501 3060 sad
1526 3007 1613 3069 ἴδιον,
1637 3021 1669 3059 ac
1689 3003 1836 3075 diligenter

142 3090 206 3147 dum
220 3110 285 3148 vero
298 3095 422 3164 potentia
431 3097 976 3169 remotaomnibuscommunisestjuxta
1002 3098 1131 3165 observa,
1161 3113 1216 3151 non
1244 3096 1279 3151 de
1310 3092 1471 3149 infidelibus
1500 3108 1533 3146 ao
1564 3090 1693 3159 ethnicis,
1721 3090 1769 3145 sed
1799 3089 1836 3145 de

143 3178 303 3234 Bellarmiui
315 3181 493 3253 hypothesin.
514 3182 978 3255 l.Maguumdiscrimeuestiutar
1003 3183 1166 3238 Christianis
1194 3189 1223 3238 et
1246 3181 1374 3237 fidelibus
1402 3180 1493 3250 ipsum
1517 3177 1607 3249 loqui,
1631 3176 1707 3248 quod
1726 3174 1835 3231 necilli

145 3263 173 3319 ιό
199 3265 340 3322 continere
363 3275 391 3324 et
411 3269 443 3323 rb
467 3269 562 3325 venire
589 3269 626 3325 ad
647 3269 787 3326 Christum
811 3286 863 3342 per
884 3270 976 3337 tidem,
1003 3267 1388 3326 omueshocdonumexDeo
1400 3264 1587 3333 habeantsed
1601 3263 1673 3318 alius
1687 3262 1749 3332 hoc,
1763 3261 1835 3317 alius

146 3348 215 3405 illud
235 3353 344 3407 consilii
363 3355 534 3427 estipsomet
548 3355 716 3412 Bellarmin‘o
734 3360 812 3427 teste,
830 3357 882 3412 hoc
899 3373 977 3428 prae·
1000 3374 1066 3413 vero
1083 3357 1159 3412 aliud
1177 3356 1288 3413 donum.
1306 3354 1374 3425 Cap.
1384 3360 1409 3418 4,
1420 3370 1447 3410 v.
1469 3360 1494 3410 8.
1512 3370 1566 3406 non
1581 3351 1676 3421 neptis
1693 3368 1727 3404 oo
1741 3349 1835 3404 oldaia

143 3438 224 3507 cepti,
242 3438 279 3493 ad
291 3438 375 3494 fidem
396 3440 497 3496 dautur
512 3440 639 3496 omnibus
659 3440 751 3496 media
770 3442 924 3498 necesaria
943 3459 976 3498 ac
1002 3446 1101 3500 bonam
1118 3441 1264 3507 benedicit,
1281 3441 1308 3497 ιι·
1319 3441 1361 3495 as'c
1373 3445 1568 3510 puerescunt,
1585 3437 1634 3491 sed
1649 3436 1742 3491 statim
1756 3434 1836 3491 addit

141 3522 325 3590 sufficientia,
350 3526 401 3582 sed
427 3527 462 3583 de
489 3527 620 3600 virginali
647 3527 819 3583 continentia
848 3528 976 3583 omnibus
1002 3548 1026 3586 v.
1055 3536 1079 3588 9.
1106 3529 1208 3601 quodsi
1238 3545 1295 3582 ιιοιι
1330 3527 1470 3582 centiam
1498 3541 1542 3594 aa,
1578 3526 1698 3589 nabunt,
1736 3522 1836 3576 melius

141 3609 235 3665 danda
249 3612 327 3667 nulla
346 3618 435 3668 exsut
451 3614 603 3684 promissio.
636 3621 660 3670 5.
674 3614 764 3669 Multo
782 3615 872 3670 minus
889 3615 976 3671 verba
1001 3618 1073 3672 anim
1092 3625 1133 3671 est
1150 3617 1253 3669 nubere
1271 3631 1355 3685 qaum
1372 3613 1427 3670 ari.
1470 3610 1545 3683 Ergo
1569 3611 1641 3665 inter
1666 3608 1787 3680 virgines
1806 3613 1835 3661 st

142 3694 257 3767 Christi,
283 3699 334 3768 qui
351 3706 444 3770 polest
464 3717 566 3771 capere
590 3701 700 3771 capiet,
721 3701 837 3758 conteni
860 3708 976 3774 possunt
1000 3704 1099 3758 viduas
1117 3708 1195 3770 sunt,
1221 3716 1292 3772 quae
1312 3699 1335 3754 si
1353 3698 1397 3754 vel
1414 3696 1532 3751 maxime
1549 3694 1635 3749 velint
1653 3700 1683 3748 ct
1701 3693 1833 3756 nitantur,

142 3799 205 3837 cum
238 3784 307 3855 illis,
350 3788 401 3856 qui
439 3788 521 3842 babet
559 3804 644 3843 aures
679 3789 830 3853 audiesds',
866 3790 975 3858 audiet,
1001 3797 1160 3846 tamennon
1180 3788 1334 3851 continent,
1361 3785 1414 3840 hoc
1439 3789 1481 3837 est
1507 3787 1572 3837 sunt
1590 3780 1741 3835 instructae
1761 3780 1833 3835 douo

143 3870 208 3939 quia
248 3871 400 3940 posteriora
443 3873 584 3929 continent
626 3880 804 3946 praeceptum
845 3874 975 3946 generale
1000 3876 1201 3944 continentiae,
1236 3890 1269 3927 ac
1306 3870 1359 3926 illis
1396 3886 1452 3924 non
1487 3867 1652 3940 praescribit
1684 3866 1834 3938 apostolus,

142 3955 178 4010 de
206 3955 316 4012 Christo
344 3959 481 4015 audiendo
511 3959 639 4016 omnibus
674 3960 832 4016 hominibus
870 3962 975 4030 datum,
1002 3969 1033 4018 ut
1060 3966 1170 4034 petant,
1199 3958 1252 4014 sibi
1279 3957 1383 4012 donum
1407 3955 1475 4010 illud
1509 3954 1584 4023 dari,
1612 3960 1695 4024 atque
1723 3951 1833 4007 interim

142 4042 234 4113 priora
261 4060 327 4099 vero
364 4047 446 4117 juxta
486 4046 574 4118 ipsius
604 4032 765 4102 Bellarmini
806 4046 974 4119 hypothesin
1001 4048 1123 4104 ustiones
1141 4047 1201 4101 illas
1219 4048 1249 4100 et
1266 4042 1391 4097 flammae
1409 4040 1553 4096 interiores
1580 4039 1712 4102 tolerent,
1734 4037 1784 4093 sed
1801 4043 1834 4093 ut

143 4136 301 4200 proponunt
318 4131 463 4187 consilium
481 4132 595 4205 aliquod
612 4133 743 4204 speciale.
779 4140 802 4189 6.
820 4133 850 4190 Si
871 4135 975 4190 Beller-
1001 4135 1115 4191 nubunt.
1134 4131 1266 4202 Cap.5,v.
1279 4125 1712 4201 ltgeneralemadditregulam:
1723 4122 1835 4179 Unicui-

142 4215 208 4270 mini
229 4217 482 4289 interpretationem
495 4224 641 4291 acceptare
660 4220 783 4290 velimus,
803 4236 975 4293 consequens
1001 4239 1054 4293 qne
1074 4222 1145 4275 secat
1164 4217 1261 4272 elicuit
1280 4218 1375 4284 Deae,
1399 4228 1614 4283 unamquemque
1636 4213 1709 4266 eicsst
1725 4209 1834 4264 eocoeit

141 4302 238 4373 luerit,
268 4304 329 4359 illos
359 4321 468 4376 omnes,
499 4306 547 4378 qui
578 4324 634 4361 non
660 4306 768 4377 eligunt
798 4306 975 4377 coelibatum,
1003 4310 1082 4362 Dens
1100 4308 1141 4360 ito
1159 4304 1291 4359 ambulet.
1325 4302 1401 4374 Ergo
1418 4301 1529 4373 quidam
1547 4302 1682 4355 vocantur
1699 4297 1735 4352 ad
1753 4296 1834 4351 coeli·

142 4395 233 4446 ments
250 4398 279 4446 et
292 4391 399 4462 judicio
418 4409 485 4448 sano
504 4391 626 4459 destitui,
645 4409 700 4464 quo
718 4393 785 4463 quid
803 4398 896 4464 potest
915 4410 974 4449 esse
1002 4396 1110 4457 hatum,
1144 4389 1245 4463 quibus
1277 4389 1381 4444 scilicet
1411 4388 1513 4441 donum
1546 4383 1730 4440 continentiae
1755 4382 1833 4437 Deus

142 4475 309 4532 absurdius?
1002 4481 1091 4548 dcdit3
1112 4478 1224 4550 quidam
1243 4476 1280 4531 ad
1298 4473 1466 4545 conjugium,
1484 4471 1590 4527 scilicet
1607 4469 1655 4541 qui
1673 4474 1790 4523 uruntur
1806 4472 1835 4523 et

10 4590 22 4625 !.
39 4582 81 4624 nx
178 4568 236 4620 530.
283 4566 310 4617 2.
334 4567 381 4619 Ea
403 4566 528 4637 propria
562 4567 627 4620 sede
656 4566 741 4635 bajus
766 4567 913 4621 doctrinae
942 4583 976 4622 ex
1003 4564 1191 4624 fornicationis
1233 4561 1387 4633 periculum
1423 4559 1476 4613 sibi
1518 4557 1660 4612 imminere
1702 4553 1834 4609 sentiunt

10 4643 129 4729 ξξιῖἒξο·
146 4655 168 4704 1.
189 4648 251 4706 Gor.
273 4656 296 4704 ’1.
318 4652 405 4706 multa
417 4651 510 4707 afferri
527 4657 652 4723 possunt,
670 4669 742 4724 quae
756 4653 897 4708 evidenter
914 4669 975 4724 pro·
1003 4652 1125 4718 Quilibet
1156 4667 1223 4722 ergo
1254 4666 1335 4703 suum
1362 4648 1464 4701 donum
1492 4661 1526 4700 ac
1556 4660 1634 4697 suam
1661 4639 1833 4695 vocahonem

11 4738 96 4780 ·⁰⁰f·
107 4736 127 4780 ⁷·
142 4735 211 4790 bant
226 4736 409 4793 continentiae
428 4736 530 4793 donum
554 4755 610 4794 non
627 4740 668 4794 ita
685 4756 842 4809 commuue,
868 4744 899 4794 ut
916 4741 974 4812 qui·
1002 4738 1132 4811 exploret
1152 4738 1222 4808 Cap.
1235 4742 1259 4802 6,
1270 4755 1296 4791 v.
1308 4740 1354 4791 25:
1367 4732 1574 4802 Dsos'rpim'bas
1580 4735 1833 4800 praecepturam
1862 4771 1866 4779 .

142 4839 253 4894 cunque
269 4823 370 4892 velint,
388 4830 486 4895 petant
503 4842 537 4880 ac
556 4826 694 4891 nitantur,
712 4832 790 4881 extra
811 4827 972 4898 conjugium
1001 4827 1103 4889 liabeo,
1128 4823 1275 4879 copadium
1299 4829 1392 4876 catam
1414 4822 1460 4877 do.
1487 4837 1512 4872 v.
1532 4823 1580 4873 ³5:
1606 4817 1670 4870 Hoc
1697 4815 1762 4868 dico
1793 4814 1835 4867 od

140 4914 216 4964 caete
233 4909 325 4965 uvare
344 4909 458 4980 possint,
478 4910 528 4965 sed
546 4910 712 4983 quibusdam
727 4917 841 4983 propter
853 4913 974 4969 ustiones
1003 4912 1153 4966 alabitatem
1170 4916 1303 4972 ecetram,
1323 4925 1379 4961 ιιοιι
1396 4914 1427 4959 at
1443 4906 1573 4975 laqueum
1592 4902 1670 4957 vobis
1687 4899 1817 4969 injiciam
1821 4917 1832 4966 ‚·

141 5000 169 5051 et
183 4996 338 5068 periculum
365 4995 554 5053 fornicationis
582 4998 743 5069 conjugium
771 5014 831 5053 esse
848 5014 973 5054 necessa-
1000 5016 1027 5056 c.
1053 5004 1094 5055 36.
1123 4999 1200 5069 quod
1219 4996 1278 5049 raslt
1296 4995 1409 5064 factm,
1436 5010 1491 5045 non
1505 4997 1621 5062 peccat,
1653 4988 1747 5042 subm.
1793 4985 1834 5037 At

140 5083 221 5138 rium.
247 5082 315 5155 (lap.
328 5090 387 5153 l,v.
400 5090 421 5139 1.
435 5084 576 5154 apostolus
590 5084 665 5153 dicit,
679 5086 778 5139 bonam
787 5086 901 5153 quidem
915 5102 974 5140 esse
1000 5083 1138 5157 quomodo
1159 5082 1287 5137 convenit
1310 5079 1373 5134 huic
1395 5077 1566 5148 apostolicae
1588 5071 1769 5130 moderationi
1792 5070 1833 5124 la·

146 5172 255 5225 homins·
286 5171 429 5225 mulierem
458 5189 513 5225 non
539 5180 667 5241 tenpore,
696 5171 747 5226 scd
773 5188 837 5226 mox
860 5172 974 5244 subjicit
1000 5172 1077 5244 queis
1101 5174 1227 5225 votorum
1246 5168 1282 5223 ad
1307 5164 1471 5223 coelibatum
1489 5162 1551 5217 illos
1569 5160 1771 5230 constringere,
1797 5155 1833 5209 de

140 5274 167 5313 ιι.
195 5262 223 5313 2:
248 5260 372 5327 Propter
399 5257 618 5322 fmicauoaem
653 5260 842 5329 aamqadaqac
872 5260 975 5313 babeat
1002 5258 1103 5330 quibus
1123 5262 1227 5312 certum
1245 5271 1300 5309 non
1318 5257 1374 5316 est,
1398 5268 1434 5305 an
1453 5249 1526 5303 dono
1550 5248 1597 5303 illo
1616 5244 1748 5318 peculiari
1766 5257 1832 5297 con·

138 5361 252 5398 morsm
272 5362 351 5398 raom
371 5351 397 5398 at
415 5361 599 5415 aanoqaaeqae
616 5346 707 5399 viram
724 5363 811 5400 suam.
845 5344 973 5401 Ostendit
999 5342 1131 5399 tinentiae
1139 5343 1196 5396 sint
1203 5338 1349 5396 instructi?
1366 5337 1433 5408 Cap.
1444 5343 1468 5392 ¹l.
1479 5335 1598 5407 denique
1607 5351 1634 5387 v.
1642 5338 1682 5387 36.
1692 5328 1786 5385 addite
1799 5328 1835 5385 δι’

140 5430 310 5502 igitur‚non
329 5432 456 5487 omnibus
476 5433 656 5489 essebonum
681 5434 823 5489 mulierem
841 5449 896 5487 uon
914 5438 973 5488 tan-
999 5433 1061 5502 qais
1079 5430 1191 5484 υἰάεειιι·
1207 5445 1237 5483 ss
1254 5427 1422 5501 ἀσχημονεῖν
1438 5440 1524 5494 super
1543 5421 1650 5489 oirpins
1681 5414 1833 5511 dnapdapp

139 5533 218 5589 gere,
237 5515 289 5573 hoc
307 5524 349 5573 est
365 5533 384 5573 a
401 5519 531 5591 conjugio
556 5517 708 5587 abstinere,
733 5519 783 5576 sed
805 5518 973 5591 quibusdam
997 5520 1043 5572 acl
1060 5513 1146 5577 οὕτως
1163 5514 1269 5589 ὀφείλει
1282 5520 1421 5586 γίνεσθαι,
1437 5519 1463 5565 ct
1476 5512 1519 5565 itu
1541 5508 1606 5573 fieri
1623 5512 1738 5576 oportet,
1754 5502 1888 5668 m

10 5604 323 5670 xv1.a2ncoessarium
347 5621 407 5661 esee
436 5605 560 5679 conjugii
589 5606 740 5661 remedium
765 5606 801 5663 ob
827 5604 970 5663 vitandam
997 5604 1057 5659 cult
1073 5604 1176 5672 faciet,
1193 5620 1250 5657 nos
1264 5608 1373 5673 pecca,
1390 5600 1477 5653 elosst
1496 5612 1577 5665 sam3
1596 5610 1622 5648 ι.
1642 5596 1683 5647 17.
1701 5592 1753 5665 qun·
1840 5598 1850 5619 ¹·
