4020 6022
217 242 276 301 did
343 235 348 243 ’
800 235 923 294 Locus
943 231 1148 291 vicesimus
1167 234 1335 301 QUINTUS

215 388 345 447 Christus
364 391 676 448 causamfornicationis
691 407 708 445 a
725 389 849 463 mnemli
868 388 1047 444 divortiorum
1076 403 1132 443 non
1150 388 1274 461 loquitur
1291 395 1492 464 comparatius,
1509 393 1558 450 sed
1578 394 1731 464 mospius,
1750 397 1783 447 ut
1802 390 1907 447 eviden-

216 477 402 547 prohibitione
419 477 552 535 voluisset
572 484 723 548 exceptam,
742 478 863 547 curejus
881 476 1047 531 mentionem
1075 472 1149 529 tibus
1176 478 1346 548 argumentis
1373 478 1427 534 fuit
1446 478 1664 551 comprobatum.
1711 478 1833 549 Propter
1858 476 1908 531 rim

214 560 308 619 facere
328 564 469 634 voluisset,
488 581 551 619 cum
572 564 607 618 de
625 580 659 618 ea
677 580 695 618 a
712 562 871 618 Pharisacis
888 579 945 618 non
965 560 1049 616 fuerit
1076 559 1163 631 igitur
1181 564 1334 633 particulae
1346 565 1510 634 exclusisse,
1529 582 1600 638 quae
1617 564 1698 636 ponit
1710 562 1742 618 in
1754 580 1822 632 uno,
1839 561 1908 633 quad

215 649 422 722 interrogatus?
475 650 504 707 si
524 650 553 704 in
571 666 659 705 causa
675 648 805 705 adulterii
834 665 890 711 non
907 647 1047 703 constitui·
1076 654 1161 717 neget
1178 647 1207 703 in
1226 649 1314 706 altero
1331 651 1474 721 (acceptio
1487 652 1572 721 ponit
1594 651 1772 706 contrarium
1799 649 1832 702 in
1846 665 1909 702 casu

215 741 261 789 tur
281 737 416 807 quaedam
434 736 563 791 limitatio
582 740 611 791 et
629 736 768 807 exceptio,
787 752 842 789 non
860 733 960 789 fuisset
978 750 1048 804 opus
1076 741 1203 803 eccepto,
1235 735 1332 792 dicunt
1353 737 1554 808 jurisconsulti)
1584 743 1613 792 et
1638 742 1756 807 propter
1785 741 1910 790 naturam

98 804 124 893 ’ν
216 821 367 893 quidquam
392 822 426 877 de
447 832 487 878 'ca
506 822 667 877 admiscere.
718 828 741 876 5.
760 820 835 875 Illud
852 820 944 891 ipsum
962 818 1048 872 mani·
1076 817 1260 890 limitationis,
1292 839 1364 894 qnae
1389 823 1548 895 ageuerali
1567 821 1666 895 regula
1691 827 1802 877 certum
1820 837 1910 875 casum

215 905 286 962 feste
304 907 444 978 colligitur
460 924 494 962 ex
515 908 667 975 occasione,
688 924 761 979 quae
773 906 883 962 Christo
899 905 955 960 fuit
974 905 1048 971 data,
1075 903 1182 972 eximit,
1218 905 1376 964 firmissima
1393 915 1436 963 est
1459 908 1671 980 consequentia:
1713 907 1773 970 Qui
1800 906 1912 960 dimittit

215 996 247 1046 ut
278 992 431 1048 doctrinam
464 993 498 1048 de
526 994 644 1048 divortio
677 998 851 1063 proponeret.
903 993 1049 1058 Quaerunt
1075 1006 1189 1044 uxorem
1208 1002 1322 1062 occepta
1339 994 1544 1060 fornicationis
1568 1011 1655 1047 causa
1672 1000 1700 1047 et
1716 992 1812 1046 uliam
1831 991 1911 1056 duda

215 1075 366 1142 Pharisaei,
393 1097 431 1132 an
450 1080 537 1134 liceat
556 1080 664 1133 nomini
691 1078 830 1133 dimittere
847 1095 962 1132 uxorem
979 1074 1047 1129 κατὰ
1076 1077 1241 1133 moechatur.
1277 1077 1352 1150 Ergo
1371 1079 1418 1151 qui
1437 1086 1551 1149 propter
1568 1077 1781 1134 fornicationem
1799 1092 1912 1131 uxorem

215 1165 309 1218 nicar
326 1169 430 1229 atrine,
458 1183 621 1234 quacunque
642 1168 784 1219 decanea
801 1163 898 1218 Matth.
921 1170 959 1227 tt,
978 1181 1003 1218 v.
1023 1168 1047 1218 3.
1077 1161 1192 1216 dimittit
1211 1169 1239 1218 et
1257 1163 1340 1218 aliam
1358 1165 1448 1230 ducit,
1479 1168 1534 1220 mn
1553 1164 1722 1221 moechatur.
1773 1162 1913 1235 Urgemus

215 1250 365 1319 respondet
373 1250 509 1305 Christus:
531 1252 585 1314 Qui
599 1251 738 1305 dimiserit
755 1267 869 1303 oaorem
893 1266 973 1302 suam
993 1248 1049 1300 nisi
1076 1253 1199 1302 nostrum
1224 1257 1432 1321 argumentum:
1466 1250 1495 1307 si
1524 1267 1611 1305 causa
1633 1248 1765 1305 adulterii
1792 1247 1912 1303 emetis

215 1334 249 1389 ab
267 1337 485 1398 fornicationem
503 1344 529 1391 et
546 1337 636 1391 aliam
661 1337 785 1403 durarit,
803 1336 963 1390 montane
978 1352 1003 1389 r.
1022 1339 1046 1390 9.
1076 1332 1172 1389 eodem
1189 1334 1286 1390 ordine
1304 1352 1368 1392 cum
1384 1335 1498 1408 reliquis
1516 1337 1616 1402 camis,
1635 1342 1751 1405 propter
1768 1351 1842 1405 quas
1860 1350 1911 1389 non

215 1420 283 1492 qnid
302 1421 355 1477 hoc
374 1423 451 1478 aliud
465 1430 515 1490 est,
534 1440 617 1495 quam
630 1421 763 1477 nonlicet
777 1421 917 1476 dimittere
935 1436 1047 1475 uxorem
1076 1423 1118 1473 sat
1136 1418 1241 1474 licitum
1254 1419 1409 1489 divortium,
1430 1438 1480 1475 cur
1495 1421 1570 1476 illam
1587 1419 1714 1477 Christus
1733 1418 1910 1474 addidisset?

216 1522 382 1578 quacunque
411 1507 446 1564 de
474 1524 573 1574 causa,
604 1509 653 1563 sed
679 1512 787 1562 tantum
815 1513 927 1578 propter
944 1513 1046 1561 certam
1077 1505 1100 1555 2.
1123 1503 1648 1566 Quemadmodumenseriisiacobio.
1661 1510 1686 1573 t,
1705 1522 1737 1561 v.
1750 1511 1791 1560 17.
1813 1506 1911 1559 edenti

215 1591 338 1661 aliquam
360 1610 482 1658 cansam,
500 1593 630 1649 videlicet
648 1600 761 1664 propter
772 1609 885 1647 causam
899 1589 1048 1646 adulterii?
1076 1590 1175 1643 bonum
1195 1598 1220 1644 et
1238 1609 1294 1644 non
1311 1593 1433 1656 facienti
1445 1598 1593 1662 peccatum
1612 1598 1652 1644 eat
1676 1590 1741 1660 illi,
1770 1590 1909 1645 nonlicet

216 1675 245 1733 si
263 1677 390 1733 Christus
408 1678 536 1734 absolute
554 1695 587 1735 ac
607 1679 768 1750 simplicitet
787 1695 890 1751 negare
909 1677 1048 1742 voluisset,
1075 1693 1094 1729 a
1112 1677 1256 1730 contrario
1275 1695 1360 1732 sensu
1378 1679 1494 1747 inferre,
1513 1693 1580 1746 ergo
1595 1677 1743 1746 ignoranti
1766 1677 1869 1730 danum
1887 1682 1911 1728 et

218 1779 251 1818 ex
269 1764 328 1818 ulla
351 1781 437 1820 causa
455 1765 561 1820 licitum
590 1783 649 1820 esse
669 1765 834 1831 divortium,
864 1764 949 1819 rerba
965 1779 1047 1833 quae·
1075 1779 1131 1814 non
1146 1763 1276 1833 facienti,
1292 1771 1440 1831 peccatum
1458 1782 1513 1818 non
1533 1763 1729 1832 cetininam
1746 1769 1813 1816 aurit
1831 1762 1911 1816 man

216 1849 312 1905 stionis
342 1851 371 1907 in
390 1869 441 1907 suo
458 1868 590 1922 responso
607 1851 795 1923 repetivisset:
830 1851 885 1913 Qui
911 1850 1048 1903 dimiserit
1073 1857 1192 1918 peccata
1209 1849 1402 1917 ignorantiam
1419 1852 1471 1904 sed
1487 1849 1595 1919 inferri
1626 1849 1713 1910 debet,
1749 1866 1819 1917 ergo
1836 1849 1910 1919 igno·

214 1953 328 1992 uxorem
345 1955 425 1992 mam
443 1937 512 1992 anri
531 1940 624 1993 πᾶσαν
648 1943 739 1994 cirins·
762 1947 790 1992 et
809 1937 899 1991 utiam
927 1937 1049 2004 duxerit,
1076 1934 1154 1987 ronti
1183 1935 1282 1989 donum
1301 1943 1327 1989 et
1352 1953 1410 1988 non
1428 1935 1550 1999 facienti
1571 1934 1663 1988 minus
1689 1942 1840 2004 peccatum
1864 1942 1910 1997 est,

214 2024 384 2082 moechatur.
436 2024 517 2080 Certe
552 2042 614 2081 cum
647 2025 683 2080 de
704 2021 839 2079 omnibur'
857 2024 947 2078 causis
966 2021 1049 2076 fuerit
1076 2038 1159 2092 quam
1175 2021 1203 2073 si
1217 2021 1307 2076 eciem
1320 2029 1481 2091 peccasset,·
1511 2028 1538 2074 et
1554 2021 1789 2090 quemadmodum
1808 2020 1837 2074 si
1852 2019 1911 2090 quis

215 2105 350 2165 Dominus
370 2110 557 2182 interrogatus
575 2127 608 2166 ac
627 2111 662 2165 de
680 2110 793 2182 reliquis
818 2108 945 2164 omnibus
965 2124 1047 2178 nege·
1076 2107 1198 2163 diceret:
1216 2108 1266 2176 qui
1283 2107 1341 2160 nisi
1357 2107 1391 2160 ob
1409 2108 1536 2177 inopiam
1552 2107 1683 2173 furatur,
1707 2114 1827 2176 peceat,
1857 2123 1911 2159 nos

215 2193 299 2260 verit,
333 2194 368 2249 de
387 2194 442 2250 hac
458 2196 518 2250 sola
536 2195 666 2251 adulterii
686 2211 772 2250 causa
789 2195 829 2249 its
856 2193 1049 2265 pronuntiarit,
1074 2200 1168 2261 posset
1185 2193 1252 2246 inde
1271 2193 1380 2261 inferri
1387 2213 1396 2246 .·
1420 2210 1486 2261 ergo
1505 2193 1556 2262 qui
1571 2193 1605 2247 oi
1631 2193 1759 2259 inopiam
1779 2195 1910 2263 saraim,

214 2283 248 2332 ut
272 2278 342 2335 nolit
367 2297 428 2336 eam
454 2281 483 2335 in
515 2281 686 2351 reliquarum
703 2297 787 2336 censu
805 2295 839 2334 ac
855 2278 943 2333 classe
962 2278 1049 2333 conti·
1076 2297 1131 2332 non
1146 2286 1254 2347 peccat,
1271 2280 1324 2332 sed
1340 2296 1405 2347 ergo
1422 2279 1471 2348 qui
1487 2279 1522 2332 oh
1534 2278 1658 2348 inopiam
1671 2280 1801 2347 furatur,
1821 2277 1910 2332 minus

215 2362 290 2430 neri,
321 2381 354 2421 eo
382 2366 442 2436 ipso
467 2367 503 2423 de
527 2367 580 2422 hac
603 2383 689 2422 causa
705 2366 872 2422 contrarium
897 2363 1049 2419 affirmasse
1074 2373 1180 2435 peccat,
1197 2365 1256 2419 nisi
1272 2365 1349 2429 forte
1368 2373 1437 2419 esset
1457 2372 1577 2419 extranta
1588 2365 1746 2429 necessitas,
1761 2365 1832 2434 quia
1850 2372 1912 2418 tunc

214 2449 312 2505 merito
327 2451 479 2519 judicatur.
519 2460 543 2510 c.
561 2452 699 2523 Perquam
719 2452 871 2507 absurdum
891 2456 947 2518 est,
974 2450 1047 2520 quod
1076 2469 1130 2505 non
1150 2453 1233 2504 modo
1253 2469 1309 2504 non
1322 2459 1477 2521 peccatum,
1493 2453 1546 2504 sed
1562 2468 1612 2505 nec
1633 2452 1744 2515 furtum
1764 2451 1910 2521 appelian-

214 2534 400 2592 Bellarminus
410 2537 515 2604 scribit,
528 2540 682 2593 Dominum
693 2539 805 2607 qnidam
818 2553 930 2605 negare,
940 2537 1048 2591 licitam
1076 2540 1144 2592 cium
1162 2545 1248 2604 esset,·
1278 2539 1318 2590 ita
1337 2555 1446 2607 qnoque
1463 2538 1656 2607 inpraesenti
1674 2539 1839 2606 quaestione
1857 2554 1911 2591 rem

214 2638 273 2677 ease
290 2624 482 2678 dimissionem
499 2626 559 2678 sins
581 2642 668 2679 causa
682 2623 896 2692 fornicationis,
923 2624 975 2676 sed
993 2641 1047 2676 non
1076 2623 1414 2678 setaberslelarminus
1427 2623 1526 2678 innuit.
1556 2621 1784 2693 Respondemus:
1802 2631 1910 2680 estma-

215 2709 319 2775 dicsre,
337 2725 397 2763 ease
422 2709 542 2778 licitam,
573 2710 601 2763 si
622 2711 700 2764 adsit
731 2726 821 2784 cassisa¹
838 2709 1047 2770 fornicationis.
1076 2709 1149 2764 rima
1165 2709 1310 2764 diversitas
1323 2709 1396 2764 inter
1407 2709 1623 2781 propositionem
1640 2708 1744 2764 Christi
1765 2718 1795 2765 et
1805 2710 1910 2765 iacobi.

214 2793 388 2864 Turpissima
414 2795 487 2850 enim
512 2797 581 2851 haec
605 2801 647 2852 est
673 2795 800 2865 principii
824 2794 935 2866 petitio,
965 2810 1047 2864 quam
1076 2795 1176 2850 Christi
1192 2795 1343 2865 propositio
1355 2811 1484 2865 expresse
1493 2794 1580 2850 habet
1589 2794 1715 2848 additam
1727 2796 1910 2852 exclusivum:

214 2879 274 2950 ipse
293 2896 376 2934 sonus
394 2881 542 2937 verborum
556 2882 659 2936 Christi
670 2881 818 2936 fortissime
837 2880 946 2935 refellit.
978 2879 1049 2944 Quia
1078 2881 1131 2945 Qui
1145 2897 1258 2934 imorem
1273 2881 1425 2948 dimiserit,
1455 2888 1571 2949 accepta
1583 2881 1791 2950 fornicationis
1818 2899 1910 2949 causa,

214 2966 285 3022 enim
305 2966 442 3021 Dominus
462 2975 561 3038 negat,
582 2967 689 3023 licitam
707 2983 767 3021 esse
785 2965 972 3020 dimissionem
990 2965 1048 3019 sine
1075 2967 1249 3032 nesciatur,
1274 2965 1374 3021 iacobi
1386 2965 1539 3036 propositio
1557 2983 1613 3020 non
1632 2964 1718 3022 habet
1736 2965 1912 3035 exclusivam,

213 3068 300 3109 causa
323 3052 527 3119 fornicationis,
559 3071 592 3109 eo
611 3055 670 3124 ipso
689 3054 779 3122 docet,
797 3053 900 3107 licitam
919 3069 992 3115 esse,
1024 3052 1047 3105 si
1075 3053 1136 3108 iac.
1155 3058 1179 3122 4,
1197 3070 1223 3106 r.
1246 3058 1291 3108 tr:
1312 3053 1420 3106 Scienti
1436 3053 1536 3106 bonnm
1551 3054 1650 3114 facere
1667 3059 1694 3104 et
1713 3070 1770 3107 non
1789 3054 1911 3118 facienti

212 3138 286 3193 adsit
315 3155 401 3194 causa
427 3139 626 3194 fornicationis.
676 3139 794 3194 Perinde
819 3155 853 3192 ac
875 3138 898 3191 si
921 3137 1047 3202 inferam,
1072 3146 1216 3208 peccatam
1235 3147 1281 3192 est.
1329 3136 1478 3192 indefinita
1494 3138 1563 3191 haec
1581 3143 1637 3205 est,
1668 3154 1724 3193 non
1753 3145 1849 3195 autem
1867 3157 1909 3195 sa·

212 3223 356 3294 Scriptura
375 3230 469 3295 negat,
488 3224 594 3279 licitum
612 3241 672 3280 esse
690 3232 836 3294 parentum
854 3223 948 3277 odium
970 3228 1047 3278 utra
1075 3226 1184 3294 ceptica
1201 3223 1245 3278 vel
1264 3223 1412 3291 exclusiva,
1432 3239 1488 3277 non
1508 3222 1581 3277 enim
1601 3222 1722 3288 additur,
1741 3225 1800 3278 soii
1814 3224 1910 3280 scienti

212 3309 290 3363 illum
308 3324 418 3377 omum,
436 3309 547 3380 quando
566 3310 740 3380 praecipiunt
759 3309 898 3364 contraria
915 3308 1047 3363 mandato
1075 3312 1177 3366 bonum
1204 3315 1232 3364 et
1260 3326 1316 3364 non
1343 3308 1456 3363 facienti
1486 3314 1528 3363 est
1545 3317 1704 3378 peccatum:
1736 3307 1911 3372 iustissima

213 3393 303 3448 Patris
333 3394 469 3450 eoelestis.
517 3395 593 3468 Ergo
619 3395 773 3467 siquando
801 3396 865 3450 talis
883 3411 963 3449 casus
982 3410 1046 3448 con·
1075 3398 1159 3468 igitur
1189 3396 1341 3467 propositio
1363 3395 1466 3451 Christi
1489 3413 1551 3450 cum
1578 3413 1611 3452 ea
1636 3396 1788 3453 confertur.
1838 3398 1909 3453 Illud

211 3479 310 3552 tingit,
348 3479 455 3533 licitum
481 3487 523 3534 est
546 3486 677 3552 parentes
703 3482 807 3549 odisse,
841 3480 893 3535 hoc
913 3486 955 3535 est
972 3487 1046 3551 post·
1075 3501 1139 3538 vero
1162 3483 1312 3553 probamus
1343 3486 1372 3536 et
1400 3488 1590 3552 acceptamus,
1623 3482 1699 3554 quod
1725 3483 1910 3539 Bellarminus

213 3564 327 3620 habere.
366 3564 448 3619 Hanc
468 3565 619 3621 illationem
640 3565 746 3620 firmam
765 3581 840 3629 esse,
871 3582 926 3618 non
946 3567 1048 3635 poterit
1076 3568 1291 3639 propositionem
1311 3566 1413 3622 Christi
1432 3567 1540 3622 confert
1565 3584 1628 3622 cum
1648 3584 1694 3625 ea:
1723 3569 1781 3633 Qui
1803 3570 1862 3624 nisi
1877 3571 1909 3625 od

124 3717 129 3728 Ι
217 3664 322 3721 negare
339 3648 538 3717 Bellarminus,
568 3667 618 3704 cur
649 3668 715 3723 ergo
735 3651 853 3721 priorem
879 3650 1048 3706 labefactare
1075 3657 1200 3725 inopiam
1230 3657 1362 3718 furatur,
1390 3659 1498 3724 peccat.
1544 3652 1585 3709 Ut
1620 3653 1693 3707 enim
1727 3671 1746 3709 a
1772 3657 1909 3711 contrario

212 3737 318 3802 nititur,
345 3753 418 3807 quae
450 3737 538 3793 eidem
570 3755 622 3808 per
646 3737 740 3792 omnia
769 3736 917 3808 congruit?
964 3744 988 3792 7.
1018 3737 1047 3793 Si
1076 3759 1158 3797 sensu
1176 3744 1251 3794 recte
1270 3755 1304 3793 ex
1321 3737 1374 3792 hac
1395 3738 1583 3809 propositione
1608 3739 1738 3808 infertur,
1769 3756 1838 3813 ergo
1864 3742 1910 3814 qui

213 3821 340 3877 Christus
358 3823 494 3877 concessit
514 3823 701 3879 dimissionem
719 3824 873 3878 restrictam
899 3824 941 3877 ad
949 3825 1045 3891 forni-
1074 3827 1110 3882 ob
1128 3825 1250 3896 inopiam
1267 3823 1389 3890 furatur,
1422 3841 1477 3878 non
1494 3829 1607 3894 peccat,
1636 3824 1676 3878 ita
1699 3843 1812 3898 quoque
1837 3824 1910 3882 idem

213 3909 333 3963 cationis
353 3926 475 3978 carinam,
494 3917 526 3964 ut
544 3909 728 3964 Bellarmiuus
746 3926 769 3964 c.
790 3915 829 3964 tt.
847 3909 903 3979 obj.
926 3915 947 3964 l.
961 3927 1046 3981 agno·
1071 3911 1209 3984 judicium
1239 3926 1299 3964 esse
1324 3907 1407 3962 debet
1435 3907 1470 3963 de
1490 3908 1678 3979 propositione
1704 3908 1824 3966 Christi:
1857 3912 1910 3976 Qui

212 3993 279 4057 scit,
306 3993 404 4064 utique
423 3995 549 4067 exceptio
563 3993 612 4048 ilia
632 4010 687 4048 non
705 4000 748 4049 est
766 3993 909 4065 negativa,
941 3995 991 4050 sed
1008 3994 1046 4049 af·
1072 3998 1131 4050 nisi
1146 3997 1180 4050 ob
1197 3996 1416 4063 fornicationem
1439 3995 1556 4048 dimittit
1580 4008 1710 4063 acorem,
1740 3999 1908 4053 mamintus.

211 4078 356 4137 mmauvn
1073 4084 1149 4155 Ergo
1167 4083 1215 4153 qui
1233 4080 1268 4137 ab
1281 4079 1490 4136 fornicationem
1503 4097 1562 4136 eum
1575 4081 1700 4151 dimittit,
1714 4099 1772 4138 non
1783 4084 1908 4139 moecha·

248 4170 305 4221 569.
339 4164 454 4236 Regerit
490 4163 690 4219 Bellarminus:
728 4169 752 4221 1.
788 4166 990 4233 Argumentum
1027 4186 1046 4221 a
1073 4177 1126 4224 tur.
1179 4169 1274 4239 Negat
1302 4166 1414 4238 quidem
1451 4165 1649 4232 Bellarminus,
1689 4169 1906 4240 propositionem

212 4253 356 4308 contrario
374 4268 457 4306 sensu
476 4269 532 4305 non
545 4252 694 4311 concludit.
712 4252 769 4305 nisi
782 4260 854 4305 recte
867 4253 1045 4323 accipiantur
1072 4255 1157 4321 illam,
1177 4254 1225 4325 qui
1245 4253 1299 4307 nisi
1320 4253 1356 4308 ob
1375 4252 1497 4323 inopiam
1515 4251 1632 4320 furatur,
1650 4261 1765 4323 peccat,
1784 4271 1846 4310 esee
1864 4273 1907 4312 ox·

212 4337 367 4392 contraria.
414 4339 567 4391 domuere
587 4355 649 4391 crim
670 4337 790 4390 dicimus
807 4339 946 4405 negative:
980 4337 1045 4400 Qui·
1072 4341 1213 4408 clusinam,
1230 4340 1279 4395 sed
1296 4338 1439 4409 redarguit
1456 4355 1519 4393 eum
1538 4355 1605 4393 usus
1623 4341 1793 4395 communis:

211 4441 318 4493 cunque
352 4424 413 4477 sins
449 4440 545 4476 causa
571 4424 773 4484 fornicationis
807 4423 926 4477 dimissa
960 4442 1046 4478 neore

210 4510 300 4564 aliam
318 4511 409 4573 ducit,
437 4510 613 4578 moechatum·
640 4526 697 4562 non
713 4517 787 4562 recte
811 4508 949 4578 infertur,
979 4526 1045 4577 erqo

211 4597 261 4666 qni
287 4604 405 4666 propter
427 4596 654 4662 fornicationem
685 4611 771 4648 acore
806 4596 926 4649 dimissa
957 4597 1045 4650 aliam
1058 4585 1061 4665 i
1074 4597 1223 4659 (Accurate
1242 4599 1335 4650 autem
1353 4602 1429 4664 nota,
1447 4612 1503 4650 non
1523 4594 1567 4650 hic
1584 4595 1630 4668 agi
1650 4596 1685 4652 de
1710 4598 1908 4668 propositionis

175 4724 178 4729 .
212 4682 301 4751 ducit,
329 4699 386 4735 non
403 4682 577 4750 moechatur,
607 4684 659 4735 sed
683 4690 791 4760 tantum
818 4682 925 4745 inferri
946 4668 1146 4753 paestiiuius
1174 4683 1291 4736 ueritate
1321 4681 1365 4736 vel
1389 4682 1535 4752 falcitatc,
1565 4683 1614 4738 sed
1641 4688 1752 4738 tantum
1785 4684 1822 4740 de
1848 4686 1909 4758 ejus

212 4784 279 4836 erqo
311 4769 404 4820 minus
432 4767 558 4835 grauiter
588 4768 755 4822 mechatur.
806 4769 882 4822 Nam
911 4770 962 4837 qui
985 4770 1046 4823 sins
1073 4770 1243 4843 quantitate,
1269 4784 1305 4822 an
1324 4767 1361 4823 sit
1379 4767 1533 4833 exclusiva,
1563 4784 1599 4821 an
1617 4785 1683 4824 vero
1703 4771 1831 4839 minime,
1859 4772 1908 4828 uhi

212 4870 300 4906 causa
316 4854 519 4917 fornicationis
536 4870 624 4906 ucorc
640 4854 758 4907 dimissa
776 4855 867 4908 aliam
881 4856 972 4923 ducit,
990 4872 1046 4908 non
1074 4871 1174 4910 sonora
1211 4871 1280 4909 voce
1317 4852 1487 4908 affirmamus
1518 4853 1617 4923 prius.)
1674 4858 1702 4910 3.
1740 4857 1908 4912 Particsiae

210 4939 277 4992 iasa
296 4939 472 5004 moechatur,
501 4940 570 5008 quia
586 4939 646 4992 sine
667 4939 723 4993 tali
738 4958 826 4993 causo
852 4941 940 4993 aliam
959 4940 1046 5008 ducit,
1072 4940 1207 5011 nupturis
1230 4949 1256 4994 et
1281 4943 1307 4994 ei
1322 4938 1362 5012 μή
1393 4956 1478 5008 saepe
1509 4940 1622 5009 quictem
1652 4941 1832 5011 accipiuntur
1865 4960 1909 4998 ex·

84 5018 138 5064 m
152 5017 197 5064 Ν
211 5023 264 5076 sed
281 5024 349 5091 quia
364 5025 453 5078 aliam
474 5025 559 5079 ducit.
600 5024 683 5087 Quod
693 5034 785 5078 autem
803 5042 837 5078 ea
855 5043 942 5078 causa
964 5025 1046 5094 absit,
1073 5029 1193 5097 ceptior,
1208 5028 1260 5081 sed
1276 5035 1369 5080 tamen
1379 5027 1592 5095 possuntetiam
1603 5027 1800 5098 aliteraccipi.
1821 5029 1910 5100 Apoc.

210 5127 267 5162 non
283 5109 358 5173 facit
380 5126 442 5162 eum
460 5111 616 5186 moecliari,
647 5112 699 5164 sed
723 5112 797 5172 facit
826 5128 885 5164 eum
906 5111 1049 5165 moechari
1073 5119 1097 5182 9,
1118 5130 1143 5170 v.
1164 5119 1188 5168 4.
1208 5120 1393 5182 praeceptum
1416 5120 1455 5166 est
1478 5112 1547 5179 iliis,
1573 5131 1607 5166 ne
1627 5112 1774 5167 laederent
1791 5115 1910 5178 foenum

210 5213 273 5251 oum
290 5194 398 5262 injuria
413 5197 524 5263 prioris
535 5197 672 5265 conjugis,
692 5205 717 5250 et
736 5198 844 5251 ideirco
865 5197 914 5266 qui
927 5207 1047 5266 propter
1071 5208 1178 5266 terrae,
1201 5214 1288 5267 neque
1307 5214 1385 5251 omns
1400 5198 1506 5266 viride,
1538 5214 1625 5266 neque
1645 5216 1753 5252 omnem
1769 5201 1909 5270 arborem,

209 5281 429 5346 fornicationem
457 5283 576 5336 dimissa
605 5300 691 5336 unere
717 5284 818 5353 priore
842 5285 931 5338 aliam
960 5284 1046 5350 ducit,
1071 5285 1130 5337 nisi
1153 5292 1260 5338 tantum
1287 5283 1425 5352 homines,
1455 5283 1505 5352 qui
1535 5283 1635 5336 frabent
1664 5285 1775 5352 signum
1793 5286 1856 5339 Dei
1879 5288 1910 5342 in

210 5367 373 5433 moechatur
389 5367 515 5438 quidem,
542 5371 594 5422 sed
611 5371 703 5423 minus
721 5372 860 5439 grauiter,
891 5371 959 5439 quia
984 5371 1045 5423 sine
1070 5371 1222 5436 frontibus.
1260 5370 1343 5423 Illud
1360 5371 1424 5438 nisi,
1447 5366 1557 5423 &aare
1574 5372 1599 5423 si
1616 5367 1663 5443 μή,
1681 5388 1738 5424 non
1752 5380 1850 5440 potest
1866 5389 1911 5428 etr·

211 5454 322 5523 injuria
345 5454 457 5523 prioris
478 5454 614 5522 conjugis.
662 5454 884 5525 Respondemus:
918 5398 1060 5512 Christusi
1074 5457 1177 5524 ceptior
1208 5455 1315 5525 accipi,
1347 5456 1400 5508 esd
1429 5454 1619 5518 mauratica,
1657 5456 1716 5508 nisi
1745 5458 1809 5525 quis
1843 5460 1911 5514 uelit

1110 4461 1195 4524 Quem
1210 4477 1298 4530 penes
1309 4460 1458 4513 arbitrium
1470 4467 1510 4513 cst
1523 4467 1550 4513 et
1562 4436 1639 4513 aas:
1651 4477 1753 4516 norma
1764 4463 1907 4532 loquendi.
