4020 6022
211 285 273 344 884
691 316 692 321 κ
798 273 922 333 LOCUS
938 273 1145 334 VIOESIMUS
1163 273 1332 340 QUINTUS

210 432 238 486 si
253 432 344 486 cirum
371 448 452 484 suum
479 446 566 483 causa
591 429 795 492 fornicationis
811 431 966 500 dimiserit,
995 434 1044 482 anst
1074 426 1164 484 minus
1182 429 1245 486 libr.
1264 437 1289 487 t.
1309 430 1344 486 de
1363 431 1454 486 amisa.
1474 437 1546 501 grat.
1573 437 1603 486 et
1620 436 1696 486 statu
1714 435 1825 500 peooat.
1843 446 1868 485 c.
1887 437 1909 484 5.

211 517 389 588 apostasiae,
413 523 461 571 aut
480 516 508 568 si
524 514 624 568 illicite
649 515 811 585 impellente
830 516 947 569 londria
965 530 1046 568 usum
1074 519 1102 568 et
1120 515 1167 571 lib.
1189 515 1224 570 de
1248 515 1394 586 justificat.
1416 533 1477 586 esp.
1496 523 1518 574 8.
1545 524 1687 572 auctorem
1710 517 1810 572 horum
1840 532 1910 570 com·

213 610 333 672 quaerat
350 603 463 668 uxores,
483 601 550 669 quia
569 600 692 665 inferior
711 618 767 654 non
785 601 897 654 omnino
916 601 969 654 boc
986 600 1047 668 lepe
1073 601 1270 656 mentariorum
1287 601 1372 657 imese
1390 604 1518 655 Damaso
1538 610 1566 657 et
1580 603 1733 658 Ambrosio
1752 602 1910 673 σύγχρονον

210 690 314 755 utitur,
341 705 398 758 quo
428 688 538 757 potior,
573 694 600 738 et
625 685 670 739 eir
697 703 811 740 tenorem
835 705 891 740 non
915 686 1047 752 dimittat,
1073 685 1180 757 colligit
1208 692 1353 743 comment.
1388 693 1410 742 1.
1439 686 1560 742 Timotb.
1585 692 1610 743 3.
1636 695 1666 743 et
1687 688 1741 744 sub
1767 687 1912 742 Ambrosii

210 773 378 826 subauditur
396 780 488 825 autem
507 778 622 840 excepta
643 772 852 839 fornicationis
875 789 970 826 causa.
1007 771 1047 823 Et
1073 773 1183 826 nomine
1202 772 1313 843 saepius
1334 771 1444 827 eosdem
1465 772 1583 844 allegat,
1612 773 1672 844 ejus
1689 773 1778 845 igitur
1794 770 1909 829 auctori-

212 858 277 912 ideo
291 875 346 911 non
372 857 490 925 subjecit
507 857 611 921 dicens,
638 857 711 910 sicut
735 858 771 909 de
790 858 920 925 mulium,
946 856 1049 926 mocisi
1074 862 1160 912 tatem
1179 875 1234 912 non
1254 863 1347 928 potest
1365 859 1477 929 penitus
1490 858 1646 929 repudiare,
1665 859 1832 931 praesertim
1849 875 1909 912 cum

211 945 380 1011 doceam,
397 958 511 995 manem
529 942 583 1008 sic,
606 943 673 1010 quia
690 944 752 995 uiro
776 942 841 996 licet
860 945 963 996 ducere
979 959 1047 996 uco-
1074 941 1144 997 haec
1163 943 1249 998 verba
1266 945 1356 1000 relata
1377 945 1433 999 sint
1452 961 1470 999 a
1487 945 1618 1000 Gratiano
1635 945 1665 999 in
1679 946 1728 1015 jus
1746 946 1909 1000 mannicum

210 1047 284 1094 rem,
298 1031 325 1082 si
346 1029 485 1082 dimiserit
510 1045 624 1081 ucorem
638 1037 815 1098 peccantem,
842 1030 910 1098 quia
928 1029 1047 1082 nonita
1071 1027 1124 1081 sub
1144 1028 1283 1083 Ambrosii
1301 1030 1382 1084 titulo
1396 1046 1420 1084 c.
1435 1047 1504 1084 uxor
1530 1037 1583 1086 etc.
1601 1037 1642 1087 32.
1657 1039 1765 1101 quaest
1785 1038 1809 1088 l.
1838 1031 1909 1086 unde

210 1116 271 1185 lepe
294 1115 495 1182 constrinpitur
519 1116 575 1184 oir,
601 1116 673 1168 sicnet
701 1115 812 1171 mulier.
859 1116 950 1183 Caput
973 1115 1046 1168 enim
1073 1113 1160 1168 etiam
1178 1114 1339 1169 canonistas
1358 1122 1415 1170 mm
1439 1132 1553 1185 operose
1570 1124 1599 1171 et
1617 1117 1725 1172 solicite
1742 1117 1909 1188 disquirunt,

211 1201 339 1255 mrdieris
359 1201 403 1253 oir
422 1207 471 1257 est.
508 1198 550 1252 Ex
567 1198 609 1253 bis
630 1199 775 1254 manifeste
794 1207 912 1268 constat,
929 1199 1046 1253 Ambro-
1074 1199 1211 1269 quomodo
1235 1200 1332 1255 eadem
1359 1200 1499 1271 explicare
1521 1202 1566 1256 vel
1583 1203 1676 1272 potins
1700 1209 1831 1274 torquere
1849 1218 1909 1272 pos·

210 1287 280 1340 sium
316 1286 376 1339 viro
408 1291 574 1355 potestatem
600 1285 664 1340 novi
699 1286 864 1341 matrimonii
890 1286 956 1339 dara
983 1290 1047 1356 post
1072 1286 1142 1350 sint,
1170 1303 1205 1341 ue
1225 1303 1292 1341 suae
1318 1287 1442 1358 opinioni
1459 1287 1645 1345 adversentur.
1688 1288 1784 1343 Sixtus
1807 1288 1908 1343 Senen-

211 1372 360 1426 divortium
383 1371 513 1426 adulterii
538 1388 623 1426 eausa
649 1371 761 1427 factum.
803 1371 918 1442 Excipit
941 1371 1045 1425 Bellar·
1073 1372 1110 1424 sis
1130 1371 1194 1426 libi.
1213 1378 1237 1428 6.
1256 1371 1383 1428 biblioth.
1408 1380 1502 1428 annot.
1521 1380 1563 1430 81.
1589 1374 1908 1446 pinguessimum

210 1459 310 1519 minus,
328 1457 417 1528 primo
445 1456 616 1511 Gratianum
645 1463 686 1512 32.
707 1475 733 1530 q.
760 1464 784 1512 7.
803 1464 831 1514 et
854 1458 1046 1511 Lornbardum
1073 1474 1171 1512 manus
1187 1464 1216 1513 et
1233 1457 1412 1513 Ambrosium
1435 1459 1521 1514 refert
1541 1460 1570 1514 in
1588 1461 1704 1516 classem
1720 1477 1834 1524 eorum,
1862 1460 1910 1528 qni

210 1551 236 1601 i.
268 1549 339 1601 sent.
373 1543 436 1598 dist.
469 1547 510 1598 35.
552 1545 732 1611 contendere,
763 1561 796 1596 ea
828 1544 913 1597 uerba
938 1544 1045 1596 inserta
1072 1552 1150 1597 certa
1180 1553 1206 1597 et
1235 1545 1395 1600 indubitata
1421 1548 1578 1600 assertione
1609 1549 1756 1616 utriusque
1792 1548 1908 1619 repudii

209 1631 300 1695 fuisse
327 1630 523 1684 commentario
549 1629 633 1696 injus
659 1630 785 1682 auctorit
809 1629 846 1682 ab
870 1629 967 1698 aliquo
980 1629 1045 1695 soi·
1075 1632 1172 1698 quoad
1204 1638 1295 1684 torrem
1326 1639 1352 1684 et
1387 1632 1528 1686 uinculum
1564 1633 1707 1687 licentiam
1740 1634 1909 1701 probarunt.

211 1719 299 1771 sorio.
345 1715 569 1786 Respondemus:
597 1715 650 1770 bae
669 1716 831 1785 exceptione
849 1715 914 1769 elidi
932 1720 1047 1785 possent
1072 1719 1097 1771 t.
1116 1715 1303 1781 Pollentiam,
1329 1717 1377 1787 qui
1394 1717 1544 1789 Augustini
1565 1725 1688 1789 tempore
1706 1718 1777 1773 vixit
1794 1720 1909 1790 ejusque

210 1803 311 1871 omnia,
329 1817 513 1873 quaecunque
531 1819 564 1857 ex
581 1807 692 1872 patrum
711 1800 821 1871 scriptis
835 1800 871 1854 ab
883 1799 1046 1855 adversaris
1072 1801 1226 1858 sentcntiae
1243 1802 1279 1857 de
1298 1801 1395 1858 illicito
1412 1809 1476 1873 post
1487 1803 1635 1858 divortium
1653 1805 1787 1875 conjugio
1803 1813 1909 1859 conua-

211 1898 308 1944 contra
327 1906 378 1943 nos
396 1888 581 1959 proferuntur.
612 1885 709 1957 Stylue
727 1886 825 1940 horum
842 1886 989 1941 verborum
1009 1885 1045 1938 ad
1072 1886 1154 1956 dixit,
1191 1904 1224 1942 ex
1255 1905 1311 1960 quo
1342 1897 1472 1958 apparet,
1504 1907 1559 1945 non
1589 1890 1676 1945 fuisse
1707 1889 1780 1944 illud
1808 1891 1909 1962 dogma

209 1975 340 2030 amussim
358 1974 487 2045 congmit
504 1990 566 2028 cum
580 1973 689 2045 reliqua
704 1972 836 2028 orationis
849 1989 992 2043 compage,
1013 1988 1046 2025 ae
1072 1972 1239 2028 catholicum
1265 1975 1294 2027 in
1318 1975 1434 2029 ecclesia
1455 1974 1589 2031 habitum.
1634 1975 1749 2047 Excipit
1768 1975 1908 2031 Ballarmi-

210 2060 234 2116 si
250 2077 268 2115 a
285 2060 397 2114 falsario
416 2061 545 2114 dicantur
566 2059 678 2124 addita,
693 2060 781 2113 textui
798 2058 951 2128 apostolico
973 2075 1044 2113 com·
1072 2076 1138 2127 nus,
1161 2059 1333 2113 Pollentiam
1360 2062 1517 2129 Aupustino
1537 2080 1593 2116 non
1614 2063 1836 2127 contradictore,
1860 2064 1909 2116 sed

212 2146 341 2201 mentarii
367 2146 428 2200 vice
459 2145 527 2199 nihil
553 2144 717 2216 asscriptum
743 2145 829 2199 inisse
853 2151 1045 2215 consequetur.
1072 2146 1151 2199 circa
1183 2148 1370 2214 qrraestionem
1401 2149 1551 2203 obscuram
1584 2158 1692 2204 tantum
1724 2151 1907 2212 consuluisse,

210 2233 354 2289 Secundo:
372 2232 427 2286 alii
446 2234 630 2301 respondent,
651 2232 730 2301 laquei
753 2239 894 2284 auctorem
909 2232 990 2285 illum
1010 2233 1046 2282 de
1071 2238 1169 2301 postea
1197 2233 1293 2303 addit,
1322 2242 1446 2304 tempore
1474 2236 1629 2304 Auprsstini
1658 2254 1715 2290 non
1745 2237 1840 2300 fussee
1858 2236 1908 2288 boc

210 2320 272 2390 lepe
285 2320 408 2389 politica
428 2336 588 2388 camacum,
613 2320 691 2390 quod
714 2318 844 2371 videlicet
864 2317 949 2370 liceat
967 2317 1045 2379 uires,
1073 2320 1176 2384 dopna
1203 2320 1240 2372 ab
1278 2320 1376 2390 aliquo
1407 2322 1538 2388 penerali
1570 2322 1691 2375 concilia
1730 2321 1908 2391 explicatum,

209 2423 265 2460 non
286 2414 377 2460 antem
395 2407 517 2471 seminis
538 2422 594 2474 per
619 2407 694 2479 leges
712 2421 867 2474 caesarum,
893 2404 1046 2473 repudiata
1073 2405 1191 2474 ideoque
1207 2406 1329 2468 facilius
1348 2407 1627 2477 accusaripatuisse‚
1645 2408 1739 2476 siqui
1758 2409 1812 2461 isac
1832 2409 1861 2460 in
1879 2423 1909 2459 re

210 2493 329 2561 conirspe
347 2493 437 2546 aliam
457 2494 567 2547 ducere.
598 2490 822 2562 Respondemus:
840 2492 895 2546 imo
912 2506 1045 2545 veronen
1073 2499 1210 2546 errarent.
1274 2490 1499 2560 Respondemus:
1541 2492 1718 2549 Chemnicius
1762 2511 1797 2550 ex
1833 2493 1909 2548 libris

207 2579 279 2650 juris
297 2578 396 2647 civilis,
416 2578 464 2632 sed
482 2595 560 2632 suam
574 2577 738 2632 Ambrosius
753 2578 866 2649 exponit
881 2577 1045 2631 senoentiam
1073 2576 1224 2647 August-ini
1252 2576 1289 2631 ad
1320 2576 1488 2633 Pollentiam
1515 2579 1583 2632 nihil
1614 2580 1690 2634 aliud
1721 2580 1909 2635 demonstrare

210 2681 329 2736 eamque
362 2682 395 2719 ex
424 2670 503 2719 testu
534 2664 702 2735 apostolico,
734 2665 763 2718 in
791 2681 846 2736 quo
875 2664 917 2717 vir
945 2664 1047 2717 dicitur
1073 2662 1176 2728 soluit,
1205 2679 1289 2733 quam
1314 2663 1388 2733 quod
1406 2663 1475 2719 haec
1494 2666 1620 2736 quaestio
1640 2666 1675 2721 de
1692 2682 1765 2721 novo
1785 2672 1850 2737 post
1870 2665 1908 2719 di·

211 2753 310 2806 ucoris
329 2758 422 2820 capnt,
440 2749 559 2820 probare
576 2758 700 2807 conatur.
733 2750 815 2815 Quod
832 2749 951 2813 additur,
971 2751 1046 2802 l'ou·
1074 2749 1192 2802 sortium
1213 2748 1386 2803 matrimonio
1404 2749 1489 2819 (quod
1510 2750 1671 2806 Ambrosius
1689 2751 1750 2806 viro
1766 2767 1908 2807 concesse

209 2838 280 2906 ium,
300 2854 335 2891 ne
356 2839 510 2907 offenderet
535 2853 694 2902 onerarem,
712 2836 903 2890 conuoluisse
921 2852 1049 2904 expresse
1073 2839 1129 2901 rat,
1161 2833 1240 2887 uxori
1271 2852 1337 2889 vero
1369 2834 1568 2906 denegaverat)
1601 2842 1727 2907 tempore
1759 2836 1910 2908 Augustini

210 2924 319 2990 dicere,
350 2925 376 2976 ei
398 2923 442 2975 cir
468 2923 608 2975 dimiserit
633 2938 761 2987 uxorem,
788 2928 899 2975 moneat
921 2924 963 2975 sic
1000 2929 1049 2974 aut
1074 2920 1211 2975 horridius
1232 2938 1265 2976 ac
1283 2919 1401 2990 rigidius
1421 2920 1506 2975 fuerit
1531 2920 1674 2993 disputata
1691 2938 1725 2976 ac
1745 2922 1855 2987 demea,
1872 2924 1910 2976 ita

210 3011 295 3065 urori
310 3009 518 3072 reconcilietur,
537 3015 645 3077 pugnat
661 3024 724 3061 cum
743 3010 883 3080 παρρησίᾳ
894 3006 1047 3077 apostolica
1074 3013 1107 3060 ut
1124 3006 1183 3060 viro
1201 3022 1312 3078 quoque
1329 3012 1453 3076 potestas
1470 3006 1535 3061 novi
1553 3007 1720 3062 matrimonii
1733 3007 1910 3075 adimeretur,

210 3102 240 3152 et
257 3111 355 3167 parum
377 3094 456 3149 abest
478 3109 496 3147 a
520 3093 699 3163 blasphemia
738 3092 848 3148 Tertio:
868 3095 985 3162 quidam
1002 3111 1046 3146 ca·
1074 3092 1204 3162 quodque
1227 3092 1277 3146 ilia
1295 3092 1448 3163 Augustini
1471 3092 1566 3145 durior
1585 3093 1725 3148 sententia
1740 3110 1796 3148 non
1817 3094 1910 3148 statim

208 3183 338 3238 nonistoe
357 3182 542 3250 respondent,
568 3181 647 3248 ioqui
664 3181 844 3233 Ambronnm
865 3183 900 3233 de
919 3198 988 3233 casu
1006 3182 1048 3233 in·
1073 3178 1159 3232 fuerit
1176 3177 1213 3233 ab
1230 3178 1358 3232 omnibus
1377 3185 1505 3248 recepta,
1532 3177 1561 3231 id
1584 3178 1658 3249 quod
1686 3195 1719 3233 ex
1737 3179 1910 3235 dubitatione

210 3277 352 3323 aestuosae
363 3266 573 3332 fornicationis.
606 3264 725 3328 Quarto:
735 3265 791 3319 alii
803 3282 835 3318 eo
848 3266 957 3335 abeunt,
973 3269 1049 3336 quod
1073 3272 1102 3320 et
1120 3264 1322 3319 consultatione
1335 3263 1467 3318 Pollentii
1479 3265 1624 3320 manifesto
1637 3271 1764 3336 apparet.
1795 3266 1825 3322 Si
1837 3266 1908 3321 enim

209 3364 275 3426 post
292 3361 408 3407 mortem
420 3353 567 3405 adulterae
583 3352 645 3405 uiro
665 3353 716 3405 boc
737 3352 823 3406 licere
835 3362 972 3407 censeant.
993 3352 1047 3407 Sed
1074 3349 1126 3405 hoc
1140 3349 1292 3421 Augustini
1300 3348 1401 3420 dogma
1409 3347 1507 3404 fuisset
1514 3349 1551 3403 ab
1560 3350 1689 3405 omnibus
1695 3351 1810 3423 publico
1824 3353 1909 3407 eccle

211 3440 282 3494 nibil
299 3438 397 3492 borum
417 3439 541 3492 intexta
559 3436 680 3504 additur,
699 3436 762 3491 ideo
775 3439 976 3506 praetermissis
992 3438 1047 3492 illis
1074 3437 1132 3491 siae
1150 3452 1285 3491 consensu
1304 3442 1461 3505 receptum,
1485 3435 1640 3491 Pollentiae
1664 3439 1857 3508 quaestionem
1875 3438 1909 3493 de

212 3524 339 3581 omnibus
357 3523 542 3579 Ballarminus
562 3522 675 3577 undem
692 3539 724 3578 eo
742 3522 811 3591 abit,
829 3525 903 3594 quod
916 3541 1046 3577 commen·
1073 3539 1106 3576 eo
1135 3538 1191 3576 uon
1222 3521 1352 3576 movisset
1390 3538 1442 3576 nec
1467 3520 1628 3592 Scripturas
1646 3523 1729 3592 {dicta
1746 3523 1776 3578 in
1803 3530 1909 3579 conua-

150 3640 154 3647 ·
212 3614 284 3668 terii
322 3611 370 3664 iili
398 3628 454 3663 non
483 3611 540 3663 sint
566 3601 713 3663 Ambrosii
747 3625 835 3677 neque
864 3610 987 3678 alicrrjns
1015 3628 1048 3664 en
1073 3609 1143 3662 rium
1162 3607 1332 3663 adduxisset.
1372 3607 1452 3672 Quod
1471 3607 1658 3664 Ballarminus
1678 3610 1768 3677 addit,
1786 3618 1909 3683 tempore

212 3697 362 3754 celebratis
380 3696 518 3766 patribus.
556 3694 781 3764 Respondemus:
805 3694 898 3749 Sixtue
917 3695 1046 3752 Senensis
1072 3694 1908 3764 Aupeestininonfuiseebocdopmuaboliqrsopeneraiicon·

211 3784 360 3840 Ambrosio
380 3780 490 3837 eosdem
510 3780 614 3842 tribuit,
630 3797 664 3834 ac
683 3797 730 3835 eos
750 3781 863 3850 quidem
877 3783 1046 3836 bresecam
1073 3782 1141 3834 cilio
1157 3780 1378 3847 determinatum,
1396 3779 1425 3834 id
1438 3787 1559 3835 noemam
1570 3780 1715 3835 confirmat
1732 3783 1907 3845 sententiam,

212 3872 243 3925 in
261 3869 364 3937 uerbis,
382 3869 434 3920 secl
451 3865 649 3919 sistentiarum
664 3867 791 3935 pondere
809 3884 909 3935 proves
926 3884 1046 3938 pronun·
1072 3883 1106 3921 ex
1124 3884 1157 3921 eo
1175 3867 1248 3922 euim
1275 3867 1417 3921 evidenter
1438 3867 1586 3938 colligitur,
1611 3867 1686 3938 quod
1705 3873 1766 3923 tum
1785 3869 1908 3924 nondum

212 3956 272 4012 tiat.
314 3953 446 4009 Erasmus
468 3959 576 4006 tantum
595 3959 759 4022 argumenta
782 3951 890 4007 illorum
909 3970 1045 4008 commen·
1072 3953 1156 4007 fuerit
1181 3970 1230 4023 pro
1258 3953 1388 4024 dogmate
1411 3953 1548 4008 catholico
1573 3953 1602 4007 in
1627 3954 1747 4009 eoeleda
1774 3955 1907 4023 habitum,

210 4041 344 4098 turiurum
361 4037 514 4108 improbat,
535 4045 567 4091 ut
585 4054 656 4108 quae
674 4054 730 4092 non
747 4038 803 4092 sint
820 4037 975 4107 Ambrosii,
996 4039 1045 4094 sed
1073 4039 1118 4093 cui
1131 4054 1187 4092 non
1199 4038 1311 4093 licuerit
1322 4039 1379 4093 ulla
1392 4039 1500 4094 ratione
1513 4040 1711 4097 contradicere.
1746 4047 1770 4095 5.
1785 4045 1907 4109 ieonesn,

211 4129 300 4198 inepti
318 4125 465 4195 cujusdam
485 4123 731 4193 consarcinatoris,
748 4124 777 4178 in
804 4124 871 4194 ipsis
891 4142 956 4180 vero
974 4143 1045 4181 com·
1073 4124 1168 4195 quiin
1187 4124 1265 4192 epist.
1286 4131 1327 4180 85.
1346 4125 1417 4180 alias
1435 4130 1477 4182 at.
1495 4125 1531 4179 ad
1551 4126 1695 4197 episcopos
1714 4125 1832 4183 Africae
1847 4145 1870 4183 o.
1887 4136 1906 4184 t.

211 4213 353 4269 mortariis
372 4210 442 4265 nihil
466 4210 618 4264 admixtum
643 4210 728 4264 alieni
752 4227 782 4264 se
801 4212 966 4282 comperisse
984 4228 1046 4283 pro·
1071 4213 1254 4278 sacerdotem,
1272 4212 1323 4279 qui
1339 4212 1459 4265 dimissa
1482 4229 1569 4266 neore
1585 4212 1675 4266 olium
1693 4213 1830 4279 decrerat,
1851 4223 1907 4270 ton·

210 4298 313 4355 fitetur.
348 4299 463 4352 Illorum
479 4296 587 4369 judicio
604 4313 684 4351 suum
702 4297 782 4352 addit
799 4297 936 4352 calculum
953 4306 1045 4353 noster
1072 4306 1130 4351 tum
1149 4299 1185 4351 ab
1209 4299 1308 4351 ordine
1333 4306 1470 4365 removet,
1498 4316 1554 4351 non
1581 4307 1673 4353 auum
1700 4301 1907 4356 matrimonium

210 4384 386 4442 Cbemnicius
420 4384 449 4437 in
485 4390 553 4439 orat.
585 4383 620 4439 de
651 4383 714 4440 lect.
743 4391 861 4452 patrum.
920 4385 1046 4455 Optimm
1072 4386 1134 4452 ejus
1153 4384 1262 4437 dirimit
1283 4391 1334 4437 aut
1358 4401 1419 4437 eum
1443 4385 1480 4437 ab
1504 4385 1639 4439 melesius
1659 4388 1851 4442 communione
1867 4405 1906 4443 re·

211 4473 323 4542 (inquit)
340 4471 422 4524 labor
438 4471 596 4539 Ambrosii,
623 4472 701 4540 qnod
720 4472 750 4523 in
769 4487 864 4524 omnes
882 4472 971 4524 Pauli
988 4472 1045 4540 epi·
1068 4470 1162 4540 pellit.
1208 4468 1321 4539 Excipit
1338 4468 1538 4534 Ballarminus,
1562 4471 1682 4526 Manem
1702 4489 1759 4526 non
1777 4474 1858 4544 ioqui
1873 4475 1907 4526 de

210 4560 300 4613 notas
321 4558 534 4612 commentarios
559 4556 682 4628 scripsit.
728 4556 867 4624 Jesuitae,
895 4558 963 4627 quia
979 4558 1045 4612 Am·
1071 4557 1233 4624 sacerdote,
1265 4555 1314 4623 qui
1346 4564 1412 4624 post
1447 4564 1603 4626 susceptum
1633 4574 1745 4611 sucrum
1783 4561 1907 4615 ordinem

209 4642 295 4700 brosii
314 4660 361 4699 eos
379 4659 439 4698 csse
456 4649 570 4712 negant,
590 4642 625 4696 de
638 4649 751 4697 auctme
779 4659 834 4697 non
852 4645 1043 4711 consentiunt;
1072 4659 1184 4697 acorem
1200 4643 1324 4707 decad,
1346 4644 1398 4695 sed
1419 4644 1455 4697 de
1476 4644 1614 4713 quodam,
1631 4644 1690 4714 qui,
1712 4661 1776 4698 cum
1795 4662 1907 4701 morem

84 4736 142 4790 tvl.
153 4734 198 4779 tte.
210 4729 395 4786 Ballarminus
408 4734 437 4782 in
448 4727 519 4783 libro
534 4727 568 4782 de
581 4727 673 4797 script.
692 4728 885 4783 ecclesiasticis
899 4729 953 4783 sub
965 4729 1046 4784 titulo
1057 4718 1060 4785 l
1072 4727 1240 4799 accepisset,
1255 4729 1356 4796 priore
1375 4727 1506 4796 einana,
1533 4738 1636 4798 postea
1658 4732 1700 4783 ad
1718 4732 1906 4786 sacrdotium

212 4817 379 4871 Ambrosius
409 4814 508 4870 tribuit
537 4830 584 4868 eos
616 4814 725 4869 cuidam
756 4814 895 4872 haeretico
923 4815 1046 4871 Luciferi
1069 4822 1216 4884 promotus
1228 4814 1335 4881 fuerat,
1352 4813 1425 4866 bunc
1443 4814 1500 4868 Leo
1518 4814 1553 4867 ab
1570 4816 1672 4870 ordine
1689 4826 1821 4881 removet,
1837 4817 1906 4872 nibil

213 4901 343 4958 secutori
372 4901 502 4955 Hiliario
533 4900 625 4971 dicto,
652 4901 830 4957 Maidonatus
856 4902 884 4956 in
917 4920 978 4973 cap.
1006 4909 1045 4959 19.
1072 4909 1163 4955 autem
1188 4900 1287 4969 addit,
1325 4902 1360 4953 de
1396 4900 1574 4955 matrimonio
1601 4902 1677 4971 ejus,
1704 4912 1835 4959 ratumne
1870 4922 1906 4958 on

210 4987 310 5043 Matth.
335 5006 361 5041 v.
383 4995 405 5044 9.
429 4995 458 5043 et
481 4987 510 5042 in
537 5004 599 5058 cap.
621 4994 646 5044 3.
673 4987 773 5043 Johan.
799 5006 823 5043 v.
844 4996 868 5044 5.
916 4989 1045 5059 Remipio
1071 4987 1184 5040 irritum
1202 4993 1282 5054 meet,
1299 4993 1357 5038 tum
1376 4987 1444 5053 quia
1464 5003 1520 5040 non
1538 4995 1599 5040 erat
1617 4991 1644 5041 ei
1658 4991 1811 5058 proposita
1824 5006 1905 5061 qrrae·

209 5075 407 5144 Lupdunensi,
435 5075 483 5146 qui
502 5090 576 5129 anno
595 5073 708 5129 Domini
727 5080 786 5131 tto.
807 5075 889 5144 uixit,
915 5093 961 5132 eos
979 5077 1046 5131 assi·
1072 5074 1127 5127 etio
1143 5073 1202 5126 nisi
1222 5074 1258 5126 de
1277 5073 1471 5135 ordinatione,
1495 5090 1533 5126 an
1556 5073 1664 5128 scilicet
1682 5075 1751 5129 talis
1767 5076 1851 5132 bomo
1870 5077 1908 5131 ad

208 5169 296 5234 gnat3
321 5159 449 5214 Pererius
474 5161 534 5216 libr.
554 5168 578 5216 3.
597 5168 745 5216 comment
765 5161 794 5216 in
814 5160 884 5217 Gen.
902 5178 967 5233 pag.
986 5167 1043 5216 ³70.
1070 5160 1262 5214 sacerdotium
1286 5160 1449 5228 promoueri
1469 5160 1623 5228 potuisset,
1642 5169 1698 5214 tum
1717 5163 1788 5231 quio
1807 5163 1907 5218 ibidem

209 5252 239 5303 et
260 5247 289 5301 in
317 5245 397 5316 epist.
418 5245 496 5300 Rom.
527 5246 598 5318 disp.
622 5253 645 5301 5.
673 5247 710 5302 ad
736 5263 795 5318 cap.
817 5253 842 5304 6.
868 5246 989 5302 Lorinus
1016 5248 1045 5303 iu
1072 5247 1168 5310 addit,
1194 5247 1276 5300 soloe
1307 5263 1368 5300 esse
1396 5247 1495 5301 debere
1515 5249 1770 5318 praedecessorum
1796 5267 1906 5305 morum

209 5350 271 5405 cap.
295 5339 334 5388 15.
361 5333 456 5386 Actor.
475 5332 616 5387 Ambrosii
640 5348 701 5388 esse
722 5339 840 5405 negant,
866 5333 916 5388 scd
940 5340 1044 5389 certum
1072 5335 1194 5396 decreta,
1205 5334 1279 5385 inter
1290 5349 1363 5402 quae
1375 5340 1415 5386 cst
1429 5335 1570 5386 decretum
1582 5335 1743 5389 innocentii
1753 5335 1780 5390 I.
1793 5336 1906 5404 epistt.

208 5434 303 5474 eorum
328 5426 470 5473 auctorem
489 5435 545 5472 non
563 5419 715 5474 nominant.
745 5419 889 5490 Quidquid
903 5419 946 5488 sit,
964 5420 1044 5475 uobis
1072 5438 1126 5489 quo
1146 5420 1329 5473 declarantur
1345 5419 1482 5484 adulteri,
1500 5420 1551 5487 qui
1562 5422 1664 5488 priore
1683 5422 1806 5476 dimissa
1825 5424 1906 5477 etiam

208 5503 321 5574 sufficit,
338 5520 398 5562 esse
415 5503 562 5573 cujusdam
592 5505 712 5563 auctoris
728 5506 895 5562 vetustioris.
937 5506 1045 5562 Bnllar·
1069 5524 1124 5576 per
1140 5506 1296 5575 lepitimum
1315 5506 1467 5562 diuortium
1487 5506 1577 5561 aliam
1594 5509 1709 5565 ducum.
1743 5508 1905 5582 Emponds·
