4020 6022
1357 46 1364 79 ἱ
1380 98 1385 107 ι

241 203 301 263 282
812 196 933 255 LOCUS
951 194 1155 255 moralitas
1176 196 1343 261 QUINTUS

241 350 269 405 in
289 368 344 424 qua
364 352 425 409 Deo
443 354 547 425 panas
563 352 636 425 agit,
658 351 732 422 quod
752 351 805 407 hae
821 368 956 422 personae
975 350 1067 406 matri·
1082 352 1212 451 'sermon
1232 358 1254 407 9.
1279 351 1326 407 ubi
1345 352 1484 423 Agnetsm
1506 350 1541 404 de
1563 346 1674 404 Christo
1697 364 1801 418 manso
1823 364 1875 402 suo
1892 347 1934 401 sic

241 439 330 495 monio
349 440 406 493 sint
422 441 568 509 copulatae
585 456 619 494 ac
637 440 747 508 utrique
768 455 900 492 novorum
919 441 1069 510 conjugum
1096 438 1253 510 loquentem
1273 437 1436 491 introducit:
1457 436 1572 490 Annstlo
1583 434 1658 503 fidei
1667 451 1736 488 mas
1749 433 1934 487 subarrhavit

240 542 273 580 ex
300 542 333 580 eo
350 526 415 579 vino
439 525 581 595 propinat,
606 541 723 594 sponsus
745 531 837 580 summ
862 525 939 595 prius
966 526 1069 579 vitrum
1096 541 1146 590 mc,
1165 524 1274 577 ornarat
1290 540 1331 575 ms
1350 520 1553 575 innominabili
1578 520 1783 587 ιιιιιιιιιιιινίο,
1801 521 1932 572 dustram

240 610 460 683 desponsationis
483 611 511 665 in
538 616 638 664 terram
663 611 774 681 projicit
799 610 883 681 inque
910 610 1070 664 memoriam
1096 627 1185 663 measa
1203 618 1230 662 et
1255 610 1358 663 solima
1383 626 1471 662 meum
1500 608 1588 661 cinnii
1616 605 1765 674 lapidibus
1787 604 1932 674 pretiosis.

241 695 374 751 destructi
393 696 487 767 templi
506 696 751 766 Hierosolymitani
770 696 927 768 confringit
963 695 1069 750 Eadem
1100 696 1235 748 Tradidit
1253 696 1369 758 nuribus
1386 695 1456 747 meris
1474 692 1692 749 inaestimabiles
1710 692 1889 759 nmrpnritas
1907 698 1932 741 st

241 783 275 837 de
291 799 376 837 causa
400 783 427 836 in
455 782 621 853 quibusdam
638 783 705 837 locis
732 784 852 837 cinerem
872 783 955 851 capiti
976 780 1070 851 sponsi
1096 782 1282 835 cirmnadsdit
1311 798 1353 832 me
1382 780 1562 833 vernantibus
1593 786 1675 846 atque
1702 776 1932 831 eonnseaatttu·

239 870 410 939 inspergunt,
429 886 462 922 ac
481 885 598 939 sponsus
611 871 693 938 sss'pro
707 886 804 939 panno
816 869 904 923 instar
915 867 1069 938 lugentium
1097 870 1217 934 (resumis.
1253 866 1533 933 induitmccpclade
1554 882 1628 918 auro
1645 870 1720 917 teum
1737 870 1765 916 st
1781 862 1932 915 mondihus

239 959 324 1024 capnt
343 953 495 1008 involutum
516 954 609 1008 habet.
651 958 674 1007 8.
692 954 822 1007 Concinit
845 955 983 1024 nsustinlis
1002 953 1069 1005 ocle-
1097 953 1207 1006 mnaait
1227 970 1276 1005 me.
1307 950 1481 1022 Nicephorus
1500 949 1563 1006 libr.
1579 956 1618 1005 ts.
1637 948 1734 1007 histor.
1752 948 1854 1003 eccles.
1869 964 1890 1001 c.
1903 952 1927 1003 8.

241 1041 348 1107 ὁιαιιο,
368 1041 441 1111 qnod
460 1040 512 1111 ipsi
530 1048 631 1095 vocant
652 1040 727 1107 o‘ltt.
764 1041 797 1094 ln
815 1057 848 1095 eo
862 1054 978 1109 sponsus
996 1037 1070 1091 clara
1097 1039 1220 1093 llauritii
1241 1038 1414 1109 imperatoris
1432 1043 1461 1092 st
1481 1035 1680 1092 Constantinus
1698 1034 1814 1104 nuptias
1830 1031 1930 1088 tucn-

238 1144 305 1181 voce
322 1126 454 1196 prolixam
472 1127 622 1181 orationem
637 1126 713 1196 prius
731 1127 873 1190 decurtat,
899 1130 995 1194 postea
1011 1123 1070 1193 gal·
1083 1126 1165 1191 ¹bens
1177 1125 1249 1180 inter
1269 1131 1362 1180 cetera
1377 1124 1418 1179 sic
1435 1124 1570 1193 loquitur:
1590 1122 1756 1191 Apparatui
1767 1121 1931 1189 nuptiarum

239 1212 296 1267 lina
314 1221 394 1268 cocta
413 1230 476 1266 oum
501 1230 552 1267 ovo
579 1213 708 1277 affertur,
730 1230 812 1283 quam
831 1212 956 1266 certatim
977 1214 1201 1281 omnes'affusrs
1221 1228 1288 1265 aera
1307 1211 1337 1264 in
1357 1213 1451 1264 Deum
1465 1210 1561 1280 pictos
1580 1217 1605 1261 ct
1623 1206 1817 1279 Imperatoria
1838 1205 1932 1273 Majo-

240 1298 401 1365 dilacerant,
413 1298 523 1351 tandem
538 1298 662 1368 sequitur
675 1297 765 1368 ipsum
783 1300 895 1352 solenne
907 1295 1070 1361 convivium,
1096 1305 1156 1351 stas
1173 1298 1308 1352 satellitio
1327 1296 1496 1350 Msmritium
1519 1296 1699 1362 similemque
1717 1292 1868 1359 conjupcm
1886 1293 1933 1345 ds·

239 1384 313 1455 quod
344 1383 507 1454 plerumque
535 1402 590 1453 per
617 1384 678 1437 dies
705 1392 765 1438 octo
794 1382 970 1454 protrahitur.
1012 1380 1070 1437 Sub
1097 1386 1252 1438 surdissime
1277 1385 1411 1453 stipantes
1435 1391 1461 1436 et
1484 1385 1560 1437 dono
1583 1382 1624 1434 cris
1644 1399 1729 1450 prtum
1746 1380 1930 1446 lionomficen·

241 1469 325 1524 hinem
342 1469 515 1524 solennitatis
532 1469 683 1523 convivalis
697 1469 851 1538 peculiares
868 1467 981 1523 choreas
995 1467 1070 1521 insti-
1096 1471 1201 1523 lissinis
1227 1472 1389 1540 offerentes,
1415 1469 1470 1522 illa
1494 1484 1613 1539 aramque
1637 1467 1745 1521 canicie
1769 1466 1932 1519 uenerando

241 1560 341 1623 luunt,
378 1572 447 1625 quas
475 1562 576 1609 vocant
597 1556 696 1629 ιᾟὶζις,
727 1554 755 1608 in
776 1554 905 1609 honorem
930 1551 1070 1623 praecepti
1098 1557 1309 1624 tacentibusque
1339 1556 1418 1623 rupis
1445 1556 1539 1623 patris
1570 1562 1654 1622 atque
1685 1552 1786 1606 matris
1820 1552 1932 1619 nuptias

242 1638 327 1694 divini
346 1640 382 1693 de
400 1641 504 1711 nuptiis
528 1647 582 1695 etc.
619 1640 691 1695 Vide
715 1638 898 1695 Buxtorifinm
925 1641 953 1693 in
973 1655 1071 1709 synag.
1096 1643 1332 1707 sanctificandum
1372 1644 1551 1709 fratrumque
1587 1646 1766 1693 venustorum
1796 1639 1931 1705 conjupa·

239 1724 352 1781 ludaic.
390 1743 450 1796 cap.
479 1732 521 1781 38.
558 1726 656 1782 Christ.
696 1725 848 1780 Gereonem
883 1725 945 1780 libr.
978 1731 998 1780 l.
1036 1724 1071 1778 de
1096 1730 1150 1781 lent
1196 1736 1367 1798 apparatum
1408 1727 1601 1781 crementiam
1648 1726 1734 1779 sicem
1774 1725 1928 1793 praesuta.

240 1811 412 1867 lut.Ta1n.
443 1829 466 1865 c.
488 1818 527 1869 to.
551 1813 654 1867 Anton.
671 1810 812 1882 Margarit.
832 1812 860 1864 in
882 1811 929 1866 lib.
948 1810 982 1865 de
1003 1810 1070 1864 lud.
1098 1816 1176 1868 llaec
1205 1822 1295 1868 atatem
1329 1831 1362 1867 er
1391 1831 1464 1867 aare
1493 1820 1647 1867 contextam
1669 1818 1771 1864 emtam
1796 1827 1931 1880 purpura

243 1897 341 1951 ritibus
359 1906 412 1953 etc.
1098 1910 1123 1953 et
1142 1901 1252 1954 indicis
1280 1901 1444 1969 maroars'tss
1462 1899 1622 1952 distinctam
1652 1915 1702 1951 nec
1728 1915 1786 1950 noa
1811 1914 1931 1950 corona

128 1997 228 2039 xatas
276 1989 335 2039 461.
372 1984 413 2038 Ex
435 1984 551 2039 historia
575 1985 706 2040 ecclesiae
726 1984 898 2039 Christianae
916 1981 1070 2053 primitivae
1098 2006 1171 2041 auro
1189 1988 1275 2040 multo
1294 1995 1319 2040 ct
1332 1988 1441 2056 lapillis
1455 1986 1612 2056 pellucidis
1625 1985 1839 2053 resplendentes
1848 2000 1933 2052 pras-

124 2059 228 2151 „2³22st
242 2070 271 2125 in
294 2072 329 2127 N.
347 2071 377 2126 T.
402 2072 570 2142 colliguntur
593 2070 621 2125 hi
652 2073 734 2127 ritus:
759 2076 782 2127 1.
808 2071 912 2125 Coram
938 2068 1071 2122 ccclctsiae
1098 2075 1163 2126 tuit.
1202 2073 1356 2128 Sabellicus
1374 2073 1437 2128 libr.
1454 2078 1474 2127 l.
1495 2071 1627 2127 enneadis
1639 2078 1663 2126 9.
1684 2076 1827 2137 memorat,
1849 2069 1933 2121 moris

112 2162 229 2253 ffftprimi·
242 2159 372 2212 ministro
387 2160 588 2229 praenuntiatio.
640 2159 793 2214 Concilium
809 2157 1027 2225 carthaginense
1047 2162 1072 2210 l.
1096 2160 1186 2222 finisse
1207 2162 1287 2231 apud
1302 2160 1427 2225 Venetos,
1443 2168 1473 2211 ιιι
1492 2159 1622 2225 oirpines,
1641 2173 1713 2225 pisae
1727 2172 1821 2224 nuper
1842 2162 1932 2208 cusu

243 2260 303 2299 can.
324 2250 363 2300 tn.
382 2252 410 2300 ct
429 2244 550 2300 habetur
568 2262 592 2299 c.
606 2248 730 2316 Sponsus
745 2252 786 2299 30.
804 2262 830 2315 q.
850 2251 879 2299 5:
900 2243 1027 2313 Spemne
1046 2250 1071 2293 ct
1099 2247 1276 2299 mutrinmnin
1294 2247 1421 2309 locatae,
1446 2245 1661 2313 timendissima
1679 2244 1757 2295 csdta
1777 2248 1933 2311 ornatuque

240 2348 346 2400 sponsa
366 2350 425 2384 mum
444 2332 627 2385 bertsdicendi
643 2341 738 2385 sunta
757 2333 913 2392 enuntiate,
932 2350 951 2383 a
966 2345 1071 2398 puren-
1093 2331 1298 2399 preciosissimo
1319 2331 1452 2404 Apostoli
1477 2332 1574 2383 (indm
1598 2336 1670 2382 strato
1702 2327 1749 2381 die
1775 2327 1934 2393 inciserunt,

239 2418 312 2471 tibus
329 2418 373 2470 ccl
388 2418 592 2488 paranymphis
616 2420 772 2488 offerantur
792 2418 821 2470 in
838 2416 959 2470 ecclesia
976 2431 1071 2466 sucer-
1097 2425 1127 2469 at
1147 2408 1305 2484 spoctamslo
1318 2425 1407 2469 maeret
1421 2417 1549 2468 sustinento
1563 2415 1664 2468 ciuium
1681 2414 1781 2469 coetui.
1814 2417 1838 2469 d.
1851 2414 1933 2466 nan-

240 2506 307 2559 doti.
352 2504 429 2558 Finis
458 2504 542 2574 hujus
568 2503 796 2575 praesentationis
824 2501 879 2556 fuit
904 2518 960 2555 non
982 2498 1069 2553 solum
1094 2505 1203 2571 padum
1226 2520 1260 2555 oc
1282 2502 1446 2567 facularum
1467 2501 1604 2555 accensio.
1651 2498 1811 2567 Hesychius
1830 2498 1890 2552 libr.
1910 2503 1934 2551 t.

239 2590 411 2646 denuntiatio
429 2590 493 2645 novi
507 2589 672 2644 matrimonii
681 2588 814 2643 ecclesiae
826 2587 909 2654 iacta,
927 2584 1070 2639 sedetiam
1097 2590 1126 2642 in
1145 2587 1261 2643 Levitic.
1278 2587 1438 2657 lampadum
1456 2587 1484 2640 in
1496 2586 1602 2656 nuptiis
1619 2585 1786 2640 usitatarum
1798 2582 1934 2651 meminit,

239 2677 391 2748 exploratio
410 2677 444 2731 de
467 2675 532 2731 fidei
560 2676 698 2743 articulis,
723 2692 760 2728 an
784 2682 900 2744 uterque
922 2673 1070 2741 conjugum
1097 2674 1270 2745 Nicephorus
1299 2674 1327 2730 d.
1348 2675 1377 2729 l.:
1405 2676 1442 2728 In
1460 2675 1567 2743 stiptiis
1586 2673 1724 2727 dicaritii
1749 2670 1935 2743 imperatoris

239 2762 322 2818 fidem
341 2762 525 2817 Christianam
541 2761 737 2832 amplectatur,
761 2759 857 2830 quales
874 2760 903 2812 in
922 2774 957 2813 ea
975 2755 1071 2811 iecerit
1097 2779 1198 2828 omnies,
1209 2762 1259 2831 qui
1270 2760 1422 2829 ιιὶφιιίιαιιι
1432 2762 1668 2830 nmpistralusque
1680 2758 1823 2827 parebunt,
1841 2756 1934 2825 splen

239 2866 402 2921 progressus
428 2854 479 2904 etc.
521 2854 547 2903 2.
574 2849 664 2901 Trina
689 2846 872 2900 denuntiatio.
917 2843 1070 2911 Concilium
1097 2848 1165 2900 dide
1187 2848 1318 2899 coronati
1340 2848 1422 2910 faces
1443 2846 1586 2915 nuptiales
1610 2843 1799 2898 accendebant
1817 2859 1935 2897 cosroen·

239 2935 427 2991 uramenta
447 2941 471 2990 2.
490 2934 558 2991 Can.
577 2940 618 2989 hl.
638 2940 666 2989 el
682 2933 800 2988 habetur
813 2948 835 2986 c.
856 2929 925 2985 Cum
943 2928 1070 2983 inhibitio
1097 2943 1207 3003 tumque
1224 2934 1422 3006 apostatantium
1441 2933 1550 3000 hymnis
1568 2950 1602 2985 ac
1621 2930 1793 2984 numinibus
1810 2929 1935 2984 colebro-

239 3038 266 3078 r.
285 3022 322 3076 de
340 3021 474 3077 clandest.
492 3020 637 3091 despons.:
658 3018 817 3088 Spectatum
836 3018 1014 3086 quorundam
1031 3015 1071 3068 lo·
1098 3022 1171 3075 terat.
1211 3028 1236 3077 5.
1258 3022 1386 3075 Coronae
1405 3020 1554 3089 impositio.
1593 3018 1716 3088 Sponsus
1734 3023 1763 3071 et
1781 3032 1888 3086 sponsa
1905 3016 1935 3069 in
1950 3024 2006 3063 itt

240 3120 337 3159 aarum
369 3108 594 3161 consuetudinem
622 3108 663 3159 ad
687 3106 750 3157 tilia
777 3104 946 3174 otneraliter
967 3118 1070 3169 urow-
1098 3109 1204 3163 solenni
1223 3108 1260 3162 ad
1275 3106 1408 3177 templum
1426 3105 1594 3159 deductione
1611 3119 1726 3158 coronas
1740 3103 1935 3174 gestabantin

241 3194 337 3258 dfflldv
358 3193 519 3259 “aldim
543 3202 573 3245 ‘tl
601 3209 663 3245 Μ
684 3189 865 3244 ’Misimia
881 3188 991 3253 sumti
1008 3203 1070 3237 ⁶0¹⁸·
1098 3195 1207 3266 signum
1227 3193 1378 3265 pudicitiae
1396 3191 1525 3247 inviolate
1549 3190 1684 3244 hactenus
1707 3198 1891 3246 consumatae
1904 3197 1934 3244 et

243 3279 398 3346 ‘mimda’
419 3280 448 3332 ²³¹
474 3280 597 3333 scalenis
610 3294 666 3346 Per
685 3276 864 3345 Pitthides&
875 3274 989 3343 publice
1003 3290 1071 3343 Pffl·
1098 3281 1230 3336 victoriae
1248 3297 1282 3335 ox
1299 3277 1533 3348 concupiscentiis
1546 3277 1636 3330 carnis
1653 3275 1827 3330 debellandis
1839 3292 1935 3345 repor-

240 3372 365 3431 ponatur
395 3366 560 3433 competenti
589 3366 705 3417 teratino
738 3361 893 3430 praefinito
928 3368 959 3413 ut
995 3362 1071 3410 intra
1098 3374 1181 3423 tatae,
1232 3366 1442 3435 chrysostomus
1471 3364 1501 3417 iu
1530 3361 1642 3416 Geum:
1683 3361 1761 3422 Quid
1788 3362 1846 3415 siti
1872 3363 1936 3416 vult

242 3448 336 3516 ditem,
361 3451 412 3519 Cui
436 3451 556 3504 ”diteris
585 3459 609 3502 ⁶0
633 3449 754 3501 ''allidit'‘
778 3447 931 3513 lsslll'il'ml‘m
953 3446 1071 3513 impedi·
1097 3455 1224 3506 caristia?
1241 3460 1269 3504 ut
1288 3452 1438 3505 oslotsdunt
1454 3451 1596 3518 conjapcs,
1613 3464 1740 3516 seusqtse
1757 3450 1800 3500 ad
1813 3448 1847 3501 id
1865 3456 1935 3501 tesa-

245 3543 365 3588 mentum
395 3544 519 3607 opponat
555 3545 580 3587 ct
615 3535 672 3605 ipra
695 3534 856 3601 prcslptcri
890 3532 1071 3586 niln'lominus
1095 3558 1149 3609 pus
1174 3539 1294 3592 uictores·
1315 3538 1412 3605 faisse
1434 3535 1627 3607 cupiditatum.
1668 3534 1848 3589 Sacerdotem
1869 3535 1936 3590 soli·

241 3620 418 3689 instestiocnt,
444 3629 537 3675 tetrum
561 3621 679 3689 aliptes
705 3619 928 3689 impedimentum
949 3619 1071 3673 abnatat.
1098 3631 1157 3680 tum
1182 3625 1267 3679 fuisse
1290 3640 1391 3693 sponso
1418 3638 1547 3677 eoronam
1570 3625 1715 3677 contexere
1736 3629 1765 3676 et
1788 3622 1936 3692 imponor-0

242 3708 312 3763 Cum
329 3715 421 3761 autem
438 3708 605 3776 apparuerit
618 3705 776 3775 probabilis
794 3706 955 3773 conjectura
974 3714 1072 3757 ⁶0th
1098 3712 1238 3782 colligitur
1272 3729 1305 3766 cx
1334 3710 1520 3779 metaphraste
1550 3709 1579 3761 in
1608 3707 1798 3781 vitaTarasii
1824 3714 1892 3763 tom.
1912 3715 1935 3764 5.

242 3795 369 3865 capulum
387 3794 624 3859 contradendam,
641 3800 802 3846 contractus
821 3793 1008 3845 ittlemlt'eatrn·
1027 3808 1071 3843 es·
1100 3798 1184 3867 Apud
1196 3795 1314 3850 Paulum
1329 3796 1483 3849 Diaconum
1501 3795 1547 3850 lib.
1565 3800 1603 3850 18.
1621 3810 1712 3849 rerum
1733 3794 1934 3850 Romanarum,

239 3897 352 3954 pretate,
375 3883 464 3935 mnes
480 3882 553 3948 auid
569 3880 633 3943 fitt't'
651 3879 729 3932 ‹teta
747 3895 833 3947 tutet·
849 3896 896 3945 ⁸0,
915 3879 1074 3941 ''tant-'stult
1099 3884 1212 3955 Sergius
1238 3882 1384 3953 spiscopus
1408 3880 1539 3935 Heraclio
1558 3880 1715 3950 imperatori
1743 3886 1772 3933 ct
1792 3881 1935 3935 lludociae

244 3968 399 4023 constiterit
425 3966 603 4021 decernentis.
647 3965 723 4018 Finis
751 3965 834 4034 hujus
859 3963 1073 4019 denuntiationis
1100 3970 1238 4040 nuptiales
1262 3983 1376 4023 coronas
1403 3966 1527 4038 imponit.
1565 3967 1817 4020 &Ecclesiastico
1841 3984 1936 4021 conse·

244 4054 298 4108 fuit
318 4053 428 4122 duplex,
447 4052 534 4122 primo
547 4059 578 4105 ut
591 4050 781 4120 dispiceretur,
799 4050 1072 4119 animpedimcntum
1100 4059 1189 4111 mutio
1213 4065 1238 4108 et
1262 4054 1448 4108 sacerdotalis
1474 4053 1637 4108 benedictio.
1680 4051 1793 4106 Platina
1819 4053 1847 4107 in
1878 4054 1937 4107 vita

240 4140 354 4211 aliquod
376 4138 542 4192 matrimonii
577 4156 609 4192 ex
638 4136 856 4206 propinquitate,
883 4152 916 4189 ex
943 4136 1075 4206 ligamine
1101 4141 1204 4197 Soteris
1222 4159 1248 4211 p.
1263 4146 1304 4197 23.
1323 4156 1340 4193 a
1359 4139 1463 4207 Sotere,
1481 4138 1530 4208 qni
1548 4138 1624 4193 circa
1641 4154 1745 4191 aunum
1758 4138 1861 4193 Christi
1877 4145 1933 4195 itt.

240 4225 358 4281 aliorum
376 4224 577 4295 sponsaliorum
597 4230 650 4277 etc.
679 4222 805 4291 personis
829 4222 902 4276 hisce
921 4223 1072 4277 tnnroede-
1103 4229 1243 4283 &manue
1263 4227 1398 4281 ecclesias
1416 4224 1546 4296 praefuit,
1565 4223 1936 4281 fuisseinstitutummemo
1967 4278 1970 4283 .

242 4318 297 4379 ret,
323 4311 437 4389 perinde
468 4317 498 4364 ut
526 4308 661 4363 referente
688 4308 802 4363 Socrate
832 4306 891 4361 libr·
925 4314 948 4361 ὃ·
979 4308 1073 4363 histor.
1102 4322 1159 4381 rut,
1187 4329 1221 4367 ne
1249 4313 1375 4382 lepitimu
1397 4312 1546 4366 habaetur
1569 4328 1641 4364 asor
1658 4311 1779 4363 niciensi
1799 4314 1935 4365 sacerdos

243 4400 343 4455 eccles.
361 4415 421 4468 cap.
441 4406 466 4451 5.
492 4396 558 4450 olim
576 4395 722 4461 usitatum,
749 4397 862 4448 stamina
884 4397 1071 4449 contractorum
1102 4418 1135 4455 ιι
1165 4399 1290 4452 fruticoso
1317 4399 1510 4452 ametimos,
1555 4396 1611 4452 sod
1633 4397 1702 4451 ritus
1733 4396 1935 4451 mediationis

244 4489 284 4539 ad
302 4486 486 4538 ministerium
503 4483 720 4536 ecclmiasticam
736 4498 790 4550 per
801 4482 1004 4547 tm'nundinnm,
1023 4480 1074 4535 hoc
1103 4485 1281 4541 sacerdotalis
1299 4492 1342 4539 est
1358 4483 1505 4554 antiquior.
1537 4481 1682 4537 Euaristns
1696 4481 1779 4550 enim,
1798 4481 1846 4553 qui
1861 4482 1935 4537 circs

243 4579 284 4627 est
297 4588 347 4641 per
358 4578 414 4624 tres
431 4569 555 4624 solennes
571 4572 722 4621 conventus
733 4566 943 4635 ecclesiasticos,
964 4565 1076 4636 publice
1102 4590 1204 4627 numum
1234 4571 1336 4626 Christi
1365 4576 1407 4626 97,
1434 4570 1589 4624 Rammium
1617 4569 1676 4639 egit
1701 4569 1880 4639 episcopum,
1908 4570 1936 4623 in

244 4656 413 4728 promulgari
432 4671 465 4709 ac
482 4654 616 4724 populum
630 4653 743 4721 moneri,
762 4662 794 4707 ut
812 4653 834 4707 si
853 4654 919 4724 quid
938 4653 1076 4724 quispiam
1103 4658 1219 4729 epistola
1245 4657 1282 4711 ud
1305 4656 1393 4713 Afric,
1420 4656 1503 4725 episc.
1530 4666 1595 4712 tom,
1616 4662 1637 4711 1.
1657 4653 1756 4709 concil.
1779 4672 1808 4723 p.
1831 4660 1889 4711 1⁰6.
1907 4661 1934 4709 et

244 4754 340 4797 contra
364 4741 548 4797 ordinandum
574 4739 690 4793 haberet
715 4740 924 4809 proferendum,
951 4740 1021 4794 illud
1047 4740 1075 4793 in
1103 4746 1131 4800 in
1151 4763 1211 4815 cap.
1231 4744 1320 4797 Aliter
1337 4748 1377 4799 tlt.
1397 4750 1504 4813 qirasst.
1519 4750 1543 4797 5.
1561 4743 1601 4796 sic
1620 4742 1755 4811 loquitur:
1775 4742 1880 4811 Aliter,
1898 4743 1935 4795 lc·

244 4830 363 4883 medium
382 4828 507 4893 affcrrct,
527 4826 627 4881 deinde
649 4834 680 4879 ut
702 4826 836 4880 ccclesiae
859 4828 987 4898 precibus
1013 4827 1076 4880 novi
1102 4833 1237 4900 patmum,
1256 4838 1287 4883 nt
1304 4848 1323 4883 a
1340 4830 1470 4899 putrium
1490 4832 1647 4896 <incolumen
1667 4836 1693 4879 us
1712 4844 1731 4880 a
1751 4828 1858 4881 sumtu
1870 4844 1937 4897 apo-

242 4916 376 4985 oonjuges
389 4913 653 4968 commendarentur.
687 4918 713 4964 3.
729 4913 833 4981 Spemne?
850 4922 876 4966 at
893 4930 1011 4981 spiramus
1032 4914 1076 4965 de-
1103 4917 1186 4971 stolis
1212 4934 1361 4985 cessumque
1386 4914 1593 4985 caecemus-ibas
1619 4913 1757 4965 traditum
1773 4914 1938 4973 inuenientes.

244 5001 360 5055 coratio.
392 5001 460 5053 Eam
478 4999 554 5069 apud
575 4997 744 5053 Christianos
765 4998 896 5051 usitatam
914 4999 1001 5053 inisse
1021 4998 1075 5053 col·
1104 5020 1160 5055 non
1176 5005 1207 5067 fit
1236 5003 1410 5070 cuiuspiam,
1436 5001 1494 5053 nisi
1518 5001 1554 5053 ab
1581 5000 1640 5066 tis,
1670 5000 1720 5067 oui
1742 5016 1828 5070 stipor
1846 5000 1939 5069 ipsum

244 5087 339 5157 ligitur
358 5102 390 5140 ex
409 5084 547 5139 Ambrosii
563 5084 611 5141 lib.
640 5084 676 5139 dc
694 5084 779 5138 instit
799 5083 867 5154 virg.
886 5101 944 5154 cap.
969 5091 1007 5140 tt.
1026 5102 1075 5154 pro
1102 5088 1240 5153 feminam
1258 5089 1481 5142 elosssiuationem
1496 5088 1600 5141 babae
1619 5085 1788 5139 metentur-ct
1802 5105 1822 5138 a
1838 5087 1940 5154 ιχιιὶὸιιι

245 5172 350 5243 uirgine
370 5171 564 5240 deprecatione
582 5179 610 5225 et
626 5170 663 5225 ad
680 5170 819 5239 nuptiales
838 5168 907 5223 ritus
925 5170 1074 5226 allusione:
1104 5174 1275 5238 custoditur,
1303 5192 1372 5226 unna
1393 5182 1512 5241 potatur
1530 5180 1558 5226 st
1581 5191 1600 5225 a
1613 5173 1781 5243 paraturus
1804 5179 1856 5223 ma
1868 5190 1939 5241 pro·

244 5260 323 5313 Haec
341 5255 450 5326 (inquit)
474 5258 586 5319 taranta
605 5266 654 5309 tua
677 5257 785 5311 Cln·istc
804 5256 859 5307 tuis
878 5256 985 5308 essentis
1004 5257 1075 5311 altu·
1099 5261 1299 5329 pinquiorilas
1315 5268 1463 5329 sponsetur
1483 5267 1531 5314 etc.
1549 5266 1576 5312 et
1592 5276 1644 5312 suo
1663 5266 1784 5328 tempore
1804 5262 1939 5314 succrdm

180 5356 182 5361 ’
243 5348 320 5400 ribus
338 5360 395 5396 nou
416 5341 546 5395 rutilanti
556 5342 682 5395 camaria
696 5345 804 5412 flatum
820 5342 953 5408 (leserunt
970 5342 1075 5394 cristalli
1103 5347 1218 5413 tamor,
1236 5356 1266 5400 ul
1283 5366 1342 5400 mm
1359 5354 1411 5413 ost,
1437 5364 1498 5399 cam
1512 5345 1648 5413 precibus
1666 5352 1691 5398 ol
1711 5344 1905 5400 oblationibus
1922 5366 1941 5401 a

242 5436 369 5495 stamineo
396 5427 519 5496 nuptiali
541 5427 667 5481 dantum
697 5434 748 5484 etc.
797 5428 867 5482 Item
890 5444 925 5482 cx
952 5427 1074 5497 ejusdem
1089 5403 1249 5488 isacerdote
1269 5433 1449 5487 Ιιιιιιιιίιαιιιι
1472 5438 1520 5486 stc.
1547 5438 1573 5485 ιι
1597 5432 1749 5485 comuniter
1766 5432 1942 5502 accipiatur,
