4020 6022
216 310 274 365 104
788 296 912 357 Locus
928 296 1134 357 videamus
1156 300 1327 367 QUINTUS

85 468 134 509 stne
147 477 199 517 spe·
213 454 316 525 opponi
352 450 511 512 arbitratur.
566 453 621 511 Sed
652 470 800 525 negamus,
835 454 955 525 priorem
990 468 1050 506 esse
1074 453 1153 521 pient
1171 472 1279 525 worse,
1299 458 1352 509 sert
1366 456 1489 525 uirgines
1508 457 1545 509 cle
1566 454 1670 508 renunc
1690 455 1791 507 ἀυιηιω
1808 452 1915 517 lanei,

85 521 191 621 i}{2.⁹⁰'
214 540 325 611 proprie
351 538 454 593 dictam
474 539 676 611 polygamiam,
702 556 776 611 quae
798 540 964 595 matrimonii
991 537 1127 595 uui-,scri
1143 547 1169 593 et
1186 542 1308 612 uiduam,
1326 560 1398 613 quac
1415 544 1505 607 fuerit
1524 542 1614 595 uidua
1632 558 1652 595 a
1668 542 1825 609 sacerdote,
1837 540 1911 593 aeci-

86 624 152 663 Μ’·
212 626 265 681 tati
292 626 462 683 adversetur.
513 632 534 681 1.
552 626 640 681 Aliud
668 626 741 682 enim
767 632 810 681 est
833 597 1159 699 dsurspoyapriulpieat.
1204 627 1247 682 Ex
1276 628 1378 701 quibus
1398 627 1438 685 sic
1464 628 1662 684 concludimus.
1708 625 1738 683 si
1765 625 1912 681 viduarum

213 714 257 768 rel
284 714 472 785 ἑτερογιιμεῑν,
492 710 583 781 priore
601 728 687 769 uxore
710 713 856 769 demortua
879 712 963 767 aliam
981 710 1049 781 legi·
1075 713 1189 783 nuptiae
1229 713 1360 769 divinitus
1403 715 1611 787 approbantur,
1655 712 1752 785 utique
1791 712 1910 767 iteratae

212 799 281 853 timo
301 798 430 869 conjugio
448 796 500 851 sibi
519 799 662 868 copulare;
679 798 756 855 aliod
776 816 841 855 vcro
858 805 900 853 est
919 800 1050 872 drynprr'r
1075 800 1189 869 nuptiae
1207 817 1263 855 uon
1280 800 1435 855 censendae
1446 805 1512 855 sunt
1530 799 1696 872 prohibitae,
1714 799 1773 854 eive
1791 798 1913 863 aviduo,

213 890 258 939 καὶ
279 889 461 957 πολυγαμιῖι,
477 883 530 937 boc
548 890 590 940 est
607 902 662 939 nuo
675 884 963 957 eodemquctempore
980 884 1049 937 rard
1075 884 1134 939 eive
1153 902 1172 940 a
1188 885 1492 943 viduaoontrabantur.
1528 886 1583 942 Sed
1602 902 1698 941 venum
1716 885 1802 957 prins.
1837 885 1912 956 Ergo

214 970 311 1039 ταί-τό,
337 978 368 1025 at
390 968 604 1040 ctsrysostomus
624 970 754 1041 loquitur,
772 971 899 1042 pluribus
917 970 1050 1026 uxoribus
1076 979 1105 1026 et
1122 971 1270 1042 posterius.
1306 971 1446 1027 Conuexio
1466 977 1509 1028 est
1526 972 1688 1039 manifesta,
1706 970 1774 1044 quia
1789 970 1867 1026 vidui
1884 976 1912 1025 et

214 1056 354 1127 conjungi.
405 1060 428 1110 2.
462 1056 655 1126 Polygamiam
686 1058 797 1127 proprie
823 1057 863 1111 sic
892 1057 994 1112 dictam
1022 1056 1048 1109 iu
1075 1056 1177 1114 viduae
1195 1057 1247 1111 bac
1269 1057 1296 1111 in
1322 1064 1402 1128 parte
1421 1064 1464 1113 est
1487 1074 1538 1129 per
1557 1058 1635 1115 ratio.
1675 1058 1705 1113 Si
1725 1056 1826 1112 viduae
1846 1056 1912 1111 lieet

213 1142 247 1197 N.
265 1142 299 1197 Τ.
321 1142 431 1211 penitus
455 1141 614 1196 damnatam
642 1159 717 1211 ease,
739 1141 824 1212 paulo
849 1147 913 1214 post
937 1141 1048 1197 demon·
1075 1141 1181 1197 nubere
1200 1143 1281 1197 altori
1303 1143 1415 1213 marito,
1445 1144 1527 1197 etiam
1546 1142 1630 1199 viduo
1649 1142 1755 1199 licitum
1773 1142 1827 1198 erit
1843 1142 1910 1197 alte·
1922 1150 1962 1195 xv.

214 1226 377 1296 strabimus,
399 1227 449 1281 sed
469 1228 697 1300 deerrepopsptar,
723 1228 861 1282 secuudat
880 1244 913 1281 nc
938 1228 1049 1282 iteratae
1075 1244 1135 1281 ram
1159 1245 1273 1283 uxorem
1298 1228 1407 1283 ducere
1449 1228 1611 1283 Assumtum
1638 1247 1671 1284 ex
1695 1227 1824 1284 adductis
1842 1226 1910 1281 locie

214 1312 326 1383 nuptiae
344 1313 435 1382 priore
460 1312 579 1382 conjuge
603 1312 749 1367 demortua
766 1312 811 1366 vel
828 1312 952 1383 legitime
971 1329 1049 1383 sepa·
1075 1312 1220 1369 manifesto
1239 1315 1381 1385 probatur.
1417 1314 1495 1371 Neve
1516 1315 1578 1387 quie
1599 1314 1726 1386 excipiat,
1745 1315 1835 1368 aliam
1852 1328 1912 1367 erec

214 1406 289 1467 ratu,
319 1398 410 1452 licitas
442 1414 504 1452 esee
523 1398 666 1467 apostolus
688 1403 806 1453 testatur
829 1398 908 1453 Rom.
927 1404 957 1465 ἵ,
979 1414 1005 1450 ιι.
1024 1406 1048 1455 2.
1075 1401 1215 1454 rationem
1234 1402 1272 1453 N.
1292 1418 1377 1470 qnam
1400 1402 1432 1455 V.
1453 1402 1485 1456 T.
1511 1400 1574 1456 ideo
1592 1400 1744 1455 secundum
1764 1416 1911 1472 argumen-

216 1490 238 1541 1.
257 1483 317 1539 Cor.
336 1490 361 1550 7,
380 1501 407 1540 v.
427 1490 451 1538 9.
470 1489 500 1537 et
517 1488 559 1539 39.
581 1490 602 1541 1.
620 1482 742 1537 'limotb
760 1490 785 1551 5,
802 1501 828 1538 r.
853 1490 888 1539 14.
925 1490 950 1541 3.
966 1483 1049 1553 Poly·
1075 1492 1134 1540 tum
1152 1486 1279 1541 addimus
1298 1486 1457 1541 deductum.

214 1570 323 1641 gumiae
341 1568 522 1635 successivae,
541 1577 572 1623 ιιι
591 1568 775 1623 Bellarminns
790 1568 920 1641 loquitur,
935 1568 989 1623 boc
1007 1574 1050 1624 est
1114 1578 1170 1629 179.
1207 1578 1233 1627 2.
1254 1574 1280 1625 A
1302 1572 1408 1625 Christi
1423 1572 1605 1627 inctructione
1627 1578 1649 1627 1.
1671 1572 1771 1627 Matth.
1784 1578 1808 1641 5,
1828 1590 1853 1627 r.
1868 1577 1910 1627 32.
1923 1554 1962 1648 ,²32

212 1656 343 1711 sccrmdis
369 1662 398 1711 ct
422 1654 528 1709 iteratis
555 1656 658 1725 nuptiis
683 1656 761 1726 (quia
784 1655 896 1709 nomine
913 1657 1048 1709 emunda·
1075 1678 1100 1715 c.
1122 1665 1160 1728 lt,
1180 1677 1205 1712 v.
1225 1665 1249 1714 9.
1268 1657 1393 1713 Christus
1413 1658 1455 1713 ita
1471 1656 1600 1728 probibet
1620 1658 1765 1713 temeraria
1783 1658 1912 1727 divortia,
1925 1660 1962 1700 ⁶⁸¹¹

212 1760 275 1795 cisra
306 1743 470 1811 nuptiarum
497 1741 669 1809 pcacraliter
703 1748 819 1813 accepto
853 1742 1049 1808 iutellipuatur
1076 1751 1107 1799 ut
1138 1762 1254 1799 eausam
1276 1745 1479 1810 fornicationis
1513 1744 1647 1816 excipiat,
1675 1744 1804 1800 concedit
1826 1744 1914 1815 igitur

214 1845 308 1883 omncs
321 1836 387 1897 post
402 1827 522 1897 pamas,
538 1828 595 1881 aiae
619 1830 760 1881 secandae
777 1828 847 1896 sint,
866 1828 924 1879 riae
941 1828 1050 1893 tertiae,
1077 1830 1149 1901 parti
1165 1830 1320 1897 innocenti,
1348 1836 1380 1885 ut
1405 1830 1578 1885 matrimonio
1595 1847 1645 1901 per
1662 1830 1829 1887 adulterium
1847 1848 1913 1886 cou-

213 1916 272 1967 siee
290 1921 409 1982 quartae
432 1918 484 1967 etc.
509 1918 541 1967 ut
567 1918 664 1967 notant
681 1912 872 1983 jurisconsulti
893 1913 929 1967 ad
955 1912 998 1965 tit.
1019 1911 1049 1965 C.
1073 1914 1151 1986 jugis
1171 1916 1262 1970 soluto
1280 1915 1317 1970 ad
1335 1914 1403 1969 alias
1428 1921 1553 1970 nauseat
1571 1915 1697 1986 nuptias,
1722 1922 1756 1971 ut
1781 1934 1832 1971 auo
1850 1916 1913 1971 loco

218 2002 254 2055 de
278 2000 392 2055 secund.
412 2002 500 2069 nupt.)
517 1999 646 2053 convenit
665 1997 788 2061 definitio
804 2000 936 2069 conjugii.
976 2000 1050 2069 argo
1078 2002 1160 2057 latius
1174 2000 1407 2069 confirmabimus,
1425 2000 1490 2055 inde
1510 2001 1550 2055 eic
1570 2001 1769 2057 concludimus.
1805 2002 1833 2059 si
1852 2002 1913 2055 lici·

215 2087 312 2141 cadem
339 2102 394 2139 non
418 2084 581 2139 adversatur
604 2083 729 2154 conjugii
755 2083 863 2154 legibus
890 2101 924 2138 ac
942 2084 1050 2138 unitati.
1076 2096 1136 2142 tum
1152 2095 1194 2142 est
1213 2094 1277 2159 post
1294 2087 1494 2157 separationem
1513 2104 1530 2141 a
1548 2088 1640 2157 priore
1659 2089 1779 2159 conjuge
1799 2094 1915 2159 propter

214 2171 321 2225 Eadem
337 2170 410 2225 enim
425 2169 549 2224 delinitio
567 2169 701 2240 oppositis
714 2176 871 2240 competere
884 2187 939 2223 uon
952 2174 1052 2240 potest,
1077 2173 1245 2228 adulterium
1261 2173 1416 2227 institutam
1429 2172 1547 2228 transire
1563 2174 1599 2227 ad
1613 2173 1688 2227 aliud
1700 2173 1914 2243 matrimonium,

216 2275 281 2312 cnm
299 2256 487 2327 oppositorum
505 2256 647 2327 proprium
665 2255 710 2331 sit,
723 2256 798 2325 qrrod
812 2256 848 2309 de
862 2271 917 2310 uno
931 2254 1051 2309 affirma-
1078 2261 1174 2331 utique
1196 2260 1280 2315 etiam
1298 2259 1393 2315 licebit
1412 2266 1476 2329 post
1491 2259 1656 2315 solutionem
1677 2259 1835 2331 conjugalis
1854 2259 1914 2313 viu·

216 2350 271 2412 tur,
290 2344 326 2397 do
344 2342 433 2398 altero
448 2342 551 2413 negari.
1079 2347 1133 2401 culi
1165 2364 1214 2418 per
1247 2352 1363 2401 mortem
1395 2344 1523 2416 conjugis
1552 2345 1664 2416 nuptiae
1698 2345 1808 2401 iterare.
1857 2344 1914 2399 Sed

1079 2450 1173 2487 rerum
1195 2431 1280 2503 prius.
1314 2430 1390 2502 Ergo
1403 2432 1588 2502 etposterius.
1618 2430 1760 2487 Conuexio
1771 2430 1917 2503 probatur,

1079 2520 1145 2591 quia
1166 2536 1239 2573 mors
1257 2518 1391 2572 naturalis
1408 2516 1518 2589 longius
1540 2523 1651 2587 separat
1674 2518 1809 2589 conjuges
1827 2532 1914 2587 quam

1079 2624 1154 2661 mors
1172 2603 1275 2668 civilis,
1299 2602 1428 2658 adulterii
1452 2602 1559 2657 scilicet
1577 2602 1722 2674 flagitium.
1762 2608 1788 2659 2.
1805 2602 1870 2658 Joh.
1889 2608 1916 2667 t,

333 2716 362 2776 g
379 2714 408 2773 R
425 2715 450 2774 »p
466 2715 483 2775 1
502 2716 523 2775 ο
541 2714 569 2774 11
586 2716 611 2775 1,
627 2714 655 2774 11
674 2716 693 2774 g
730 2716 754 2775 p
774 2716 803 2775 R
824 2716 882 2777 10
900 2716 937 2775 R·
1079 2710 1106 2747 v.
1128 2696 1167 2747 tt.
1188 2688 1314 2744 (bristus
1332 2688 1393 2759 ipse
1409 2688 1558 2761 distinguit
1574 2690 1648 2744 inter
1667 2690 1793 2755 necarer,
1812 2688 1916 2759 quibus

1079 2778 1256 2833 Samaritana
1279 2776 1404 2847 legitimo
1425 2774 1599 2830 matrimonio
1618 2775 1709 2831 iuerat
1729 2775 1869 2845 copulata,
1886 2781 1916 2829 et

250 2872 316 2937 Dli
345 2872 649 2939 POLYGAMIA
682 2870 1023 2938 soccusslvs.
1081 2864 1151 2919 5¹¹th
1170 2864 1407 2928 coementariam,
1427 2861 1472 2916 ⁰¹¹1
1489 2861 1690 2931 peroccultam
1704 2861 1915 2917 f⁰rn10⁸tl0¹10m

1079 2957 1139 3007 erat
1157 2949 1294 3021 copulata
1332 2950 1410 3001 Bene
1436 2948 1548 3011 elisisti,
1576 2955 1602 3001 tc
1628 2948 1718 3002 cirum
1737 2966 1793 3001 non
1810 2948 1915 3001 tabere

255 3048 311 3097 178.
366 3042 498 3105 Quamvis
527 3040 564 3096 de
590 3042 758 3111 polppamia
779 3041 934 3095 marmana
971 3058 1054 3112 agere
1080 3036 1198 3108 (inquit),
1216 3035 1284 3104 quia
1303 3034 1423 3103 pariaque
1443 3033 1521 3087 ciros
1539 3033 1679 3103 homini,
1696 3041 1723 3087 et
1742 3050 1823 3103 pem
1840 3050 1914 3087 ausc

221 3126 333 3197 proprie
351 3144 407 3181 non
424 3131 532 3197 spectet
548 3126 586 3181 ad
604 3126 677 3181 bunc
695 3126 801 3193 locum,
820 3144 883 3181 oum
900 3144 933 3183 ea
950 3143 1053 3198 nequa·
1080 3125 1163 3178 tobes
1179 3124 1246 3193 (quo
1266 3125 1298 3174 at
1316 3118 1415 3173 manto
1434 3117 1567 3187 abuteris,
1586 3118 1632 3173 cni
1644 3119 1752 3190 copiam
1766 3120 1808 3175 tui
1826 3119 1915 3189 iacis),

220 3230 304 3284 qnam
329 3219 436 3283 pugnet
458 3229 522 3266 cnm
546 3227 661 3266 numero
686 3229 863 3282 personarum
882 3215 1055 3269 matrimonio
1079 3230 1135 3265 nors
1156 3217 1196 3262 est
1215 3208 1260 3262 air
1279 3215 1351 3272 tresis,
1369 3206 1420 3259 lroc
1436 3222 1501 3257 uere
1518 3206 1623 3260 dixisti.
1660 3204 1813 3261 Continuat
1830 3206 1917 3277 igitur

215 3299 423 3370 jungendamm
439 3298 571 3351 divinitus
585 3297 788 3368 ordinato,·sed
805 3300 898 3369 potius
912 3300 948 3354 ad
964 3307 1055 3370 poste·
1080 3296 1193 3349 iterum
1224 3293 1353 3363 nuptias,
1380 3292 1447 3345 (lum
1476 3291 1537 3345 illos
1561 3292 1698 3363 quinque,
1727 3293 1830 3363 quibus
1847 3291 1917 3347 liaeo

218 3386 275 3439 rins
297 3386 381 3456 hujus
404 3384 504 3453 capitis
521 3383 689 3451 membrum,
715 3384 763 3439 ubi
792 3385 828 3439 de
845 3384 1055 3455 impedimentis,
1081 3381 1243 3436 muliercula
1268 3378 1424 3433 successive
1455 3384 1602 3449 nupserat,
1629 3378 1701 3433 viros
1729 3380 1790 3449 ejus
1822 3386 1916 3442 vocat3

219 3488 269 3542 per
289 3487 361 3540 quae
384 3486 402 3524 a
426 3468 600 3524 matrimonio
619 3469 733 3540 quidam
754 3476 897 3535 arcentur,
923 3471 1054 3526 tractabi·
1082 3474 1179 3523 contm
1207 3483 1271 3520 vero
1293 3463 1504 3520 fomicationem
1524 3464 1652 3530 damnat,
1682 3463 1748 3518 dom
1771 3482 1844 3534 eum,
1871 3465 1917 3520 cui

218 3563 273 3621 tur,
292 3563 388 3611 tamen
404 3572 469 3609 cum
485 3554 653 3609 Bellarmino
680 3555 769 3609 risum
788 3555 872 3610 fuerit
888 3556 959 3612 duas
979 3558 1056 3628 poly-
1081 3554 1188 3609 occulte
1201 3550 1387 3619 cohabitabat,
1399 3550 1489 3605 virum
1501 3551 1562 3622 ejus
1577 3568 1638 3606 esse
1654 3556 1748 3622 negat.
1778 3557 1802 3605 ³.
1815 3550 1917 3608 Mattb.

218 3640 329 3713 gemino
370 3640 477 3713 species
518 3645 640 3696 statuere
673 3645 701 3695 et
740 3641 851 3695 casdem
886 3644 1055 3714 conjunctim
1083 3645 1131 3709 22,
1158 3658 1184 3695 v.
1204 3644 1245 3693 29.
1270 3636 1396 3691 Christus
1419 3636 1605 3707 iuterrogatus
1632 3637 1665 3691 de
1692 3637 1822 3702 aridiore,
1846 3654 1918 3709 quae

219 3734 354 3791 tracme,
382 3728 446 3782 ideo
468 3726 557 3797 ipsius
581 3726 705 3797 vestigiis
722 3726 775 3781 boc
802 3727 863 3784 loco
888 3728 1055 3787 insistemus.
1082 3732 1189 3796 septem
1207 3723 1364 3779 successive
1382 3722 1515 3777 iratribus
1534 3727 1674 3793 nupserat,
1694 3724 1775 3793 cujus
1787 3724 1815 3778 in
1829 3740 1917 3779 resur-

221 3813 314 3868 Primo
334 3814 455 3867 omnium
468 3829 534 3867 vero
547 3812 792 3869 demonstrandum
805 3820 855 3883 est,
873 3816 1054 3871 successivam
1083 3812 1203 3867 rectione
1223 3809 1318 3864 sutura
1337 3814 1410 3863 esset
1428 3826 1513 3879 uxor,
1540 3826 1595 3863 non
1615 3807 1689 3863 illius
1705 3810 1827 3879 repetita
1843 3815 1917 3873 vota,

221 3900 338 3953 duarum
369 3898 415 3953 rel
445 3898 566 3969 plurium
590 3916 706 3953 uxonrm
730 3899 934 3971 polygamiam,
961 3902 990 3955 id
1015 3909 1055 3958 est
1082 3898 1131 3953 sed
1151 3896 1377 3953 Sadducaeorum
1403 3894 1588 3967 ignorantiam
1615 3901 1644 3949 et
1667 3894 1793 3949 carnalos
1813 3896 1917 3967 cogita·

129 4005 135 4017 ·
220 3986 335 4040 iteratas
364 3983 477 4054 nuptias
504 3990 567 4053 post
594 3988 708 4039 mortem
734 3984 834 4054 prioris
859 3987 987 4057 conjugis
1012 3990 1056 4043 vel
1082 3986 1180 4051 tiones,
1197 3982 1277 4053 quasi
1294 3988 1358 4052 post
1374 3982 1600 4036 resurrectionem
1614 3986 1783 4035 mortuorum
1802 3982 1919 4053 nuptiae

221 4070 375 4143 legitimum
397 4067 544 4122 divortium
558 4069 706 4137 institutae,
725 4086 786 4125 esse
804 4070 903 4129 licitas.
938 4072 973 4125 ld
992 4090 1056 4128 vero
1081 4071 1165 4142 bujue
1185 4068 1271 4123 seculi
1286 4067 1397 4124 futurae
1416 4067 1480 4135 sint,
1495 4066 1645 4122 damnavit.
1688 4066 1729 4120 At
1742 4068 1764 4119 si
1784 4066 1919 4123 damnare

222 4157 371 4229 probamus
386 4162 409 4210 1.
424 4174 443 4207 ιι
459 4156 587 4223 coniapri
597 4156 778 4211 institutione.
810 4157 928 4220 Quando
947 4156 1018 4215 Gen.
1032 4164 1056 4223 2,
1067 4200 1070 4220 ,
1082 4156 1214 4212 voluisset
1229 4155 1344 4209 iteratas
1364 4152 1487 4207 mulieris
1499 4151 1573 4206 illius
1597 4153 1780 4223 septemvirac
1797 4155 1919 4224 nuptias,

221 4262 247 4297 v.
260 4250 301 4299 1-1.
322 4240 477 4312 conjugalis
499 4240 567 4295 ordo
585 4241 739 4296 instituitur
757 4242 874 4312 ejusque
893 4243 968 4315 leges
988 4244 1055 4299 divi·
1081 4249 1240 4313 promptum
1257 4240 1356 4295 fuisset
1363 4238 1538 4310 respondere,
1558 4238 1647 4309 primo
1665 4239 1765 4294 marito
1784 4244 1918 4311 tauquam

220 4328 296 4383 nitus
312 4328 454 4396 seruntur,
478 4343 653 4397 nequaquam
677 4326 754 4381 vidui
775 4327 819 4381 vel
836 4328 938 4384 viduae
956 4346 974 4384 a
991 4345 1054 4384 con·
1081 4328 1163 4384 nnice
1180 4326 1304 4397 legitimo
1323 4342 1384 4380 eam
1402 4324 1460 4379 fore
1479 4326 1664 4395 conjimctam.

218 4416 298 4485 jngio
318 4412 518 4475 excluduntur,
543 4412 592 4467 sed
616 4412 644 4465 in
669 4428 772 4483 genere
791 4412 903 4468 dicitur:
931 4416 1055 4485 Propter
1118 4422 1172 4472 18⁰.
1207 4412 1409 4484 Snbjungimne
1432 4428 1498 4466 vero
1518 4419 1711 4483 argumentum
1741 4418 1766 4467 3.
1786 4414 1823 4465 ab
1847 4402 1962 4507 apo-{¹¹

220 4502 272 4556 troc
289 4502 429 4569 relinquet
447 4499 529 4552 loma
542 4506 656 4568 patrem
681 4506 708 4551 ct
726 4505 843 4552 matrem
861 4517 942 4553 msam
959 4510 985 4555 et
1002 4506 1053 4557 ad-
1080 4502 1181 4556 etolica
1206 4499 1365 4566 sanctione,
1392 4501 1450 4550 tum
1476 4498 1619 4565 peperoli,
1646 4496 1733 4551 Hebr.
1764 4502 1810 4565 13,
1838 4516 1866 4553 v.
1892 4506 1916 4555 t.
1929 4518 1962 4547 ιιι

217 4587 342 4640 haerebit
358 4586 443 4641 acori
459 4601 536 4639 suae.
571 4584 604 4637 ln
622 4583 752 4639 Hebraeo
770 4591 813 4640 eet
833 4574 992 4658 ti'tt,quod
1011 4596 1054 4644 est
1084 4594 1181 4662 Τίμιος
1198 4585 1360 4659 ὁγάμοςέν
1378 4586 1454 4639 πᾶσι..
1493 4584 1522 4641 Si
1543 4586 1572 4639 in
1589 4584 1726 4655 omnibns,
1745 4601 1812 4656 ergo
1831 4585 1916 4641 etiam

218 4688 317 4727 nomon
336 4671 474 4743 gencrale.
513 4669 597 4727 Uude
617 4669 776 4739 exponitur,
800 4672 927 4740 polibat,
953 4673 1053 4742 quivis,
1080 4677 1108 4730 in
1134 4674 1240 4737 viduis3
1267 4676 1328 4726 tum
1351 4671 1479 4741 speciali.
1520 4670 1671 4742 Apostolus
1692 4670 1766 4726 enim
1784 4688 1840 4727 uon
1859 4690 1916 4728 uuo

219 4758 325 4825 aliquia
343 4764 394 4813 etc.
413 4756 549 4813 contineri
567 4762 660 4810 autem
679 4755 731 4810 snb
749 4755 802 4810 hec
817 4758 940 4826 generali
957 4758 1052 4829 appel·
1079 4761 1129 4816 sed
1147 4758 1274 4831 pluribus
1290 4758 1319 4812 in
1332 4757 1400 4811 locis
1417 4756 1562 4811 viduorum
1583 4756 1716 4829 conjugia
1733 4756 1795 4813 Deo
1814 4775 1916 4829 appro-

219 4842 322 4897 latiouc
341 4842 425 4897 otiam
444 4842 557 4911 viduos,
583 4840 691 4911 patebit
714 4858 747 4897 ex
771 4843 951 4911 sequentibus
970 4862 1051 4915 argu·
1079 4848 1139 4901 bari
1171 4844 1273 4900 docuit
1320 4842 1415 4897 Primo
1446 4851 1467 4899 1.
1492 4843 1555 4899 Cor.
1583 4850 1614 4911 t,
1637 4860 1663 4897 v.
1691 4848 1722 4899 8:
1756 4844 1832 4898 Dico
1859 4862 1918 4899 aaa

218 4929 325 4983 montis.
362 4929 409 4983 Ad
426 4928 500 4983 hane
518 4927 642 4984 divinam
660 4927 784 4998 conjugii
800 4928 1002 4985 iustitutionem
1023 4932 1051 4985 in
1079 4931 1174 5002 nuptie
1193 4938 1219 4983 et
1237 4930 1346 4998 triduis,
1370 4930 1470 4982 bearem
1488 4928 1623 4996 catillis,
1649 4928 1678 4981 ei
1692 4928 1735 4982 eie
1750 4946 1917 4997 penname-

219 5012 254 5067 V.
267 5013 301 5069 T.
321 5014 523 5085 promulgatam
541 5013 636 5070 referri
656 5013 739 5067 etiam
755 5022 871 5083 possunt
894 5016 1051 5073 sanctiones
1078 5018 1149 5085 rint,
1181 5016 1254 5069 aieret
1284 5032 1344 5083 epo.
1375 5032 1402 5072 ιι.
1427 5020 1451 5069 o.
1485 5014 1519 5067 ss·
1543 5029 1607 5067 acro
1634 5031 1691 5068 noa
1715 5030 1746 5068 se
1768 5002 1952 5097 continent&

219 5098 330 5152 divinae
347 5098 451 5169 popolo
470 5100 624 5153 Ieraiilitico
642 5098 819 5167 peculiariter
838 5098 929 5168 datae,
944 5102 973 5153 in
991 5103 1050 5171 qui·
1077 5104 1190 5166 stabant,
1208 5101 1307 5155 melias
1325 5108 1366 5155 eet
1384 5101 1456 5153 enim
1472 5102 1575 5154 natae
1594 5117 1678 5168 pamm
1696 5099 1752 5153 uri.
1786 5098 1843 5155 Hic
1860 5118 1919 5158 nou
1930 5104 1962 5147 vu

220 5185 272 5240 bus
288 5185 336 5253 joe
353 5184 536 5238 secundarum
552 5184 713 5255 nuptiarum
730 5181 878 5239 stabilitur.
909 5184 994 5241 Deut.
1010 5160 1066 5257 25,ἓ
1078 5188 1166 5243 solum
1184 5186 1365 5258 permittitur,
1383 5186 1432 5241 sed
1450 5184 1534 5239 etiam
1551 5185 1739 5256 praecipitur,
1756 5192 1789 5241 ut
1804 5186 1918 5257 viduae,
1930 5168 1962 5249 ir:

219 5288 246 5327 v.
268 5277 298 5325 5:
317 5270 437 5331 Quaado
453 5270 641 5324 Ιιιιόἰιαυονίιιι
651 5272 767 5336 fratres
783 5269 869 5323 ιίιηιιι
886 5276 912 5323 ct
928 5288 1001 5325 unua
1020 5288 1053 5327 ea
1078 5291 1152 5345 quae
1169 5272 1356 5329 continentiae
1368 5272 1440 5327 dono
1453 5289 1507 5326 uon
1523 5276 1589 5325 sunt
1606 5270 1740 5326 divinitus
1752 5271 1918 5341 insucatae,
1930 5272 1962 5303 '¹¹

220 5356 261 5409 cis
277 5356 336 5409 aas
361 5354 461 5409 literis
483 5362 609 5409 mortum
628 5356 733 5424 faerit,
759 5372 831 5409 ucor
850 5356 982 5423 desumto·
996 5340 1199 5427 aon'nubaut,
1227 5357 1451 5431 γαμησάτωσαν,
1475 5356 1578 5427 iuquit,
1596 5364 1625 5411 et
1640 5355 1753 5412 additur
1772 5362 1917 5431 praecepti

218 5439 302 5495 nubet
316 5442 476 5511 alteriaci
486 5440 606 5509 accipiet
620 5456 682 5495 eam
693 5442 869 5510 fraterciue.
894 5441 995 5501 Erech.
1009 5452 1051 5513 tt,
1077 5444 1162 5517 hujus
1192 5445 1277 5501 ratim
1308 5443 1415 5497 Metius
1446 5442 1519 5495 caim
1550 5450 1591 5495 est
1624 5442 1727 5497 nubae
1755 5460 1842 5513 quam
1858 5447 1919 5503 uri.

219 5544 246 5583 v.
264 5534 310 5585 ιιι
334 5528 501 5583 &edoces
519 5526 634 5581 viduare
657 5534 684 5579 ct
706 5528 887 5597 repudiatam
904 5547 961 5583 noa
978 5516 1239 5607 φοί-’πυροῦσθαι
1268 5530 1382 5585 denotat
1409 5526 1553 5584 interiores
1582 5527 1644 5583 illas
1671 5530 1920 5601 concupiscentiae
