4020 6022
271 327 308 383 72
846 317 969 377 bocas
987 315 1192 375 vlctsmus
1210 317 1379 384 QUINTUS

269 474 403 538 fortaoae
443 482 471 527 et
509 474 656 543 qualitatis
685 491 740 528 aaa
768 472 891 527 eueladit
931 474 1102 539 comeatum,
1128 473 1249 529 nondum
1291 474 1484 542 intervenerit,
1528 472 1654 529 adhiberi
1697 489 1781 545 posse
1824 479 1962 546 putamus.

266 560 354 612 aelati
378 561 405 613 ai
427 561 491 629 qaia
514 561 681 614 consentiret
706 560 736 614 ia
751 560 950 630 praebituram
978 559 1102 628 alieuius
1130 557 1274 630 Cypraeus
1293 562 1328 615 de
1347 561 1467 632 sponsal.
1485 576 1509 616 a.
1533 564 1571 616 13.
1591 557 1619 634 ξ.
1638 566 1679 616 36.
1706 579 1783 618 num.
1805 567 1838 616 l:
1865 558 1963 614 Statua

155 656 198 700 xv.
211 656 255 699 nt
269 647 420 710 eeclesiae,
442 665 525 716 quam
539 655 655 717 pataret
679 663 738 701 esre
759 647 887 711 medem,
905 655 930 700 et
953 647 1007 701 illa
1032 653 1102 700 esset
1127 645 1240 718 (inquit)
1259 664 1328 712 aem,
1346 648 1396 717 qui
1413 649 1544 720 deeeptus
1562 647 1705 700 marliaem
1732 648 1788 701 ribi
1806 648 1964 718 maurit,

266 733 359 785 minas
394 733 523 804 eopiosa,
559 735 686 803 mmsis
720 733 766 788 lie
795 733 969 802 deciperetro·
1004 749 1102 786 errore
1128 748 1211 800 quom
1236 735 1356 789 nobilem
1380 750 1439 788 esee
1462 733 1654 801 eurbtsmabat,
1693 736 1734 787 ad
1756 735 1873 804 nuptiae
1901 750 1963 787 eors-

263 821 417 888 sortaaae,
445 838 501 874 aaa
520 829 612 875 tamea
625 828 723 891 posset
738 821 901 874 renuntiare
914 819 1102 890 praelaturae
1127 822 1308 874 manardus
1326 838 1383 874 aaa
1400 821 1498 882 teneri,
1515 820 1655 889 siqnidem
1670 819 1736 889 ipsa
1749 821 1963 889 qeaasmeatita

265 914 404 975 acceptae.
456 909 594 962 Similiter
624 925 696 978 qaae
731 908 810 962 nubit
836 908 959 978 pauperi
985 913 1101 978 putam,
1126 906 1164 960 eit
1181 914 1207 960 et
1222 925 1276 976 pro
1294 907 1431 961 ualilire
1449 906 1608 961 venditarit.
1645 907 1720 960 Nam
1741 923 1803 960 eum
1821 909 1964 976 dereptum

264 993 345 1047 illum
373 1011 431 1048 esre
457 995 588 1060 diuitem,
614 1013 671 1050 aaa
693 1001 788 1065 potest
816 995 978 1048 muntiare
1004 994 1104 1066 priori
1127 1007 1186 1045 esse
1203 995 1306 1064 palam
1330 1001 1383 1060 eet,
1409 1001 1441 1046 at
1462 993 1513 1062 qui
1530 999 1597 1064 post
1621 993 1770 1062 marsalia
1784 1001 1907 1064 peraeta
1932 1011 1963 1047 eo

264 1081 427 1151 eoarlits'oai,
444 1082 573 1151 quanam
590 1068 734 1138 errauerit.
765 1083 860 1135 Error
878 1080 1026 1150 qualitatis
1044 1097 1101 1134 aaa
1125 1094 1211 1132 namo
1231 1080 1313 1134 illam
1333 1082 1463 1152 affectam
1482 1079 1627 1149 comperit,
1651 1094 1732 1149 quem
1755 1081 1785 1133 si
1797 1089 1864 1135 aute
1876 1097 1963 1151 prae·

263 1165 386 1219 eaeludit
406 1167 538 1222 similiter
557 1184 733 1237 eonsensum,
765 1175 859 1238 utqrote
877 1166 984 1237 siquis
1004 1165 1101 1219 emait
1125 1166 1238 1230 sm'seet,
1274 1184 1417 1236 uunquam
1451 1166 1479 1219 ei
1501 1167 1592 1233 fiaes·
1622 1166 1760 1236 dedisaet,
1793 1164 1916 1237 ideoque
1945 1183 1963 1219 a

262 1269 362 1321 aquam
380 1253 425 1309 uel
442 1255 569 1323 alaeam,
598 1272 682 1324 qaam
696 1255 817 1324 patabat
844 1270 905 1308 esse
922 1251 1100 1316 uberrimam,
1125 1258 1270 1307 conuersa
1304 1253 1459 1307 recedendi
1496 1260 1522 1306 et
1557 1253 1648 1307 oliam
1684 1253 1740 1306 sibi
1777 1254 1964 1308 eoadilamm

261 1341 388 1408 qmmuis
411 1342 464 1396 iste
489 1349 598 1395 erraret
614 1341 645 1394 ia
663 1341 799 1411 qualitate
821 1357 916 1395 rerum
929 1357 988 1394 rem
1007 1340 1099 1392 minae
1124 1341 1281 1407 quaerendi
1315 1340 1344 1394 ei
1371 1341 1471 1394 merito
1505 1339 1639 1408 facultas
1667 1340 1757 1394 ubera
1782 1341 1963 1410 relinqantur.

259 1427 385 1491 fertilem
403 1431 535 1497 mendo,
559 1446 614 1483 aori
628 1435 721 1498 possa
747 1435 838 1483 tamea
850 1428 1035 1483 uenditionem
1053 1443 1096 1480 re·
1125 1425 1178 1479 Sia
1196 1442 1262 1481 oero
1280 1443 1350 1497 uem,
1368 1427 1415 1480 oui
1432 1428 1548 1497 nuptias
1560 1428 1705 1497 promitit,
1732 1427 1886 1496 iqaobslem
1906 1443 1964 1480 esee

260 1515 396 1569 scindere.
438 1514 558 1570 Addunt
586 1519 679 1570 tamen
702 1514 837 1585 quasdam
869 1513 1048 1569 conditionem
1073 1519 1095 1570 1.
1124 1529 1179 1566 noa
1197 1513 1348 1584 iqaorabat
1367 1522 1393 1568 et
1410 1514 1538 1568 aoaoiaoi
1553 1515 1645 1585 possit
1663 1514 1856 1579 aeeeeeivisre,
1875 1514 1965 1568 teneri

261 1601 284 1657 n·
315 1602 378 1672 quis
409 1601 615 1657 matrimonium
642 1600 695 1656 baa
725 1600 884 1657 aanditione
913 1601 1047 1674 promisit,
1073 1600 1097 1655 si
1123 1616 1183 1653 eam
1218 1603 1322 1656 daeere
1352 1601 1581 1671 esiedmaserim,
1611 1601 1669 1656 uiri
1694 1601 1803 1670 ὶιρίὸω
1833 1617 1963 1671 eapresse

260 1687 354 1758 puella
381 1687 410 1742 in
437 1688 530 1743 dotem
555 1687 680 1743 attulerit
706 1687 781 1742 mille
799 1703 910 1758 aureos,
933 1680 1001 1743 tuns
1023 1686 1095 1742 enim
1122 1687 1194 1740 inter
1216 1688 1323 1742 nobiles
1348 1696 1374 1742 et
1398 1688 1534 1756 iqaolrles
1555 1687 1702 1760 prohibita
1733 1689 1792 1741 aiat
1819 1688 1964 1758 ooaiapias

260 1774 400 1845 sponsalia
423 1780 489 1830 sunt
507 1775 705 1844 conditionata,
718 1774 836 1846 ideoque
861 1773 1022 1830 conditione
1040 1791 1096 1829 non
1121 1780 1152 1825 ut
1176 1774 1207 1826 ia
1230 1790 1317 1842 repro
1343 1775 1467 1829 Doaiae.
1508 1769 1537 1846 ξ
1563 1776 1613 1827 372
1661 1773 1721 1827 Sed
1748 1775 1776 1827 ei
1800 1775 1910 1844 ruptiis
1937 1781 1964 1827 et

197 1876 200 1887 ·
261 1867 401 1931 exstante,
428 1879 484 1917 non
507 1869 574 1916 sunt
595 1866 665 1917 rata.
712 1867 736 1917 l.
755 1860 785 1916 si
812 1861 849 1915 ad
868 1876 987 1916 errorem
1006 1876 1096 1916 asam·
1123 1859 1270 1914 cosmam
1298 1861 1350 1915 aab
1377 1869 1472 1915 terreto
1502 1863 1615 1915 mnam
1649 1861 1799 1915 deamat
1838 1877 1962 1928 morem,

259 1947 326 2004 serit
352 1947 446 2016 dolus,
477 1952 575 2019 utpote
610 1945 633 2001 si
656 1951 803 2018 praetextu
827 1946 984 2002 divitiarum
1013 1947 1096 2001 alter·
1121 1963 1206 2016 quam
1232 1947 1353 2002 aolslem
1378 1948 1553 2001 existimabat
1577 1948 1721 2019 deeeptrm
1746 1947 1959 2017 repudiandam

259 2038 324 2088 utra
353 2033 575 2089 contrabentium
603 2048 723 2105 persona
749 2033 786 2087 ad
808 2033 1010 2089 matrimonium
1030 2049 1096 2105 pro·
1121 2049 1182 2086 eom
1200 2033 1313 2088 minime
1325 2034 1548 2103 existimauerim,
1568 2051 1630 2087 sam
1645 2048 1690 2087 res
1706 2033 1819 2103 inteqru
1836 2035 1959 2106 amplisu
1972 2039 2004 2083 Il

260 2122 426 2177 mittendum
444 2121 590 2177 fraudibus
610 2127 639 2179 et
656 2120 774 2177 fallaeiis
791 2120 875 2176 fuerit
892 2121 1014 2177 inducta
1122 2136 1178 2173 aaa
1207 2119 1256 2189 sit,
1285 2122 1338 2173 sed
1368 2127 1461 2174 reama
1482 2119 1628 2174 carmelita
1657 2119 1865 2175 matrimonium
1894 2138 1960 2175 sou·

132 2212 152 2255 ²·
169 2214 237 2256 0¹¹0·
262 2247 264 2250 ψ
297 2215 355 2265 106.
390 2208 475 2263 lirror
503 2195 647 2280 qualitatid
676 2209 754 2262 eirea
784 2208 893 2278 qaaerit
923 2208 1096 2262 mbslitatem
1121 2213 1288 2259 summatum
1311 2206 1362 2275 sit,
1398 2222 1485 2276 usqae
1510 2207 1583 2260 enim
1601 2214 1721 2276 propter
1745 2207 1896 2276 qualitotir
1917 2224 1961 2261 er·

111 2268 238 2360 miii..
261 2294 428 2366 quibusdam
446 2293 557 2349 videtur
575 2293 717 2365 sponsalia
733 2293 826 2350 faeere
842 2294 932 2364 irrita,
957 2295 987 2348 in
1012 2308 1095 2364 quam
1121 2308 1213 2346 rorem
1231 2293 1392 2362 eonjuqiam
1410 2293 1530 2347 dmsoloi
1540 2301 1635 2362 pateat
1651 2300 1678 2347 et
1694 2294 1789 2348 edicta
1804 2296 1841 2349 de
1851 2296 1962 2364 aaptiie

132 2373 186 2412 Μ·
261 2382 426 2438 sententiam
452 2381 539 2436 citant
554 2381 745 2437 Lombmdum
769 2386 793 2436 4.
817 2386 886 2438 sent.
913 2381 976 2436 dist.
996 2378 1096 2435 tulit.
1123 2379 1158 2432 ab
1169 2395 1310 2448 personae
1327 2385 1431 2433 statum
1449 2379 1606 2450 imparibus
1626 2397 1645 2434 o
1663 2379 1828 2436 Justmiaao
1845 2382 1960 2436 uallata

259 2473 299 2523 A:
333 2470 367 2523 ss·
388 2468 451 2538 quis
471 2469 609 2534 feminam
634 2468 757 2523 stabilem
777 2469 806 2522 ia
833 2468 994 2539 coaiuqium
1015 2472 1096 2536 petat
1121 2473 1193 2521 aaut.
1213 2466 1231 2521 l.
1250 2472 1291 2522 28.
1309 2465 1341 2522 0.
1361 2466 1397 2521 de
1414 2472 1493 2538 nupt

259 2562 286 2609 et
297 2573 356 2625 pro
374 2573 408 2609 aa
423 2554 486 2609 alio
500 2555 634 2624 iqaobilis
652 2555 701 2610 illi
718 2557 862 2625 trodaaor,
889 2573 944 2609 aaa
962 2561 1003 2609 est
1021 2554 1096 2608 mter
1159 2557 1216 2608 107.
1251 2553 1379 2609 Errorem
1409 2552 1554 2623 qualitatis
1583 2554 1660 2608 eirea
1688 2555 1876 2609 aoaditioaem
1908 2552 2004 2647 ωηιξη·

259 2660 306 2697 eor
335 2642 511 2712 eoajaqium,
540 2641 608 2712 qaia
634 2659 691 2697 aaa
720 2643 859 2697 cessauit
883 2642 928 2696 vir
956 2643 986 2696 ia
1003 2642 1096 2711 iaam,
1122 2647 1240 2706 mam,
1266 2655 1329 2694 sum
1355 2655 1450 2695 servus
1467 2637 1622 2709 prolibare
1640 2656 1671 2695 sa
1688 2656 1788 2711 gerens
1806 2641 2004 2712 ingenuam-a

258 2733 311 2784 secl
343 2731 373 2784 ia
403 2730 500 2786 aliam.
550 2729 606 2785 Sed
632 2729 806 2786 Lombardus
832 2729 873 2784 ibi
898 2745 953 2785 uon
976 2731 1037 2802 agit
1059 2729 1094 2785 ds
1122 2726 1215 2796 duait,
1237 2725 1443 2782 matrimonium
1462 2725 1592 2782 dirimere
1605 2728 1669 2798 jure
1694 2727 1828 2784 mnoniso
1843 2734 1888 2784 est
1901 2735 1960 2785 sta-

258 2833 350 2872 errore
370 2814 525 2889 qullitatis,
550 2816 600 2872 sed
619 2816 656 2870 de
672 2832 762 2873 errore
780 2830 929 2887 personae,
958 2815 1093 2889 siqnidem
1119 2819 1210 2870 tutum
1233 2831 1257 2871 a.
1282 2814 1355 2869 unia.
1381 2829 1457 2869 saus.
1482 2819 1522 2869 29.
1547 2832 1574 2887 q.
1599 2819 1622 2869 1.
1652 2815 1749 2868 Error
1764 2830 1908 2887 pes-rosae
1932 2824 1959 2870 et

258 2921 376 2959 errorem
411 2919 545 2975 personae
581 2902 617 2958 ab
648 2919 740 2959 errore
769 2903 912 2976 qualitatis
947 2903 1094 2960 manifeste
1119 2901 1289 2957 amditiouis
1312 2901 1442 2971 eonjuqii
1459 2917 1623 2982 remeassem
1645 2917 1702 2954 aaa
1721 2902 1861 2966 Marum,
1887 2919 1910 2958 a.
1933 2903 1959 2958 ai

257 2990 405 3062 distinguit
431 2996 459 3046 et
484 2995 633 3062 postquam
659 2990 779 3062 duum,
809 3008 927 3047 errorem
958 3007 1093 3063 personas
1120 2988 1325 3060 quisanaillam
1344 2993 1483 3043 etusaua
1502 2986 1563 3042 aad
1576 3003 1603 3058 q.
1616 2993 1640 3044 t.
1654 2987 1730 3058 quod
1746 2988 1877 3060 congruit
1893 3006 1958 3045 anm

258 3093 421 3133 eonsensum
441 3075 614 3149 conjugalem
633 3093 689 3133 non
708 3077 862 3148 admittere,
881 3075 996 3149 subjicit
1006 3077 1093 3134 verba
1118 3075 1226 3132 sanstit
1253 3080 1293 3131 22.
1317 3074 1346 3128 in
1371 3073 1506 3129 Anthant.
1531 3073 1683 3130 Gratianus
1713 3073 1903 3132 diswrdautes
1922 3077 1959 3132 de

257 3165 380 3236 proxime
403 3165 489 3220 sitata
505 3171 534 3220 et
550 3165 668 3235 exempli
685 3165 746 3220 loeo
770 3165 863 3220 addit:
888 3166 923 3220 Si
943 3166 1006 3236 qais
1025 3184 1093 3239 pro·
1117 3161 1171 3217 bas
1196 3160 1357 3234 quaestione
1383 3176 1502 3216 canones
1520 3160 1560 3215 sis
1576 3161 1674 3216 nititm
1698 3162 1860 3218 somiliare:
1892 3165 1959 3218 Noa

258 3253 392 3321 mitteret,
415 3269 445 3305 se
469 3253 538 3305 mibi
559 3253 736 3306 aeaditumm
761 3270 877 3322 aunem,
904 3259 931 3308 et
942 3271 998 3323 pro
1021 3270 1092 3308 auro
1117 3258 1249 3320 aeqatur,
1268 3249 1418 3319 laqeuuam
1431 3264 1517 3318 passe
1535 3248 1637 3303 audere
1653 3266 1748 3314 seruo,
1772 3253 1826 3304 sed
1841 3251 1957 3320 dieitur,

258 3339 329 3392 milti
344 3341 458 3409 offerret
477 3338 672 3393 aurichalcum
689 3347 715 3393 et
733 3339 828 3394 itaote
848 3340 997 3410 deciperet,
1014 3359 1091 3394 aum·
1118 3338 1197 3408 qaod
1224 3337 1252 3390 ei
1276 3336 1397 3390 meritur
1428 3351 1488 3389 esee
1511 3335 1624 3389 seratis
1657 3336 1841 3404 conditionis,
1871 3337 1957 3391 libere

258 3426 329 3494 qaid
348 3425 462 3493 eliserat,
481 3426 650 3480 remansisse
667 3426 698 3479 ia
715 3425 930 3481 amtetatrams
941 3428 1008 3496 jam
1026 3444 1091 3482 vero
1114 3432 1208 3495 potest
1226 3424 1331 3478 dimitti
1336 3462 1343 3490 ,
1369 3441 1430 3477 uem
1447 3424 1564 3478 seruiues
1584 3424 1647 3492 ejas
1665 3424 1755 3486 fuerit
1771 3425 1956 3495 deprebensa.

257 3530 357 3565 aarrsm
374 3520 399 3566 et
420 3513 613 3568 aurichalcam
628 3532 684 3568 aaa
702 3520 808 3574 tautam
830 3513 1020 3586 qualitatibus,
1041 3518 1093 3569 sed
1119 3513 1202 3568 Illud
1221 3519 1314 3566 autem
1326 3511 1458 3581 apostoli,
1476 3511 1580 3565 muilier
1596 3511 1718 3575 quivult
1736 3512 1830 3582 malm,
1849 3519 1957 3568 usum

255 3599 321 3667 ipsa
342 3600 425 3652 eliam
451 3600 608 3654 substantia
626 3600 770 3670 differsmt
801 3600 876 3672 Engo
896 3601 1091 3673 siexemplum
1118 3602 1149 3652 ia
1166 3597 1303 3662 Domino,
1330 3605 1356 3651 et
1380 3598 1457 3651 allud
1472 3597 1550 3652 Julii
1567 3614 1676 3668 papae,
1700 3598 1728 3651 ei
1748 3614 1843 3653 omues
1870 3618 1957 3655 anuas

256 3685 340 3740 debet
351 3700 410 3742 esse
430 3687 605 3753 conveniens,
623 3687 809 3754 statuendum,
828 3687 902 3759 quod
917 3686 1091 3745 Lombardus
1118 3686 1206 3755 leqem
1224 3685 1332 3754 lrabeat,
1352 3699 1418 3752 erqo
1437 3684 1509 3737 siam
1525 3684 1661 3752 ioqeaaas
1672 3684 1779 3740 dimitti
1788 3696 1957 3759 neapoteat,

255 3789 309 3825 non
335 3773 369 3826 de
391 3789 483 3828 errore
505 3772 648 3846 qualitatis
673 3773 747 3828 eirea
775 3774 885 3846 generis
908 3775 1090 3845 nobilitatem,
1118 3774 1159 3828 sia
1185 3789 1234 3826 aea
1261 3789 1357 3825 reraaa
1382 3771 1466 3824 semel
1496 3771 1628 3841 eonjuqia
1663 3772 1811 3842 copulatas
1832 3775 1957 3830 ulterim

256 3857 305 3912 sed
323 3859 358 3912 de
375 3875 467 3914 errore
486 3860 561 3914 eirea
578 3861 665 3930 ipsam
677 3876 824 3930 personam
845 3867 918 3932 agat.
960 3861 1001 3918 Ut
1019 3862 1091 3916 enim
1119 3861 1223 3914 dimitti
1237 3858 1357 3928 poterit,
1381 3858 1595 3925 intelliqeadam
1622 3866 1663 3912 est
1688 3860 1725 3913 de
1747 3860 1807 3926 lis,
1835 3879 1956 3931 quorum

256 3944 383 4013 divitiae,
415 3947 453 4001 ita
480 3962 590 4017 quoque
613 3946 723 4018 generis
745 3945 876 4001 nobilitas
900 3945 937 4001 ad
964 3946 1092 4002 fortunae
1121 3946 1246 4001 conditio
1271 3945 1383 4014 utrique
1414 3952 1482 3998 noto
1511 3952 1563 4014 eet,
1592 3945 1678 4015 lajas
1707 3952 1798 4000 autem
1829 3951 1956 4005 conditio

254 4031 328 4087 bona
347 4032 473 4102 pertinet,
494 4032 567 4087 unde
585 4031 745 4088 Ludovieus
765 4033 850 4089 Vives
879 4039 960 4089 vocat
990 4042 1092 4088 sortem
1121 4032 1234 4086 mulieri
1249 4031 1392 4100 iaaoqaita
1410 4038 1480 4098 erat,
1499 4048 1634 4103 aoaerqo
1647 4034 1815 4102 praemissis
1829 4040 1954 4092 auotori-

255 4120 405 4188 aasoemli,
429 4117 545 4188 proinde
569 4124 600 4173 ut
617 4135 692 4176 error
710 4119 853 4192 qualitatis
879 4120 955 4176 eirca
972 4120 1093 4191 divitias,
1119 4119 1222 4173 tatibus
1245 4119 1353 4187 aoqitar
1375 4131 1487 4171 manere
1512 4135 1573 4172 eam
1601 4119 1667 4189 illo,
1689 4121 1742 4173 sed
1756 4120 1877 4176 libertem
1895 4141 1955 4178 esse

256 4205 295 4259 ita
313 4221 426 4276 quoque
445 4222 520 4261 error
537 4205 680 4277 qualitatis
698 4206 772 4262 eirea
789 4206 901 4278 generis
920 4207 1092 4264 nobilitatem
1119 4206 1275 4262 ostenditur
1289 4206 1334 4259 ael
1349 4221 1471 4270 mouere,
1489 4204 1534 4258 oel
1550 4206 1702 4260 abradere.
1736 4206 1916 4266 Lambardus
1930 4217 1955 4267 t.

257 4309 311 4347 non
338 4291 424 4347 faciet
452 4293 547 4348 datum
579 4293 746 4349 matrimonii
771 4293 855 4349 iidem
877 4294 1001 4364 irritam,
1030 4312 1092 4349 cum
1120 4299 1190 4349 sent.
1206 4292 1268 4348 dist.
1287 4298 1328 4348 36.
1352 4290 1391 4346 lit
1409 4291 1444 4345 A.
1465 4290 1538 4346 idem
1555 4292 1655 4364 repetit
1672 4300 1700 4347 et
1719 4293 1811 4349 addit:
1841 4296 1877 4350 Si
1892 4316 1955 4353 aaa·

256 4385 372 4450 uterque
396 4395 451 4433 non
471 4384 596 4434 versetur
620 4379 696 4434 eirea
714 4379 922 4449 substantialia,
953 4380 1002 4436 sed
1019 4381 1094 4436 eirea
1120 4382 1237 4435 ditionis
1263 4380 1371 4458 dolam¹
1384 4378 1505 4446 (femina)
1532 4381 1657 4449 patitur,
1684 4397 1740 4434 aaa
1762 4384 1872 4452 sopitur
1904 4389 1953 4442 ad-

257 4465 440 4520 ausidentalia
466 4465 598 4537 conjugii.
653 4465 697 4520 Ex
722 4482 778 4538 quo
809 4465 993 4524 fundamento
1019 4475 1093 4523 recte
1119 4470 1237 4523 haerere
1262 4467 1303 4536 ei,
1332 4467 1414 4535 aliua
1440 4468 1547 4532 fraude
1581 4470 1697 4539 derepta
1727 4476 1781 4541 esu
1809 4471 1838 4524 ei
1861 4480 1953 4526 aretem

256 4553 395 4621 statuitur,
414 4553 489 4623 quod
503 4552 675 4623 nonpossint
689 4553 829 4624 sponsalia
843 4550 964 4624 dissolvi,
985 4553 1009 4608 si
1022 4571 1093 4626 quae
1119 4555 1216 4609 scierit
1232 4554 1277 4607 air
1296 4553 1481 4607 conditionem
1498 4554 1626 4608 muliera
1643 4556 1687 4608 vel
1707 4573 1721 4608 e
1739 4573 1880 4624 oensem,
1899 4577 1952 4615 aaa

258 4639 347 4694 nubat
364 4640 471 4709 spuria,
484 4656 566 4710 (luem
582 4639 758 4695 existimabat
777 4657 811 4696 ex
829 4640 1094 4714 legitimomnjugio
1119 4643 1195 4698 valet
1219 4657 1280 4696 eam
1307 4640 1455 4694 dimittere.
1498 4640 1574 4696 luris
1606 4641 1694 4697 uirilis
1716 4642 1881 4715 interpretes
1905 4646 1952 4702 bas

257 4741 317 4778 esse
337 4730 442 4794 natum,
462 4730 491 4779 et
509 4725 571 4780 viee
588 4742 682 4794 versa,
701 4725 768 4797 quia
794 4726 840 4780 bie
863 4743 939 4782 error
964 4733 1007 4783 est
1024 4728 1093 4783 dun·
1119 4728 1239 4784 rationes
1256 4726 1378 4797 addunt,
1407 4727 1480 4799 quod
1497 4744 1592 4783 servus
1610 4729 1648 4783 sit
1665 4727 1807 4804 ἀκέφαλος
1824 4748 1876 4789 nes
1896 4735 1952 4790 sins

256 4816 334 4865 taxat
353 4810 501 4883 qualitatis.
538 4811 654 4866 Interim
675 4812 849 4869 halaxstat
871 4818 1005 4870 statutum
1029 4832 1092 4885 pro·
1120 4814 1222 4870 domini
1251 4829 1386 4868 eumenen
1409 4813 1445 4869 da
1468 4830 1498 4869 se
1521 4814 1673 4886 quidquam
1707 4816 1832 4888 polliceri
1858 4821 1952 4892 possit,

257 4896 383 4965 rinaials,
408 4897 482 4966 quod
492 4897 534 4952 vir
551 4897 653 4952 nobilis
666 4913 722 4953 non
732 4898 834 4955 debeat
847 4900 948 4956 dusera
962 4900 1093 4956 feminam
1118 4916 1170 4956 nea
1201 4899 1323 4970 eorporis
1349 4901 1392 4955 sui
1414 4904 1579 4971 potestatem
1607 4901 1723 4966 habeat,
1752 4920 1805 4960 nea
1834 4904 1870 4961 de
1893 4909 1953 4978 ejus

255 4982 406 5053 ignobilem
438 4990 466 5039 et
495 4985 629 5051 vicissim,
670 4986 744 5058 quod
775 4986 879 5042 femina
906 4987 1006 5042 nobilis
1038 5004 1093 5043 nou
1119 4986 1364 5041 communicatione
1388 5003 1438 5056 per
1464 4989 1625 5059 eonjugium
1646 5005 1709 5044 cum
1733 4989 1822 5046 altera
1849 4994 1952 5063 pacisci

256 5070 357 5125 debeat
373 5070 477 5134 nubere
495 5072 554 5127 viro
572 5072 705 5144 ignobili3
730 5079 754 5128 l.
769 5073 794 5128 si
811 5072 986 5144 promissioni
999 5073 1091 5129 matri-
1118 5080 1209 5146 queat.
1260 5073 1314 5130 Sed
1345 5073 1414 5130 haas
1441 5075 1533 5130 omnia
1560 5076 1722 5146 accipienda
1749 5083 1815 5133 sunt
1841 5079 1877 5137 de
1905 5082 1953 5138 illa

254 5156 339 5210 monii
357 5173 483 5226 expresse
502 5158 587 5215 fuerit
611 5158 708 5214 addita
722 5158 853 5226 conditio,
871 5159 946 5229 quod
958 5159 1092 5216 alteruter
1117 5161 1263 5230 servitute,
1296 5177 1368 5232 quae
1397 5161 1472 5232 apud
1496 5160 1634 5217 Romanos
1663 5162 1729 5217 olim
1765 5164 1887 5223 obtinuit
1920 5185 1952 5225 aa

254 5242 476 5298 conuehentium
501 5244 610 5316 geneda
640 5245 683 5300 sui
710 5243 884 5301 nobilitatem
913 5243 1015 5300 debeat
1043 5245 1090 5300 de·
1116 5246 1198 5302 bodie
1225 5248 1299 5318 apud
1327 5246 1495 5303 Christianos
1521 5264 1624 5319 magna
1651 5266 1685 5305 ex
1713 5257 1794 5322 parta
1824 5254 1952 5311 exolevit

254 5335 420 5395 monstrum
454 5337 478 5387 3.
509 5332 532 5386 si
562 5329 642 5387 dulus
668 5331 759 5387 malus
785 5330 991 5387 accesseritet
1020 5330 1092 5387 false
1116 5333 1182 5388 Alia
1200 5350 1265 5390 vero
1283 5335 1353 5390 ratio
1372 5340 1415 5390 est
1435 5335 1544 5390 illorum
1563 5353 1710 5407 servorum,
1731 5340 1778 5411 qui
1795 5339 1834 5396 ad
1850 5357 1952 5415 operas

254 5416 405 5472 nobilitatis
428 5416 595 5488 gloriatione
620 5418 753 5477 alterutra
771 5435 837 5490 pars
864 5418 900 5473 ad
919 5419 1091 5474 sonsenu'en·
1115 5420 1258 5477 iaciendas
1276 5421 1387 5494 quidem
1404 5419 1532 5493 obligati,
1558 5440 1614 5477 non
1630 5429 1722 5480 tamen
1750 5426 1874 5498 ipsorum
1893 5447 1954 5503 per·

254 5501 319 5556 dum
337 5503 474 5559 fallaciter
487 5504 570 5561 fuerit
587 5520 728 5577 persuasa,
748 5506 898 5559 ἐπιείκειαν
914 5519 1089 5560 aeausarum
1115 5524 1199 5563 sonae
1220 5515 1249 5564 et
1266 5523 1383 5578 sarpam
1400 5513 1465 5561 sunt
1482 5506 1510 5562 in
1528 5508 1698 5567 dominorum
1717 5519 1869 5586 potestate,
1890 5534 1954 5573 sum

253 5590 493 5646 matrimonialium
511 5591 668 5662 judicibus,
686 5593 709 5646 si
729 5592 835 5648 seilicet
852 5592 953 5665 copula
970 5593 1089 5650 earnalis
1100 5613 1103 5636 ¹
1113 5594 1167 5650 illis
1185 5594 1208 5650 si
1221 5609 1277 5667 qua
1292 5595 1374 5651 etiam
1387 5595 1516 5666 ignorans
1528 5597 1713 5655 conditionem
1729 5598 1806 5656 illam
1820 5602 1952 5662 servilem
