4020 6022
218 247 278 306 430
803 239 926 298 Iocus
943 236 1149 297 vlessmus
1166 238 1336 308 QUINTUS

216 400 359 450 manacta
391 396 571 452 matrimonio
604 394 681 451 Koite
704 400 799 464 potest
824 394 880 461 uti,
911 412 977 449 nam
1002 395 1056 449 etri
1081 410 1115 447 ac
1128 396 1252 463 probata
1281 403 1331 453 est.
1381 395 1476 459 Quare
1502 396 1599 466 differt
1631 402 1728 450 oolam
1757 394 1872 449 soleam
1899 411 1917 448 a

217 482 249 535 in
286 482 466 537 ordinatione
508 499 562 536 msa
598 480 738 536 castdatis
779 488 872 534 cotum
917 480 1055 549 obtulerit,
1080 480 1262 550 simplicitet
1286 482 1447 551 coujupium
1474 484 1510 537 de
1528 483 1677 551 mactasti
1703 489 1881 536 contractem
1899 502 1916 536 a

217 574 311 623 tamen
348 575 428 622 tantu
470 575 512 622 cst
552 568 596 623 uis
637 568 668 622 in
709 574 885 621 sumamma
921 567 1055 637 coniupii,
1080 567 1258 636 sponsalibus
1276 570 1432 633 defmurc.
1468 568 1527 622 sca
1541 569 1608 637 iure
1620 569 1718 623 diuino
1737 586 1774 623 ac
1791 570 1916 624 mali

217 656 295 723 quod
321 670 373 709 nec
399 671 434 723 sp
458 654 611 710 mdatiom
638 653 696 709 soti
708 660 802 726 potest
825 653 946 709 dusolri
963 655 1054 723 ipsum
1079 670 1158 709 nemo
1172 661 1266 724 potest
1284 656 1370 710 uberi
1386 657 1478 723 dare,
1496 658 1574 725 qaod
1586 674 1667 710 saum
1685 674 1743 709 non
1764 664 1821 722 est,
1851 657 1916 709 etsi

217 740 386 811 conjapium.
1082 740 1208 811 dederit,
1235 743 1320 796 irrita
1346 749 1387 795 est
1415 743 1541 797 daumio.
1590 742 1686 812 Ipitur
1699 744 1773 812 jure
1789 744 1916 796 natmou

253 832 313 883 644.
350 825 492 883 Pontificii
509 831 608 881 conus
624 826 814 898 pronuntiant,
831 834 923 881 cotum
941 814 1067 897 somnne}
1081 833 1107 879 a
1126 827 1222 882 diuino
1241 827 1353 881 irritum
1368 834 1410 882 est
1430 827 1592 899 coniupiam
1606 836 1673 897 post
1683 836 1781 883 sotum
1797 829 1913 884 soleam.

218 912 403 968 continentias
416 930 476 968 esee
487 913 714 982 inpedimentum
727 913 886 968 nonsolum
899 913 1053 982 montosus
1078 912 1119 967 Et
1137 914 1252 984 quidem
1280 915 1309 967 si
1339 930 1373 968 ss
1396 915 1553 985 Scriptura
1583 922 1633 969 aut
1659 916 1788 970 euidenti
1817 915 1913 985 aliam

219 1001 429 1055 matriruorsimn
459 999 691 1064 renuntiandum,
725 1003 777 1055 sed
804 1001 890 1054 etiam
916 1000 1053 1054 dirimens
1078 1000 1188 1054 ratione
1210 1001 1400 1055 demorsstrari
1412 1008 1526 1071 posset,
1553 1000 1645 1055 uotsim
1663 1001 1782 1055 somnne
1798 1002 1930 1071 defferre

90 1094 143 1137 tvi.
156 1094 201 1136 stt.
215 1093 397 1142 conuucmm.
415 1086 570 1143 Concilium
579 1085 773 1143 Tridentinum
781 1091 1052 1143 maturanensi
1077 1104 1097 1139 a
1113 1086 1251 1158 simplici,
1273 1088 1350 1156 meod
1371 1088 1402 1140 in
1425 1088 1478 1142 illo
1500 1088 1538 1142 sit
1556 1088 1673 1142 mantio
1699 1089 1737 1142 de
1762 1088 1912 1156 maerenti

215 1172 323 1241 Sioua
339 1173 453 1237 «immet,
469 1172 586 1227 eierscos
603 1173 633 1226 in
650 1174 742 1227 sams
755 1173 902 1227 ordinibus
920 1172 1052 1226 constitu-
1077 1172 1108 1226 in
1138 1173 1193 1227 isto
1223 1190 1289 1237 uero
1316 1173 1487 1244 promusio'
1500 1181 1609 1228 tontum
1643 1174 1681 1227 de
1704 1174 1831 1242 saturo,
1861 1193 1912 1228 non

214 1266 259 1313 tos
271 1259 317 1313 cel
336 1259 482 1327 reputares
494 1259 647 1313 castitatem
658 1259 808 1313 solemmter
814 1260 960 1328 professos
966 1274 1052 1327 posse
1078 1266 1187 1327 oportet
1204 1260 1294 1314 aliam
1312 1277 1447 1329 quaeram
1465 1261 1605 1316 rationem
1611 1280 1623 1328 ,·
1640 1267 1736 1314 tamen
1747 1261 1819 1329 qaia
1834 1261 1911 1330 prin·

214 1346 425 1400 matrimonium
458 1345 637 1410 contrairem,
669 1352 894 1414 contractamque
923 1344 1051 1399 odicium
1077 1345 1182 1414 uptun
1198 1345 1276 1401 illud
1291 1346 1375 1400 mutu
1391 1354 1507 1416 nepam,
1529 1354 1561 1400 at
1590 1346 1704 1411 Scalas,
1734 1346 1911 1415 Paludonus,

214 1448 290 1499 esse,
317 1450 373 1487 non
402 1432 527 1486 obstante
552 1432 614 1500 leae
643 1431 776 1486 ecclssiae
803 1431 846 1486 osl
870 1438 933 1485 roto
952 1438 979 1485 et
998 1448 1046 1501 op·
1079 1430 1231 1500 Ocjetanus
1261 1439 1288 1485 et
1315 1448 1409 1487 murres
1429 1432 1504 1501 iuris
1531 1432 1664 1486 comici
1687 1432 1859 1503 interpretes
1888 1440 1912 1487 st

210 1519 338 1588 positam
364 1518 440 1572 nitu
467 1518 550 1573 olma
579 1534 638 1573 esse
668 1534 752 1586 quam
783 1519 921 1571 damnare
952 1516 1048 1570 matri·
1076 1523 1175 1570 contra
1200 1519 1299 1586 potius
1333 1517 1508 1587 suistimant,
1544 1518 1606 1573 solo
1636 1518 1773 1571 meletias
1804 1520 1910 1573 &creto

213 1604 345 1674 monium,
361 1620 500 1675 posseque
527 1622 621 1659 omnes
640 1605 805 1660 contrahere
830 1603 1049 1671 matrimonium,
1074 1604 1185 1666 sactum
1205 1619 1276 1668 esse,
1290 1611 1321 1657 ut
1331 1611 1425 1658 cotum
1436 1603 1548 1658 somnne
1564 1601 1682 1656 dirimat
1693 1603 1910 1670 matrimonium,

213 1692 262 1761 piri
289 1707 347 1744 non
376 1692 497 1746 sentiunt
521 1692 676 1755 castitatis,
707 1690 819 1744 edumei
838 1706 900 1743 sam
917 1688 1050 1752 emerint,
1075 1690 1140 1745 ideo
1164 1691 1345 1759 probandum
1363 1698 1506 1762 superest,
1536 1688 1685 1745 eccleciam
1699 1690 1833 1760 potuisse
1862 1690 1910 1744 lsoc

213 1780 333 1843 donarem
358 1778 511 1833 numisma
527 1778 574 1833 sit.
617 1777 802 1832 Bellurminus
820 1776 856 1831 de
875 1775 1049 1830 matrimonio
1074 1776 1300 1846 impedimentum
1318 1777 1492 1832 matrimonii
1511 1777 1686 1833 constituere.
1720 1776 1806 1833 Haeo
1824 1777 1909 1833 omnia

212 1880 274 1935 cap.
309 1870 350 1920 21.
383 1880 493 1935 propos.
522 1869 553 1918 3:
590 1864 688 1919 Votum
722 1864 839 1919 somnne
866 1862 1049 1917 continuatae
1075 1863 1271 1933 bellarminus,
1304 1864 1380 1921 obes
1410 1879 1482 1935 quse
1500 1870 1637 1932 nummus,
1657 1868 1681 1919 1.
1709 1862 1909 1920 dimensionem

213 1951 323 2005 dirimit
341 1951 550 2006 matrimonium
562 1958 626 2020 post
644 1950 737 2022 ipsum
753 1957 846 2004 cotum
872 1949 1048 2004 crismatum.
1074 1950 1151 2005 illam
1169 1967 1225 2007 uon
1241 1967 1301 2007 esse
1320 1950 1355 2005 de
1373 1942 1535 2022 uuamuoue
1554 1949 1633 2022 parvi
1645 1949 1791 2020 momenti,
1810 1951 1862 2007 aed
1877 1952 1909 2007 de

173 2098 176 2104 ,
216 2037 264 2092 lib.
286 2037 322 2093 de
339 2036 481 2093 monacbis
501 2053 527 2093 c.
545 2042 586 2093 34.
605 2055 679 2108 resp.
694 2036 737 2092 ad.
758 2042 805 2092 19:
825 2035 958 2091 Conuenit
974 2037 1049 2090 inter
1074 2053 1104 2091 re
1120 2036 1204 2107 longe
1220 2038 1347 2095 maxima
1377 2038 1412 2091 Id
1430 2037 1503 2093 euim
1523 2037 1679 2108 quaeritur,
1696 2053 1737 2091 an
1753 2037 1836 2093 Deus
1853 2038 1908 2109 ipse

214 2125 371 2194 tieolopcs,
402 2124 611 2178 matrimonium
634 2131 702 2193 post
728 2130 822 2177 rotam
846 2122 960 2176 somnne
985 2139 1048 2175 con·
1074 2122 1103 2177 in
1126 2122 1212 2178 verbo
1235 2140 1285 2179 suo
1306 2124 1481 2180 matrimonia
1503 2129 1683 2196 postratum
1705 2125 1826 2183 solenne
1847 2143 1906 2181 con·

215 2218 335 2264 tractum
371 2225 430 2264 esse
468 2209 586 2266 nullum.
638 2208 755 2264 Toletus
784 2208 833 2266 lib.
866 2215 892 2264 4.
921 2207 1047 2263 instruct.
1076 2214 1165 2265 macte
1179 2210 1287 2279 judicet
1305 2210 1397 2276 irritu,
1425 2228 1462 2265 sn
1478 2227 1543 2267 sero
1562 2216 1672 2265 tantum
1688 2211 1830 2266 molestae
1847 2211 1905 2279 (boc

215 2297 321 2352 sacerd.
338 2314 360 2352 a
380 2302 425 2352 16:
448 2295 763 2351 Vorenscontinentiam
781 2302 918 2365 etpostsa
934 2310 1048 2349 uxorem
1072 2301 1129 2364 est,
1157 2301 1189 2350 ut
1211 2296 1309 2351 ultima
1330 2295 1453 2368 snelysis
1473 2296 1570 2360 docet,
1593 2297 1742 2365 pontifices
1765 2300 1904 2369 Bouiani)

216 2386 329 2452 ducens,
349 2382 476 2452 mamois
493 2382 650 2437 mortaliter
664 2390 774 2452 peccat,
792 2400 848 2438 non
859 2389 968 2437 teratur
986 2397 1048 2433 eant
1073 2380 1184 2436 decreto
1202 2381 1270 2437 talia
1287 2382 1462 2438 matrimonia
1478 2382 1536 2437 sint
1551 2382 1639 2440 unte
1675 2382 1705 2439 Si
1725 2385 1816 2455 prius,
1833 2385 1956 2440 nullom

213 2485 334 2525 cervara.
372 2468 548 2523 Maldonatus
567 2468 596 2523 in
608 2484 707 2531 summ.
725 2485 753 2538 q.
777 2473 815 2524 12.
831 2474 882 2524 art.
902 2473 932 2523 δε
958 2466 1046 2530 Quid·
1072 2468 1205 2523 ecclesiae
1236 2468 1347 2525 decreto
1376 2469 1612 2525 matrimoniorum
1642 2469 1755 2526 illorum
1793 2470 1904 2526 firmitas

214 2556 284 2626 quid
300 2556 437 2610 senserint
455 2555 538 2609 multi
555 2556 666 2624 antimi
681 2564 827 2624 auctores,
845 2572 884 2608 an
899 2554 938 2607 eit
953 2571 1048 2609 oerum
1072 2553 1190 2609 stabiliri
1207 2561 1299 2624 potest
1316 2572 1340 2610 c.
1360 2563 1425 2610 sunt
1444 2556 1558 2625 quidam
1576 2561 1617 2611 25.
1638 2573 1665 2627 q.
1683 2562 1716 2612 l:
1758 2556 1794 2612 Si
1812 2559 1905 2613 Ponti·

214 2643 422 2697 matrimonium
440 2649 614 2698 contractam
631 2642 668 2695 ab
684 2642 733 2710 is's,
759 2642 810 2710 qui
824 2648 917 2695 uotum
935 2641 1047 2695 solenne
1071 2642 1120 2705 fen
1142 2641 1189 2710 id,
1217 2643 1296 2710 quod
1322 2643 1476 2695 donarunt
1488 2643 1645 2713 prophetae
1664 2651 1690 2697 et
1708 2646 1845 2713 apostoli,
1863 2647 1903 2699 de

215 2728 355 2782 castitatis
373 2729 511 2794 fecerant,
540 2736 632 2782 tamen
650 2745 723 2782 nunc
741 2735 845 2782 catam
865 2735 922 2797 est,
950 2728 1047 2783 matri·
1072 2733 1189 2796 struere,
1205 2728 1282 2797 meod
1299 2728 1379 2795 alat
1397 2728 1544 2796 niteretur,
1561 2747 1617 2784 non
1634 2731 1807 2785 audentiam
1829 2734 1904 2797 dare,

215 2814 338 2869 monium
368 2815 445 2870 illud
473 2832 530 2870 non
560 2831 620 2869 esse
647 2831 750 2871 ouum.
795 2813 957 2885 Antequam
982 2830 1047 2869 vero
1072 2813 1125 2866 sed
1140 2815 1232 2881 mauis
1250 2830 1349 2868 errare
1369 2816 1590 2872 conomcerstar.
1624 2816 1715 2887 Atqui
1735 2817 1904 2873 ostendimus

85 2917 182 2958 otissa·
214 2900 424 2957 Pontificiorum
440 2905 607 2973 argumenta
618 2901 811 2968 mammenus,
824 2898 1046 2970 probemimsd-
1072 2899 1213 2970 superius,
1242 2915 1293 2970 per
1310 2900 1440 2972 papalem
1458 2901 1690 2971 dispensationem
1709 2904 1904 2959 monachorum

85 2970 182 3061 'ssssffi
213 2989 393 3059 immodum,
422 2989 497 3060 quod
528 3004 564 3043 ne
591 2987 645 3058 ipsi
669 2986 781 3058 quidem
800 2985 940 3041 Pontfficii
960 2986 996 3041 de
1014 3003 1046 3041 eo
1071 2990 1100 3039 et
1118 2986 1279 3051 monialium
1296 2986 1472 3042 matrimonia
1491 2988 1601 3058 saepius
1623 2989 1711 3044 fuisse
1734 2989 1902 3046 confirmita

86 3072 176 3164 31383
215 3074 397 3143 consentiant,
415 3091 453 3130 an
470 3073 675 3130 matrimonium
686 3072 765 3138 illud,
784 3072 858 3143 quod
871 3078 1046 3143 postratum
1072 3070 1143 3127 Item
1169 3072 1343 3128 matrimonia
1377 3073 1426 3127 ills
1448 3090 1557 3144 semper
1586 3080 1615 3130 et
1638 3081 1776 3146 perpetuo
1807 3077 1838 3132 in
1864 3093 1903 3132 ec·

85 3175 195 3217 mnsam
214 3161 400 3218 continentiae
431 3162 545 3216 solenne
569 3150 756 3224 contrahitur,
787 3159 823 3213 sit
851 3159 959 3213 irritum
975 3160 1047 3228 jure
1071 3157 1158 3214 alesin
1179 3159 1301 3229 judicari
1319 3157 1480 3215 debuissent
1499 3159 1592 3229 irrite,
1622 3160 1689 3231 quia
1710 3161 1762 3232 jue
1784 3162 1903 3217 divum

85 3230 202 3319 ξξξοζζζ
215 3248 402 3303 moledmtico
427 3253 549 3315 mutum,
573 3264 609 3302 eu
635 3263 700 3303 sero
717 3246 801 3302 etiem
813 3246 883 3315 jure
908 3246 1004 3301 dicim
1021 3254 1046 3300 et
1071 3262 1105 3300 ac
1121 3246 1248 3301 naturale
1265 3252 1308 3301 est
1325 3252 1491 3316 perpetuum
1511 3250 1541 3302 et
1557 3245 1740 3304 immutabile.
1766 3248 1826 3305 Cur
1841 3268 1903 3322 ergo

85 3332 165 3371 ΜΟ·
214 3335 351 3402 naturali,
370 3350 454 3405 quam
474 3332 671 3388 dissensionem
690 3331 758 3403 ipsis
776 3331 937 3388 Bellarmini
955 3331 1046 3386 verbis
1072 3332 1256 3387 Bollnrminus
1286 3333 1321 3388 de
1350 3332 1475 3388 monach.
1503 3349 1527 3389 c.
1558 3338 1600 3390 ³4.
1629 3334 1667 3389 ed
1694 3335 1851 3408 Augustini
1878 3343 1904 3393 et

215 3436 368 3490 proponere
387 3419 487 3490 placet,
505 3418 553 3476 lib.
574 3418 609 3474 de
630 3419 755 3476 monach.
773 3436 796 3475 c.
816 3425 857 3475 34.
877 3419 917 3473 sic
934 3417 1044 3473 scribit:
1071 3417 1236 3489 Hieronymi
1252 3418 1328 3474 dicte
1345 3419 1503 3489 respondet,
1523 3422 1663 3474 demetam
1676 3422 1902 3491 ecclemastscum,

218 3506 313 3560 Utrum
331 3513 399 3575 post
416 3506 530 3560 solenne
546 3514 637 3560 uotum
651 3506 765 3561 usuum
782 3507 819 3560 sit
838 3505 1044 3559 matrimonium
1070 3522 1125 3574 quo
1153 3505 1290 3560 inlsalrilee
1316 3508 1387 3572 fiunt
1413 3508 1454 3560 ad
1477 3506 1699 3577 matrimonium,
1731 3510 1785 3578 qai
1813 3519 1901 3566 rotam

205 3593 278 3660 jure
299 3592 395 3647 diuino
409 3599 436 3646 et
452 3591 589 3660 naturali,
608 3609 647 3646 an
661 3591 752 3646 solum
765 3592 835 3660 jure
847 3590 1043 3658 ecclesiastico,
1069 3592 1168 3647 nolent
1185 3592 1306 3661 soleam,
1324 3593 1365 3646 ad
1381 3609 1477 3647 eorum
1495 3593 1626 3647 notitiam
1650 3612 1707 3648 non
1720 3598 1902 3665 pauonum!

211 3680 340 3748 quaestio
355 3685 402 3735 est.
432 3679 510 3733 Nam
528 3678 670 3746 tilbertus,
690 3677 1042 3746 Tiamas,Bouaoentara‚
1070 3679 1101 3736 Si
1118 3680 1270 3751 posterius,
1295 3678 1324 3732 in
1342 3670 1457 3733 arbitrio
1474 3678 1621 3746 ecclesiae,
1645 3678 1676 3735 io
1692 3687 1738 3735 est
1755 3683 1902 3754 pontificis,

212 3765 390 3831 Richardus,
418 3765 580 3819 Durondus
606 3763 637 3817 in
655 3766 678 3818 4.
703 3771 771 3817 sent
789 3764 854 3818 dut.
873 3765 915 3819 38.
938 3769 964 3816 ct
982 3764 1042 3815 Do·
1070 3766 1196 3822 relictum
1214 3766 1267 3821 erit
1285 3765 1353 3819 talia
1370 3765 1546 3821 matrimonia
1561 3765 1653 3823 fecem
1674 3773 1747 3826 rata
1793 3776 1817 3827 2
1835 3771 1902 3826 Cum

212 3852 330 3906 minicia
352 3869 372 3905 a
389 3850 457 3906 Sota
485 3851 534 3906 lib.
558 3852 580 3905 7.
599 3852 635 3904 de
646 3850 717 3919 just.
738 3858 764 3904 et
784 3851 839 3918 jur.
855 3867 881 3919 q.
900 3852 926 3904 2.
943 3857 997 3905 art.
1016 3854 1042 3906 5.
1069 3870 1136 3925 ergo
1169 3853 1240 3908 tanti
1271 3852 1400 3923 ponderis
1426 3869 1460 3907 ac
1485 3853 1615 3909 momenti
1642 3855 1678 3909 sit
1701 3854 1752 3910 illa
1769 3858 1902 3929 quaestio,

210 3939 315 4003 colant,
332 3939 396 4006 jure
416 3938 512 3993 sliuino
526 3937 701 3991 acuaturali
716 3937 923 3991 matrimonium
934 3936 1043 3990 nullum
1069 3939 1211 3995 debuisset
1230 3937 1413 3993 Bellurminus
1431 3939 1557 3994 alterutri
1575 3940 1648 4011 parti
1662 3956 1724 3996 sese
1739 3942 1901 4015 adiungere,

211 4039 276 4092 esse,
293 4025 321 4077 si
334 4031 401 4093 post
418 4032 510 4078 uotum
526 4024 639 4078 solenne
657 4023 857 4092 corstraltatur5
896 4029 926 4075 at
943 4021 1043 4077 Scotus
1069 4025 1144 4098 quod
1171 4034 1264 4080 tamen
1293 4025 1456 4095 neutiquam
1483 4024 1564 4095 facit,
1592 4026 1642 4081 sed
1670 4027 1900 4103 incunctantius

211 4118 238 4164 et
255 4110 425 4165 Paludanus
448 4110 478 4164 in
506 4117 530 4165 4.
554 4109 618 4164 dist.
643 4115 683 4166 88.
703 4117 728 4164 et
753 4110 909 4177 Caietanus
926 4108 955 4163 in
974 4113 998 4163 t.
1018 4115 1042 4164 2.
1070 4119 1216 4182 auumque
1246 4111 1410 4166 senteutiam
1447 4111 1515 4167 dicit
1549 4128 1610 4167 esse
1645 4112 1836 4183 probabilem,
1871 4122 1921 4175 et.

212 4214 240 4267 q.
271 4201 313 4252 88.
345 4203 396 4251 art.
429 4202 454 4251 t.
484 4203 510 4250 et
539 4197 629 4251 onina
660 4195 760 4249 schola
787 4195 1042 4263 jureconsultorum
1069 4198 1242 4268 quamvisin
1262 4197 1308 4253 lib.
1330 4198 1463 4256 demetr.
1482 4199 1513 4253 in
1532 4199 1712 4270 posteriorem
1731 4203 1897 4258 seutentiam

211 4282 457 4351 (canonistarum),
497 4290 527 4335 ut
564 4283 654 4348 refert
691 4281 912 4335 Panormitanas
955 4281 985 4333 in
1018 4300 1042 4338 c.
1070 4284 1158 4355 magis
1177 4284 1311 4340 inclinare
1328 4284 1465 4353 videatur,
1483 4293 1576 4341 tamen
1588 4292 1709 4341 mentem
1726 4304 1809 4344 suam
1823 4289 1902 4360 plane

210 4371 330 4424 Iturssrs.
371 4368 806 4431 Quieta-icioeloceentesctc.
825 4370 1042 4438 monestrolo
1069 4377 1098 4428 et
1128 4370 1274 4441 perspicue
1304 4387 1360 4427 non
1389 4371 1508 4443 exponit.
1555 4378 1578 4428 3.
1610 4373 1644 4426 In
1668 4373 1735 4443 jure
1770 4375 1901 4431 meoniae

204 4457 274 4525 jare
298 4455 485 4511 molestastico
508 4456 715 4511 matrimonium
737 4455 851 4509 irritum
869 4471 940 4520 esse,
967 4458 1044 4525 quod
1069 4455 1186 4512 babetur
1198 4473 1330 4527 expressa
1341 4456 1479 4529 pontificis
1491 4458 1601 4526 decisio,
1621 4475 1705 4530 quam
1716 4458 1902 4517 Bellerminus

205 4548 273 4609 post
290 4548 383 4596 uotam
400 4542 513 4596 scimus
531 4541 713 4596 contrahitur.
767 4541 890 4610 Utraque
908 4543 1043 4597 sementia
1069 4560 1125 4598 non
1143 4543 1284 4598 debuisset
1300 4544 1527 4615 praetermittere,
1547 4543 1634 4599 multo
1653 4544 1746 4600 miuus
1772 4547 1901 4604 indubio

209 4627 366 4697 probabilis
392 4634 449 4696 est,
478 4644 528 4683 uec
553 4635 593 4682 est
609 4634 724 4682 nostrae
740 4627 975 4682 considerationis
992 4630 1044 4683 hoc
1068 4630 1184 4687 eandem
1197 4630 1360 4701 relinquere.
1391 4629 1438 4686 sic
1455 4629 1528 4685 enim
1541 4629 1636 4686 scribit
1646 4630 1811 4689 Boniiaoius
1824 4634 1900 4690 Vnt.

211 4713 274 4767 loco
307 4715 496 4783 qssaeuicnom
527 4713 610 4768 eitam
636 4713 764 4779 definire.
792 4713 838 4769 lib.
866 4713 901 4768 de
924 4715 1042 4773 matrim.
1068 4717 1105 4772 ad
1132 4716 1304 4771 Biterenscm
1332 4715 1491 4787 episcopum
1515 4734 1538 4771 o.
1562 4715 1635 4772 unic.
1659 4718 1696 4774 de
1722 4726 1780 4775 vot
1800 4727 1830 4775 et
1846 4719 1900 4775 voti

210 4817 235 4856 o.
257 4805 299 4857 tl.
323 4802 433 4872 proposss
463 4807 492 4856 3:
524 4801 615 4855 oratu
639 4800 714 4870 iique
733 4800 896 4870 praomsimi
912 4802 1042 4872 tteolopi,
1068 4805 1183 4860 redemt.
1200 4802 1230 4857 in
1247 4809 1276 4857 6:
1295 4804 1356 4856 Nos
1374 4805 1558 4869 emendantes,
1577 4806 1654 4872 quod
1672 4804 1732 4858 coti
1746 4808 1901 4862 solennitas

213 4885 349 4956 Tiomos,
365 4888 582 4957 Beneuentum,
611 4886 759 4956 Alterius,
779 4887 955 4958 Richardus,
980 4890 1042 4941 Da·
1070 4908 1102 4945 es
1130 4890 1195 4944 sola
1212 4890 1346 4944 ccclesiae
1363 4890 1559 4944 comtitutione
1590 4900 1630 4945 est
1650 4893 1777 4961 incauta,
1807 4894 1901 4949 matri·

210 4972 335 5039 raudus,
372 4974 538 5028 Dominieus
568 4991 587 5026 a
622 4973 689 5028 Sota
720 4980 746 5026 et
775 4973 829 5026 alii
866 4976 1042 5039 coraaulant,
1069 4975 1157 5029 monii
1173 4992 1238 5029 voro
1255 4974 1396 5028 uirtcuiam
1415 4976 1450 5031 air
1467 4977 1531 5046 ipso
1551 4976 1683 5031 emireius
1696 4979 1793 5049 capite
1811 4997 1902 5049 rmum

210 5065 303 5112 uotum
330 5059 442 5113 sclerum
467 5060 538 5129 jure
567 5059 663 5113 dicim
693 5076 728 5113 ac
758 5060 889 5114 staturati
911 5060 1044 5114 dirimere
1071 5061 1194 5115 omnium
1220 5062 1365 5114 conditore
1390 5061 1482 5134 ipsum
1509 5063 1540 5116 in
1559 5063 1701 5131 paradiso
1730 5071 1757 5119 et
1780 5065 1813 5120 in
1832 5073 1904 5121 aaut

211 5143 425 5200 matrimonium.
458 5146 581 5210 Quonim
592 5147 661 5200 liaeo
673 5154 713 5200 est
721 5146 870 5215 potissima
880 5147 964 5209 ratio,
976 5149 1042 5216 quia
1071 5148 1244 5201 innocentiae
1263 5149 1422 5202 instituente
1441 5149 1571 5203 unionem
1583 5158 1609 5204 et
1625 5150 1904 5209 indissolubsldatem

212 5240 305 5287 uotum
322 5232 435 5287 somnne
449 5250 505 5287 non
523 5241 564 5287 set
582 5233 702 5302 simplae
715 5232 866 5302 prousisae
879 5235 943 5287 Deo
954 5234 1043 5303 sactis,
1070 5234 1218 5302 acceperit,
1235 5236 1396 5303 proesentis
1416 5237 1621 5291 declarandum
1639 5238 1774 5295 ducimus
1790 5241 1904 5297 oraculo

211 5320 496 5388 utestootum,quod
507 5319 750 5391 dicitursimpler,
765 5321 818 5373 sed
829 5318 998 5374 esttraditic
1009 5322 1044 5375 de
1071 5319 1240 5388 sanctionis,
1263 5320 1339 5377 iilud
1356 5321 1446 5376 solam
1466 5329 1558 5378 uotum
1586 5323 1686 5378 delae
1705 5326 1769 5381 dici
1784 5328 1904 5394 solenne,

209 5403 354 5472 praesenti
371 5404 524 5474 suiipsius
543 5406 747 5474 inperpetuum
759 5404 866 5460 (stricti
885 5405 1044 5473 obsequium
1071 5414 1205 5474 quantmn
1224 5409 1265 5463 ad
1278 5416 1345 5476 post
1361 5417 1532 5464 contractum
1550 5411 1761 5466 matrimonium
1772 5414 1905 5469 dirimen-

213 5497 240 5545 et
260 5507 294 5545 ea
311 5490 429 5545 traditio
450 5508 469 5547 a
489 5489 602 5546 Christo
616 5507 670 5562 per
687 5492 830 5546 ministros
847 5510 912 5545 suos
929 5500 1060 5562 acceptat
1075 5493 1158 5562 slarn,
1189 5495 1265 5562 meod
1294 5496 1495 5550 solennitatum
1519 5497 1610 5565 fuerit
1625 5513 1682 5570 por
1704 5502 1906 5570 susceptionem
