4028 6030
10 1028 52 1111 ξι.

10 1124 61 1161 iam

10 1184 43 1265 t..

793 216 846 273 DE
862 216 1062 277 OONJUGIO.
1450 250 1454 259 ·
1711 228 1774 288 2²³

80 378 106 433 5.
139 374 295 431 Prohibitio
323 371 488 429 matrimonii
521 372 550 429 in
583 372 721 430 affinitate
750 390 784 429 sx
818 370 971 429 illicitolet
1001 380 1106 446 quaest.
1138 373 1200 431 iisd.
1229 374 1260 429 in
1281 374 1313 429 V.
1335 376 1368 430 T.
1398 374 1487 429 multa
1516 376 1606 443 juism
1631 378 1774 447 pammac

79 461 232 519 concubitu
252 466 312 516 orta
329 460 402 516 altra
419 461 543 530 primum
563 460 608 516 rel
626 462 777 514 secusdum
795 426 1057 529 qradumipropter
1087 462 1291 530 infirmitatem,
1329 468 1360 513 at
1390 462 1462 515 dare
1491 461 1617 515 libellum
1648 464 1774 533 repudii,

80 566 137 603 non
154 547 265 603 videtur
282 546 462 603 extendenda.
500 552 524 602 6.
544 545 712 618 conjugium
730 545 760 599 in
779 536 1014 615 affinitatelquae
1031 548 1062 599 in
1081 546 1221 614 euanqelii
1233 547 1410 615 perfectione
1428 555 1492 600 sunt
1508 548 1662 603 eliminata.
1700 550 1773 603 Item

83 633 220 705 ejusmodi
239 651 273 689 ex
291 633 449 705 ignorantia
466 638 656 700 contractum,
675 632 698 685 si
715 633 775 702 jam
792 634 1081 702 consum-lquaedcm
1113 633 1204 696 fuisse
1236 632 1378 700 permissa
1414 650 1501 685 carisa
1537 634 1710 701 infirmitatis
1746 644 1773 688 et

85 729 198 789 matum,
216 735 392 791 nequaquam
408 718 517 773 videtur
536 718 749 773 dissolvendum.
927 710 1111 777 inceramenti
1120 721 1297 787 futurorum,
1315 726 1345 771 ut
1363 719 1530 773 oblationem
1557 722 1724 774 animalium
1742 723 1773 775 in

10 812 70 903 ἐπι·
120 812 180 863 381,
215 810 243 859 2.
263 807 312 859 Aa
335 804 398 874 quis
421 807 522 857 ducem
542 806 636 874 possit
662 822 738 873 eam,
764 821 846 873 ᾳιιαιι
862 782 1129 872 perlsacrificium;
1149 806 1190 858 sic
1207 813 1233 857 ιι
1246 805 1433 859 Bethsabcam
1447 808 1615 875 permissam
1628 823 1686 861 csse
1704 810 1774 861 duci

10 918 30 955 n

86 894 261 949 adulterium
277 893 359 961 priam
374 890 503 961 polluit?
540 891 670 956 Quaestio
689 890 758 949 haec
780 888 917 962 generalis
943 891 973 943 ia
990 908 1103 944 usorem
1120 908 1176 944 non
1195 891 1283 959 mapis
1295 908 1382 943 causa
1397 891 1572 955 infirmitatae
1583 910 1667 960 qnam
1683 895 1768 963 sipisi-

86 987 138 1048 sst,
155 995 227 1050 quae
243 978 273 1032 in
293 977 427 1048 speciales
447 978 547 1034 resolvi
565 984 671 1049 potest:
699 982 723 1031 1.
742 979 789 1031 :ln
803 976 917 1046 juvenis
936 977 1072 1042 flectione
1087 978 1255 1041 futurorum.

85 1083 199 1120 morem
216 1066 337 1119 alterius
353 1082 408 1134 per
434 1066 606 1118 astultcrium
624 1084 643 1117 o
663 1082 693 1118 se
710 1064 851 1133 pollutam
871 1064 917 1114 de·
978 1065 1037 1117 382.
1073 1060 1240 1116 Canonistse
1265 1077 1297 1115 ex
1314 1061 1396 1116 titulo
1413 1061 1592 1117 decretalium
1611 1068 1645 1117 de
1664 1081 1705 1128 eo,
1725 1065 1773 1136 qui

83 1155 183 1217 sancto
200 1152 304 1204 morito
319 1151 411 1219 possit
429 1152 547 1219 ducere,·
568 1154 595 1204 2.
608 1168 646 1203 an
657 1151 776 1203 marites
789 1147 917 1216 puellam
945 1146 1024 1200 duxit
1042 1146 1071 1200 in
1090 1147 1305 1211 matrimonium,
1325 1164 1408 1218 quam
1427 1147 1526 1217 polluit
1538 1166 1587 1219 por
1598 1149 1774 1220 adulterium,

84 1256 105 1293 a
133 1254 163 1291 sc
193 1238 329 1291 amictum
359 1237 493 1301 defuncta
523 1238 642 1305 conjrsqc
668 1238 761 1304 possit
797 1236 916 1302 ducerc‚·
944 1233 1079 1303 colligunt
1104 1233 1227 1304 quinque
1252 1233 1377 1303 regulas:
1411 1240 1432 1288 1.
1458 1236 1492 1287 Si
1524 1237 1642 1289 aceritus
1668 1238 1773 1292 ιιιιιιιι

84 1330 113 1382 3.
134 1346 173 1380 au
190 1327 309 1379 maritus
327 1325 571 1377 alteriusuaorcm
587 1324 722 1392 polluens
735 1330 847 1376 snortua
865 1338 918 1373 sua
943 1337 1029 1373 auore
1052 1320 1192 1373 curstrahit
1214 1337 1275 1372 cuns
1298 1322 1435 1389 seminuda,
1461 1338 1532 1390 quoe
1555 1323 1624 1391 scit,
1649 1324 1774 1392 primam

82 1430 169 1467 secors
191 1420 217 1465 ιι
235 1411 315 1466 illius
332 1411 443 1477 marito,
463 1426 524 1463 com
543 1411 643 1462 (lucere
657 1409 758 1477 possit.
802 1408 919 1461 Exstant
943 1422 1056 1458 uxorem
1086 1422 1145 1459 esse
1168 1406 1358 1475 superstitem,
1384 1408 1480 1477 prinus
1510 1409 1656 1463 demortua
1677 1416 1774 1465 matri-

84 1506 178 1555 aatem
205 1498 258 1552 hac
279 1496 315 1550 de
333 1495 495 1567 quaestione
523 1495 624 1549 diversi
641 1510 775 1563 canones,
805 1491 917 1562 quidam
945 1491 1066 1544 sumniam
1089 1493 1278 1545 conniumari
1299 1510 1355 1546 non
1376 1494 1558 1562 pcrnsittitur.
1603 1497 1644 1549 Et
1668 1499 1696 1549 si
1710 1515 1773 1552 con·

83 1586 167 1656 plane
184 1591 297 1655 negant,
315 1582 450 1652 pollutam
462 1580 600 1635 adulterio
620 1580 649 1634 in
662 1580 823 1651 conjugium
837 1595 917 1649 posse
944 1584 1111 1631 nummatum
1128 1595 1163 1631 ac
1181 1578 1264 1631 liberi
1277 1581 1424 1647 procreati
1439 1580 1509 1649 siat,
1528 1588 1621 1633 tamen
1636 1583 1774 1637 rescindi·

84 1671 170 1731 doci.¹
194 1687 216 1725 a
237 1667 338 1724 Nullus
364 1671 403 1723 31.
432 1687 458 1737 q.
478 1672 499 1722 l.
521 1682 554 1721 ex
573 1666 680 1721 leone:
704 1668 808 1720 Nullus
833 1668 917 1717 clueat
944 1672 999 1729 tur,
1019 1665 1073 1717 etsi
1085 1664 1281 1718 contrahentes
1297 1666 1381 1734 lonqo
1400 1674 1522 1735 tempore
1546 1667 1774 1739 cohabitaverint,

83 1759 115 1811 in
133 1756 350 1819 matrimonium,
370 1772 454 1823 mam
462 1754 547 1823 prius
554 1754 661 1821 polluit
672 1770 724 1822 per
736 1753 916 1806 adulterium.
944 1767 968 1805 c.
1004 1750 1047 1803 Ex
1066 1750 1209 1805 literarum
1229 1760 1280 1806 etc.
1301 1767 1364 1805 eum
1384 1750 1669 1810 interereunt
1699 1759 1726 1810 2.
1742 1756 1777 1809 Si

84 1862 111 1901 e.
130 1842 204 1897 illud
231 1842 293 1897 ead.
323 1857 359 1895 ex
388 1839 505 1895 concilio
532 1840 608 1909 apud
630 1839 784 1909 Alphesum
807 1838 916 1893 habito:
944 1839 1065 1891 aceritus
1081 1839 1185 1891 visente
1201 1839 1300 1907 prima
1320 1856 1403 1891 usare
1422 1856 1481 1892 rens
1499 1840 1600 1894 hebeat
1616 1858 1678 1894 eum
1705 1842 1775 1908 elia,

85 1933 151 1985 lien
172 1931 298 1984 emisenit
317 1928 496 1983 Christianae
514 1928 662 1996 reliqioni,
691 1936 721 1980 ut
739 1926 815 1979 ullus
832 1928 917 1979 ducat
944 1924 1063 1993 quaein
1080 1932 1194 1978 mortem
1211 1926 1323 1993 primae
1342 1926 1438 1979 uaeris
1455 1928 1618 1981 saruchinata
1631 1928 1699 1993 fuit,
1717 1930 1775 1983 sice

82 2020 116 2071 ia
145 2016 318 2087 conjuqium,
351 2033 434 2085 quem
463 2016 546 2084 prius
571 2014 676 2084 polluit
707 2013 858 2068 adulterio.
892 2029 916 2067 c.
943 2011 1089 2078 superstite
1120 2028 1206 2065 ιιιοιι
1232 2030 1286 2064 sisa
1317 2014 1401 2075 J'idcm
1437 2014 1472 2066 de
1500 2014 1677 2069 rnatrimonio
1709 2026 1776 2083 post

82 2105 215 2160 Relatum
235 2109 277 2158 est
295 2102 354 2157 ead.
376 2120 409 2157 ex
426 2100 544 2156 concilio
567 2099 755 2154 'tributionem
786 2098 918 2151 Relatum
945 2105 1059 2151 rtortem
1078 2098 1269 2152 contrahendo
1287 2100 1334 2151 illi
1356 2100 1481 2168 dederit,
1509 2103 1565 2154 sire
1590 2122 1660 2166 ιιωι,
1685 2110 1775 2157 tanuen

84 2200 127 2245 est
147 2189 631 2254 auribussanctorumsacerdotum,
650 2187 787 2255 quendam
800 2184 917 2238 alterius
944 2186 1112 2238 consortium
1130 2184 1312 2253 prolabatur,
1339 2200 1363 2241 c.
1409 2183 1499 2255 Super
1516 2185 1568 2240 hoc
1587 2187 1650 2242 eod.
1693 2191 1721 2242 3.
1742 2188 1777 2244 Si

85 2294 200 2332 arerem
217 2284 316 2343 stupro
340 2275 462 2328 violasse
481 2281 507 2326 ct
525 2274 640 2340 insuper
665 2271 794 2325 moechae
811 2272 916 2323 virente
944 2272 1005 2339 quis
1024 2280 1133 2325 ιιιιιιιιι
1154 2288 1240 2324 auare
1257 2272 1396 2323 contrahit
1414 2290 1475 2324 curn
1494 2290 1541 2339 ea,
1566 2291 1650 2343 quam
1667 2277 1773 2331 visente

82 2365 147 2417 ciro
177 2379 228 2416 suo
251 2362 446 2430 juramentum
481 2358 608 2423 dedisse,
642 2365 672 2410 ut
703 2365 769 2427 post
799 2356 918 2424 lcyitimi
942 2374 1029 2410 urere
1055 2357 1139 2410 nulla
1165 2360 1235 2411 duta
1263 2359 1291 2409 ei
1312 2360 1374 2427 side
1403 2360 1439 2412 de
1457 2361 1636 2415 nemrimonio
1662 2370 1773 2416 corstra·

84 2450 182 2503 mariti
209 2456 341 2513 monem,
369 2448 397 2500 si
419 2446 628 2515 supervixisset,
658 2447 773 2498 duceret
798 2461 861 2497 cons
886 2443 916 2496 in
943 2444 1034 2497 lucrida
1051 2445 1193 2513 remcavit,
1218 2461 1267 2497 nec
1285 2445 1421 2497 alteruter
1440 2446 1470 2499 in
1488 2454 1604 2499 rrsertcm
1623 2449 1774 2514 defunctae

85 2553 206 2602 ιιιιιιιιι,
222 2536 302 2605 quod
319 2542 346 2587 ct
362 2536 470 2597 sactum
486 2539 533 2586 ιιι.
582 2532 651 2585 Ταιι
670 2548 737 2600 erqo
754 2530 917 2583 connubium
944 2528 1039 2583 uaeris
1065 2532 1125 2595 fuit
1155 2532 1347 2599 machinatus,
1376 2540 1449 2585 terret
1472 2534 1679 2587 matrimonium
1701 2536 1774 2589 iuter

83 2624 268 2694 prohibemus
305 2630 330 2675 et
365 2620 636 2674 anathematizamus.
695 2616 814 2680 Quidam
851 2631 916 2669 vero
943 2617 1008 2670 illes
1032 2626 1217 2688 contrasctum,
1244 2635 1268 2672 c.
1301 2618 1464 2689 significasti
1490 2619 1558 2674 eod..
1600 2624 1625 2676 t.
1653 2620 1687 2675 Si
1712 2624 1774 2691 quis

83 2726 205 2765 canones
237 2707 293 2762 tale
325 2705 486 2777 conjugium
519 2704 687 2775 permittunt
718 2720 741 2759 ι.
789 2702 917 2773 Denique
943 2720 1029 2757 acore
1046 2704 1152 2758 uiuente
1164 2706 1226 2772 fide
1238 2706 1308 2759 data
1317 2706 1455 2775 prosituit,
1473 2705 1562 2759 aliam
1572 2723 1603 2759 ιι
1621 2708 1775 2771 ducturum,

82 2796 199 2852 codex
217 2794 336 2865 August.
356 2792 418 2847 libr.
439 2798 461 2847 l.
479 2791 515 2844 de
534 2796 612 2861 nupt.
632 2796 661 2844 et
680 2789 797 2844 concub.
821 2806 845 2843 ι.
869 2793 914 2841 10:
943 2791 986 2844 ιιι
1010 2806 1072 2843 eum
1096 2791 1161 2859 ipso
1177 2793 1213 2843 de
1225 2792 1306 2855 facto
1331 2794 1486 2857 coruraait,
1511 2794 1538 2844 si
1558 2810 1607 2847 nec
1626 2802 1701 2859 astte,
1725 2812 1775 2848 aec

85 2886 204 2939 Mortuo
228 2898 275 2949 co,
302 2898 363 2933 cum
386 2894 440 2947 quo
455 2876 514 2941 fuit
537 2894 632 2930 uerum
651 2877 830 2942 cessantium,
853 2875 919 2938 sieri
940 2884 1005 2946 post
1039 2876 1166 2945 lepitima
1201 2883 1261 2942 cJus
1295 2879 1442 2947 superstite
1480 2882 1607 2947 coqnoeit
1648 2884 1774 2951 eassdem,

81 2976 176 3041 petest
200 2968 376 3035 conjuqium,
401 2982 462 3017 curu
481 2982 538 3033 qim
555 2963 711 3031 praemissit
737 2963 916 3017 adulterium.
944 2963 1070 3032 quesnois
1098 2964 1210 3032 utrique
1239 2965 1362 3032 ipserssm
1387 2982 1443 3033 pro
1475 2983 1521 3031 co,
1558 2968 1636 3034 quod
1664 2968 1694 3019 in
1723 2968 1775 3021 hoc

84 3056 130 3124 tln
151 3053 218 3110 edit.
237 3051 322 3107 Basil.
342 3050 494 3121 Augustini
514 3049 682 3103 scunarium
700 3048 833 3117 habetur,
851 3048 918 3119 quia
943 3050 1069 3118 premier
1097 3050 1282 3119 deliquerint,
1309 3052 1346 3103 sit
1377 3052 1551 3119 poenitentia
1588 3051 1774 3122 injunpenda,

83 3140 223 3214 particula
245 3136 375 3207 negativa
400 3136 530 3205 additur,
562 3138 639 3204 quod
663 3154 717 3190 uon
731 3135 825 3207 possit
851 3136 918 3199 heri
943 3154 999 3191 aon
1017 3145 1056 3189 ιιι
1074 3143 1168 3189 tamen
1180 3136 1397 3206 matrimonium,
1414 3140 1490 3206 quod
1504 3156 1564 3192 curn
1577 3156 1610 3192 ca
1627 3143 1774 3211 contrusit,

83 3227 263 3291 connubium,
282 3242 343 3277 cum
359 3239 413 3291 quo
431 3223 511 3291 prim
522 3223 585 3289 snit
602 3222 780 3276 arlultesium.
809 3220 917 3275 Dixerit
941 3230 1005 3292 post
1028 3222 1125 3275 ureris
1145 3223 1249 3276 obitum
1268 3224 1471 3289 dirirncndum,
1497 3244 1520 3280 c.
1572 3226 1603 3279 Si
1631 3228 1693 3297 quis
1714 3230 1774 3283 eod.

84 3329 154 3384 ergo
180 3310 281 3381 aliquis
300 3325 353 3362 non
371 3308 522 3377 immerito,
558 3308 730 3361 Gratianum
759 3309 916 3377 demorato
946 3318 970 3364 5.
997 3310 1125 3362 Maritus
1152 3309 1241 3362 oliam
1273 3311 1377 3363 decens
1406 3327 1532 3379 neos-ens,
1560 3330 1630 3381 qaae
1658 3316 1776 3385 lquere,

82 3400 183 3453 cadim
210 3415 290 3450 muna
313 3396 418 3459 fuisse,
448 3410 505 3464 qua
528 3395 705 3464 responsione
732 3392 916 3449 Bellarminus
944 3397 1034 3466 ipsum
1053 3396 1107 3449 alii
1122 3396 1205 3448 uuori
1223 3397 1403 3449 matrimonio
1420 3398 1647 3468 csscailiqotum,
1666 3409 1776 3455 monna

83 3484 189 3541 alicubi
208 3482 303 3550 utitur,
322 3479 366 3534 vel
377 3478 530 3551 Augustini
553 3480 717 3535 sententiam
732 3480 918 3550 depravasse.)
939 3485 1037 3551 prima
1057 3498 1128 3535 raone
1148 3498 1282 3535 conserua
1301 3483 1496 3537 interveniente
1510 3487 1662 3539 scacarium
1673 3487 1774 3541 hahere

83 3572 119 3627 ld
151 3570 271 3642 probant
302 3584 335 3623 ex
367 3566 485 3621 Daridis
518 3571 547 3620 et
574 3565 748 3621 Bethsabeae
780 3568 918 3640 conjugio.
944 3570 987 3623 ιιι
1005 3570 1046 3621 ad
1064 3586 1126 3621 cam
1143 3568 1238 3631 redire
1256 3577 1370 3635 terretur,
1390 3586 1414 3623 e.
1464 3570 1586 3626 Veniens
1610 3579 1661 3629 etc.
1707 3574 1774 3629 Pro·

83 3657 262 3729 Augustinus
286 3653 334 3709 lib.
358 3652 393 3707 de
421 3652 484 3707 bon.
503 3655 615 3724 conjug.
633 3670 656 3710 c.
679 3660 723 3709 14:
754 3655 839 3709 Posse
854 3658 919 3719 sieri
943 3656 1064 3727 positum
1094 3654 1155 3711 eod.
1202 3654 1317 3709 illorum
1346 3656 1471 3727 vestigiis
1510 3658 1637 3713 insistens
1668 3658 1774 3716 Bellat-

81 3749 182 3805 lieitas
199 3743 313 3812 nuptias
331 3758 364 3795 ιι
377 3742 511 3809 personis
529 3738 629 3793 illicite
647 3741 820 3809 conjunctas,
835 3744 917 3797 hone·
929 3768 932 3775 ·
945 3742 1034 3797 miuus
1049 3740 1097 3797 lib.
1116 3741 1151 3796 de
1170 3742 1324 3795 matrimon.
1342 3760 1365 3796 e.
1385 3743 1575 3814 salisparsa
1592 3764 1647 3799 non
1664 3764 1774 3815 semper

82 3844 129 3891 sto
143 3831 256 3903 placito
274 3828 460 3897 subsequente,
479 3826 657 3892 manifestum
676 3835 724 3880 ιιι.
771 3826 917 3900 Conjunge
944 3829 1151 3884 matrimonium
1180 3844 1237 3882 csse
1264 3829 1391 3893 irritans,
1417 3848 1478 3883 cum
1505 3834 1567 3899 quis
1595 3832 1674 3885 ducit
1703 3849 1774 3903 earn,

83 3926 225 3992 integrum
243 3914 355 3970 tittrlum
373 3912 553 3969 decretalium
587 3913 621 3966 de
645 3930 685 3981 eo,
713 3914 761 3985 qui
785 3916 864 3970 duxit
889 3917 917 3971 in
945 3935 1028 3986 quam
1040 3916 1185 3985 polluerat
1198 3933 1254 3986 per
1271 3916 1449 3982 adulterium,
1466 3919 1518 3969 sed
1535 3918 1624 3970 solum
1642 3920 1774 3973 tues-tom

84 4003 307 4070 matrimonium,
336 4018 419 4072 quam
445 4000 545 4071 polluit
571 4016 622 4071 per
639 4000 805 4056 adulterium
822 4004 871 4061 lib.
891 4013 916 4062 4.
946 4004 1067 4058 casilia:
1092 4006 1115 4056 1.
1140 4020 1201 4055 euru
1221 4002 1335 4055 adulter
1356 4010 1495 4071 procurat
1513 4012 1626 4057 ammam
1645 4007 1774 4077 conjuqis

82 4098 130 4153 rin
150 4102 176 4151 t.
224 4090 374 4146 Gratianus
402 4088 590 4143 discordantes
616 4088 677 4142 illos
707 4105 825 4145 cationes
853 4109 916 4148 con·
943 4109 1012 4145 suae
1042 4091 1087 4145 ccl
1116 4092 1215 4143 rnnriti
1236 4089 1399 4158 adulterae,
1425 4098 1456 4142 ut
1481 4108 1543 4143 cum
1560 4094 1695 4146 adultera
1711 4112 1774 4148 con-

80 4181 165 4239 siliat
181 4178 235 4233 hoc
246 4176 344 4231 modo:
366 4180 389 4230 1.
402 4175 590 4243 Ausuuinuu
604 4175 683 4243 loqui
697 4178 731 4229 de
750 4180 917 4252 coaeulius's,
939 4181 1052 4249 juqium
1072 4178 1213 4232 celebrare
1227 4164 1328 4247 poisit,
1346 4176 1390 4230 ecl
1407 4185 1506 4231 contra
1517 4178 1545 4230 si
1555 4180 1689 4232 adultera
1705 4199 1774 4249 pro·

82 4284 160 4341 qaae
176 4270 294 4336 poscunt
309 4263 431 4315 transire
448 4263 489 4314 ad
499 4262 640 4315 honestum
649 4262 790 4331 placitum
804 4268 917 4335 nuptia·
945 4276 1021 4321 curet
1039 4272 1154 4319 raonem
1171 4263 1270 4316 naariti
1288 4262 1335 4316 sui
1352 4263 1507 4317 relatoris
1521 4265 1654 4334 αιιιιιιιιι,
1674 4275 1702 4318 ιιι
1722 4272 1774 4321 arl-

81 4372 161 4421 sum,
192 4352 258 4405 item
284 4351 321 4403 dc
339 4349 507 4418 repudiata,
536 4367 620 4419 quam
648 4350 715 4402 dum
731 4350 837 4405 visente
855 4353 917 4408 viro
944 4355 1063 4408 aiterum
1088 4352 1119 4404 in
1144 4351 1277 4404 maritum
1295 4351 1432 4419 accepiet,
1453 4368 1476 4404 c.
1530 4350 1620 4422 Super
1637 4352 1689 4407 hoc
1709 4353 1735 4406 d.
1753 4360 1774 4409 t.

79 4459 135 4497 aaa
154 4440 310 4510 quicunque
328 4437 406 4489 ducit
424 4436 454 4488 in
466 4434 635 4505 conlapsum,
655 4437 797 4491 committit
809 4440 916 4493 adulte·
944 4440 1019 4511 quod
1035 4445 1129 4494 umen
1140 4435 1361 4507 intelligendum,
1378 4437 1405 4490 si
1421 4456 1496 4491 mers
1507 4455 1612 4492 reuera
1630 4447 1775 4509 sequatur.

78 4530 168 4597 mm,
186 4526 269 4594 eujus
287 4523 458 4577 adulterium
470 4522 596 4591 aliquam
614 4523 695 4577 habet
714 4524 831 4590 ueniam,
851 4528 917 4580 dum
944 4534 971 4577 2.
995 4527 1029 4580 Si
1047 4525 1174 4578 adulteri
1190 4524 1321 4577 desierint
1337 4524 1394 4575 sili
1403 4524 1519 4577 inuicem
1529 4526 1613 4590 tidem
1625 4528 1660 4579 de
1677 4528 1775 4581 matri·

79 4616 146 4685 eius
169 4611 273 4683 copula
300 4610 428 4663 ινιιιιιιιι
449 4625 508 4661 ιιιι
528 4608 625 4676 licita,·
655 4610 775 4664 Ιιιιιιιιι
793 4629 862 4679 Ιιινο
881 4616 917 4667 de
944 4615 1036 4666 ursonio
1067 4613 1140 4664 ι’·ιιιιι·
1171 4627 1201 4663 ιι
1231 4611 1421 4663 contrahendo
1443 4618 1511 4679 post
1536 4620 1651 4664 mortem
1677 4616 1773 4668 moris

81 4720 118 4757 ra
147 4699 240 4767 loqui,
274 4713 346 4767 qssoc
374 4715 394 4749 a
421 4695 483 4749 oiro
510 4713 561 4747 suo
588 4714 644 4748 nou
668 4704 729 4751 mut
757 4700 918 4769 repudiata,
944 4698 1070 4751 adulteri
1099 4698 1140 4750 sel
1169 4696 1268 4749 mariti
1293 4698 1452 4765 adulterae,
1484 4715 1551 4750 nam
1574 4699 1623 4766 qui
1649 4698 1689 4752 ita
1718 4700 1775 4753 sili

80 4784 169 4853 eujus
197 4782 303 4838 nodat
333 4782 378 4835 cir
406 4783 528 4834 recidens
562 4783 590 4834 ci
613 4784 762 4851 conjupale
790 4786 918 4841 dutitiam.
938 4787 1028 4851 Jidem
1069 4785 1224 4847 dederunt,
1267 4782 1397 4835 sidentur
1435 4784 1547 4838 omnino
1590 4786 1775 4851 procuraturi

81 4882 110 4929 2.
131 4872 169 4925 In
198 4870 351 4925 canonibus
373 4868 600 4939 prohibentibus,
629 4884 663 4921 nc
689 4870 753 4937 quis
779 4871 865 4924 clueat
887 4873 917 4925 in
944 4878 1060 4924 nsortcm
1071 4870 1362 4938 ulterimconjuqum,
1379 4885 1403 4922 c.
1434 4868 1564 4923 Relatum
1577 4875 1619 4925 ³1.
1631 4876 1737 4941 quaest.
1751 4878 1774 4927 l.

78 4957 255 5029 eonjupium,
273 4972 357 5025 msam
365 4955 448 5023 prius
463 4954 569 5023 pollicit
584 4972 639 5023 per
656 4957 836 5024 adulterium,
855 4958 917 5009 sul·
944 4962 971 5011 3.
992 4957 1026 5009 Si
1050 4958 1085 5009 ιιι
1108 4960 1186 5018 sacto
1215 4954 1343 5007 adulteri
1367 4956 1441 5008 inter
1465 4973 1495 5008 se
1524 4960 1714 5011 contemserint
1735 4960 1774 5011 ci-

78 5046 259 5103 eumaeum
282 5060 356 5111 csse,
379 5043 436 5096 nisi
463 5043 547 5112 prius
563 5050 683 5111 peraeta
698 5045 874 5111 poenitentia
891 5053 917 5097 et
944 5043 1067 5095 centibus
1086 5041 1231 5110 prioribus
1260 5041 1440 5110 eonjuqilus,
1463 5057 1488 5094 c.
1512 5039 1559 5094 fin.
1589 5049 1658 5098 extr.
1683 5043 1717 5097 de
1742 5060 1775 5099 eo

77 5135 108 5187 si
130 5130 206 5187 nihil
230 5131 260 5183 in
283 5136 399 5183 niortcm
425 5129 484 5182 siri
504 5128 679 5181 vrsachinatus
695 5130 798 5198 fuerit,
824 5132 867 5184 rel
892 5132 918 5183 si
945 5128 993 5200 qui
1011 5128 1090 5183 duxit
1107 5127 1136 5182 in
1154 5127 1307 5182 matrimon.
1326 5132 1377 5182 etc.
1399 5125 1593 5196 intelliguntur
1612 5138 1704 5185 autem
1719 5132 1775 5186 duo

74 5220 189 5273 ιιιιιιιι
214 5217 277 5269 niro
302 5215 450 5269 adulterae
473 5232 529 5267 ann
563 5215 642 5267 dedit
667 5216 765 5283 fidens,
794 5233 824 5268 se
846 5214 991 5287 sum-pisti
1018 5231 1113 5269 casus:
1141 5214 1175 5267 Si
1201 5213 1314 5266 audaciter
1340 5221 1456 5281 uterque
1485 5213 1522 5266 sit
1550 5218 1676 5270 coeamus
1701 5220 1775 5271 sitas

75 5316 179 5362 turam
203 5320 267 5357 cam
289 5302 345 5356 sibi
368 5303 399 5356 in
423 5302 586 5371 corquqem,
611 5302 638 5353 si
655 5302 716 5354 ciro
743 5302 804 5369 ejus
821 5318 917 5373 super·
945 5302 1073 5369 conjuqis
1098 5301 1230 5365 alterius,
1257 5292 1385 5369 aliiquin
1408 5301 1480 5353 enim
1501 5302 1528 5353 si
1545 5304 1588 5355 sir
1615 5306 1776 5359 adulteram

71 5393 195 5449 meret.
240 5393 266 5447 3.
288 5388 335 5443 Ad
359 5388 515 5459 exemplum
537 5387 661 5458 conjugii
685 5387 756 5441 inter
782 5387 917 5442 Davidem
946 5390 1070 5459 ‹lcamiat
1091 5390 1256 5457 assiriae-us,
1283 5388 1428 5457 corajaqem
1450 5407 1530 5443 suam
1555 5407 1612 5443 csse
1631 5400 1775 5461 nrortaam,

71 5488 106 5539 et
122 5476 317 5534 Bethaabeam
338 5474 471 5531 contracti
498 5475 647 5545 respondet
665 5492 688 5529 c
721 5472 750 5531 si
768 5492 824 5545 qua
841 5492 915 5533 cans.
930 5477 990 5531 'ecl
1016 5484 1117 5529 eontra
1143 5474 1245 5529 ιιιιιιιι-ι·
1271 5476 1432 5529 adulteram
1465 5478 1590 5547 ιιιιιριαι
1616 5480 1777 5549 effirrrsaru,
