4020 6022
739 319 791 377 Dc
808 316 1008 376 colliculo,
1660 332 1716 391 ιω

20 468 68 523 uis
87 476 236 541 matema,
255 470 325 527 haee
336 488 402 528 rere
419 487 453 527 ex
472 472 546 529 linea
556 471 713 545 sgnuionir
727 480 859 545 paternae
870 470 998 551 tjnnctss
1013 479 1086 542 sunt,
1105 476 1155 531 sed
1173 476 1225 533 hoo
1243 477 1272 531 in
1289 477 1511 533 snooemionibus
1523 485 1645 544 mutum,
1662 496 1718 535 non

20 554 159 627 originem
176 556 276 613 trahat
317 560 358 614 17.
376 559 583 629 Propinquitas
597 576 655 613 non
673 560 813 631 suspirat,
832 562 860 613 si
884 564 978 612 autem
1001 559 1031 613 in
1050 562 1230 619 matrimoniis
1254 565 1424 621 observatur.
1458 567 1504 621 25.
1526 566 1562 619 Ut
1587 568 1718 635 affinitas

20 642 65 695 sel
83 642 204 696 namne
222 643 252 695 iu
268 644 339 697 sicis
358 658 417 699 ssss
435 646 549 698 desinat
561 660 694 714 persona,
709 664 763 715 per
774 662 856 715 pisam
868 668 872 697 ι
883 652 924 697 set
945 644 1103 703 mmsiitudo
1128 659 1156 703 st
1181 652 1364 705 simulacrum
1386 653 1653 721 cmisanpuinitatis,
1676 652 1717 706 sic

22 727 70 781 usi
78 729 195 783 cursuali
204 732 415 799 propupaticas
433 732 671 802 comanpuiaitus,
684 733 728 787 ssi
745 732 859 787 carnali
868 724 872 831 ἰ
884 730 1066 785 simulacrum
1089 735 1208 804 aliquod
1227 738 1384 805 fraternae
1402 754 1437 791 ac
1454 739 1582 792 sororiae
1595 739 1715 808 propin-

20 814 200 885 cupuioeions
217 818 350 881 affinitas
366 818 425 882 suit
452 824 606 876 consucta.
646 818 693 877 Sic
709 816 1000 892 prohibeorgquitatis
1031 826 1071 872 cst
1099 819 1173 874 iutsr
1203 822 1293 886 filium
1320 824 1401 877 vidui
1428 830 1455 877 st
1491 824 1581 888 tiliam
1612 825 1716 879 viduas

21 900 122 957 dmere
140 910 332 973 materteram,
348 904 373 959 si
390 904 435 959 rel
455 904 572 959 maxime
590 904 741 975 exspiravit
759 914 854 975 mater,
867 898 870 915 ‘
883 904 1062 957 matrimonio
1082 906 1199 961 inuicem
1216 908 1418 977 copulatorum.
1449 908 1490 965 Ut
1506 908 1579 965 enim
1596 927 1715 965 novem

20 1002 69 1057 prr
94 1004 180 1059 quam
205 989 436 1062 consanguinitas
463 989 535 1047 inter
559 1006 604 1045 ms
630 996 659 1045 et
680 997 855 1048 materteram
882 993 925 1041 eat
948 988 1006 1043 filio
1032 990 1109 1046 vidui
1129 992 1217 1047 instar
1233 994 1343 1063 matris,
1369 994 1409 1049 sic
1433 993 1493 1049 filia
1519 1001 1715 1051 revocasset

20 1072 138 1143 coaluit3
164 1074 314 1146 prohibeor
344 1076 445 1132 ducere
477 1092 593 1131 uccrsm
616 1079 731 1147 parui,
760 1078 784 1132 ai
810 1078 853 1132 vel
880 1072 920 1126 illi
940 1074 1027 1129 instar
1042 1076 1160 1146 sororis,
1185 1086 1214 1133 ct
1235 1079 1369 1145 richeim,
1398 1087 1430 1135 ut
1448 1081 1562 1136 vitricus
1579 1088 1621 1137 est
1640 1080 1713 1137 filiae

19 1160 138 1215 maxime
163 1160 193 1215 in
216 1161 286 1215 vivis
311 1161 425 1216 desierit
442 1177 504 1219 csse
520 1170 648 1233 patruus,
674 1164 756 1234 cuius
772 1163 850 1218 iuter·
879 1157 980 1215 viduas
1004 1162 1091 1216 instar
1111 1164 1211 1233 pauit,
1239 1165 1279 1221 sic
1297 1165 1370 1221 filius
1395 1166 1486 1222 vitrici
1505 1174 1547 1223 est
1566 1167 1607 1221 illi
1626 1168 1713 1223 instar

20 1251 105 1301 veum
121 1244 245 1301 affinitas
261 1246 335 1302 inter
351 1263 396 1302 me
413 1254 441 1303 et
452 1248 544 1318 patrui
564 1266 675 1304 uxorem
697 1250 796 1319 coepit.
813 1253 852 1305 ¹8.
880 1243 981 1307 iratus.
1020 1247 1152 1311 Quamvis
1176 1266 1242 1305 vcro
1265 1268 1298 1307 ex
1315 1252 1367 1309 tali
1383 1252 1521 1309 affinitate
1540 1268 1596 1307 nou
1615 1270 1712 1309 nasce·

19 1337 51 1387 ι.
69 1334 209 1402 proditus
227 1333 327 1387 divim
344 1334 405 1401 ²⁶9⁶
419 1334 572 1403 prohibitis
583 1336 664 1389 „atla
678 1335 851 1403 &qimaiu
879 1336 925 1383 tur
948 1332 1062 1403 aliquod
1084 1335 1310 1405 impedimentum
1331 1338 1506 1408 nuptiarum,
1536 1339 1560 1393 si
1586 1340 1712 1395 strictum

18 1418 110 1472 hrum
135 1418 224 1473 laist.
251 1435 275 1473 a
316 1418 425 1474 litans
448 1426 515 1475 extr.
539 1421 575 1476 de
600 1421 719 1476 restitut.
746 1419 852 1491 spoliat
879 1415 948 1487 legis
966 1418 1087 1489 rigorem
1106 1421 1221 1477 volimus
1238 1423 1389 1495 respicere,
1413 1431 1508 1479 mareu
1527 1425 1603 1495 quod
1622 1431 1663 1481 26.
1682 1432 1711 1481 ct

19 1503 101 1559 Ratio
120 1504 223 1575 pendet
239 1520 274 1559 cx
291 1521 332 1574 eo,
351 1504 425 1576 qnod
444 1506 636 1572 inferioruon
650 1514 741 1577 potest
752 1507 851 1561 tollere
878 1502 974 1559 nidmu
994 1506 1056 1561 loco
1081 1507 1223 1565 addimus.
1251 1511 1282 1564 in
1307 1511 1414 1579 nuptiis
1444 1527 1501 1563 sion
1526 1512 1617 1565 solum
1640 1512 1711 1581 quid

17 1592 105 1659 ispum
126 1590 298 1659 mmcmorm,
318 1591 450 1663 quodque
468 1590 522 1645 hae
541 1591 618 1663 leges
635 1591 692 1649 sint
705 1592 776 1663 juria
796 1610 850 1647 non
878 1588 978 1660 licoat,
1000 1594 1053 1646 ssd
1077 1594 1162 1649 stiam
1179 1596 1251 1663 quid
1268 1596 1411 1651 honmmm
1424 1598 1476 1665 sit,
1495 1598 1709 1666 respiciendum,

18 1676 135 1733 mensis
162 1692 198 1733 ac
224 1676 358 1741 Levitici,
386 1678 436 1732 sed
461 1677 572 1732 moralis
598 1682 628 1732 et
651 1678 792 1749 perpetui,
819 1683 851 1732 nt
877 1690 948 1744 quse
972 1679 1070 1749 regula
1092 1695 1110 1733 a
1130 1678 1286 1736 Modestius
1308 1682 1470 1753 proponitur
1492 1682 1509 1737 h
1531 1700 1640 1755 semper
1666 1690 1709 1741 tt.

20 1764 186 1834 paulopost
206 1762 445 1818 demonstrabitur.
482 1766 524 1822 19.
543 1764 580 1817 Ia
598 1764 734 1833 proditur
751 1765 849 1817 diuina
877 1758 906 1815 ff.
926 1761 962 1817 de
980 1763 1024 1819 rit
1044 1772 1122 1835 nupt.
1140 1783 1172 1820 ac
1190 1767 1305 1837 pulchre
1319 1768 1494 1839 Augustiana
1513 1770 1582 1825 dicit
1599 1769 1647 1826 lib.
1668 1778 1708 1829 15.

18 1850 78 1917 laps
98 1849 250 1918 prohibitis
273 1849 482 1902 matrimonium
508 1856 534 1903 st
548 1850 715 1918 prohibetur
739 1858 849 1904 contra-
876 1846 912 1901 de
930 1848 981 1903 civ.
1001 1849 1054 1904 Dei
1079 1868 1104 1905 c.
1130 1857 1177 1907 16:
1202 1854 1323 1909 Factum
1348 1856 1456 1910 luitura
1484 1856 1519 1910 ol
1535 1856 1708 1911 uicinitatem

18 1934 139 1989 hoedum
161 1944 191 1989 st
215 1934 362 1988 dirimitur
383 1942 572 2004 ceramium,-
603 1936 674 1993 ratio
704 1942 760 2005 est,
784 1935 850 2006 quia
875 1935 1005 1989 dometur
1022 1938 1126 1994 illiciti.

18 2022 87 2077 tales
114 2020 231 2092 nuptiae
252 2028 318 2076 sunt
337 2021 460 2077 incestae
481 2039 514 2077 ac
538 2022 674 2087 nolanae,
700 2024 757 2078 alia
785 2040 849 2078 vcro
911 2026 968 2077 290.
1003 2021 1230 2079 Demonstratum
1255 2024 1307 2082 luit
1337 2026 1488 2091 hacteuus,
1507 2027 1707 2097 prohibitiones
1721 2030 1824 2069 risuru-

17 2108 88 2163 ratr'o
104 2114 149 2163 est
166 2106 334 2162 matrimonii
362 2108 392 2161 ia
414 2107 549 2179 madibus
567 2111 631 2179 jure
649 2108 786 2163 duntaxat
801 2126 850 2179 po-
876 2106 1011 2163 Mosaices
1029 2125 1085 2163 non
1100 2115 1208 2165 tantum
1220 2110 1257 2165 ad
1270 2128 1411 2182 personas
1423 2112 1585 2167 nominatim
1597 2130 1705 2184 expres·
1719 2082 1832 2173 ιιιιῗιῗῗιῖοιι

17 2196 96 2249 sevo
115 2193 265 2265 prohibitis
277 2194 421 2249 aaran.
459 2194 534 2249 mun
545 2196 619 2250 enim
637 2202 750 2266 proper
760 2200 850 2249 nns-
874 2210 933 2262 ns,
956 2194 1005 2249 sss
1029 2196 1112 2250 suam
1130 2196 1168 2251 aa
1187 2198 1295 2265 praua
1312 2198 1531 2269 sequerianus
1549 2200 1687 2270 perenne
1699 2221 1706 2264 ς
1718 2185 1834 2277 {tempi

16 2281 186 2353 pressionem
204 2279 414 2351 municipalium
440 2280 653 2352 prohibitionem
672 2300 728 2337 nou
746 2281 850 2335 dirimi-
872 2280 931 2349 jam
954 2296 1037 2351 porro
1060 2282 1307 2339 demonstrandum
1333 2290 1433 2352 restat,
1459 2285 1570 2341 easdem
1591 2303 1647 2340 uon
1669 2286 1705 2341 ad
1719 2246 1799 2327 ssusii·

15 2377 66 2425 tur.
113 2370 161 2421 20.
179 2368 217 2420 In
241 2368 318 2420 lusca
341 2376 421 2421 recta
443 2368 617 2436 prohibitum
644 2378 686 2422 cst
707 2370 849 2423 matrimo-
874 2366 1007 2436 populum
1036 2366 1172 2423 dantum
1201 2369 1373 2438 Jrsdaicum,
1399 2370 1449 2424 sed
1479 2388 1572 2425 ornnes
1596 2371 1706 2426 omnino

16 2456 91 2509 niam
128 2455 160 2507 iss
198 2454 351 2519 infinitum,
393 2454 451 2507 sios
489 2462 557 2509 nota
592 2454 633 2508 sit
665 2455 849 2509 intermediae
876 2452 1000 2507 tornines
1016 2459 1158 2523 spectare,
1175 2452 1230 2510 hoc
1248 2461 1291 2510 est
1308 2472 1363 2511 non
1382 2456 1419 2511 ad
1435 2456 1512 2527 leges
1530 2456 1653 2511 forenses
1672 2472 1706 2511 ac

15 2540 207 2609 psrrmdionie
230 2540 332 2609 scrin,
354 2540 412 2593 sius
434 2540 540 2608 ipnota.
586 2539 633 2595 sio
650 2540 776 2611 quamvis
792 2558 849 2595 uon
871 2538 1027 2609 judiciales,
1045 2540 1094 2595 sed
1107 2540 1261 2597 nattuaicm
1274 2556 1309 2599 tc
1321 2540 1452 2599 noralem
1467 2526 1626 2598 rdmendas
1637 2558 1706 2607 esau

13 2634 122 2683 comest
140 2630 252 2693 macte,
269 2633 339 2697 quot
357 2626 550 2698 perustione·
568 2626 641 2681 inter
658 2625 803 2683 Noschum
820 2634 849 2683 et
874 2625 903 2679 in
921 2632 1038 2697 unoque
1055 2626 1130 2681 enim
1147 2626 1237 2683 isthoc
1255 2626 1369 2687 rudus
1379 2626 1477 2685 harum
1489 2627 1706 2699 prohibitionum

15 2714 126 2787 quasvis
144 2714 205 2784 ejus
221 2718 347 2785 posteras
364 2713 583 2776 intercesserint,
608 2720 702 2769 amen
718 2713 849 2771 Noachus
873 2708 992 2766 latitudo
1010 2716 1143 2767 versatur.
1179 2712 1279 2767 Gravis
1296 2712 1349 2771 hac
1367 2713 1404 2771 de
1422 2730 1453 2771 re
1468 2730 1531 2769 cum
1550 2713 1705 2771 Pontificiis

14 2800 141 2873 quumvis
164 2816 199 2855 er
225 2800 344 2870 posteris
367 2799 470 2855 ducere
494 2798 663 2870 prohibetur.
706 2804 750 2853 21.
777 2798 848 2854 Cou-
873 2794 1019 2853 intercedit
1035 2798 1116 2855 nobis
1136 2800 1332 2857 controversie
1361 2799 1407 2857 llli
1423 2800 1497 2857 enim
1515 2800 1580 2855 totis
1598 2799 1704 2859 viribus

10 2890 111 2959 jupam
127 2886 334 2957 propinquitas
353 2887 474 2957 propris
502 2893 528 2939 st
551 2894 684 2940 commate
707 2886 847 2955 loquenda
873 2890 1059 2954 propugnant,
1076 2904 1132 2939 non
1145 2904 1238 2941 ornnes
1252 2888 1361 2955 prodas
1379 2887 1466 2943 Laud.
1482 2890 1521 2944 18.
1539 2888 1704 2943 interdictos

14 2990 61 3027 sec
81 2974 315 3042 conwnpuisritas
340 2980 397 3041 est,
422 2989 472 3026 asc
501 2972 647 3040 affinitas,
676 2974 728 3026 ssd
742 2974 849 3036 funda·
872 2969 936 3037 iure
962 2971 1091 3024 naturali
1117 2980 1143 3025 st
1163 2980 1301 3041 perpetuo
1329 2981 1502 3027 coraustum
1531 2973 1706 3029 raatmmoaii

14 3069 134 3115 matum
146 3060 400 3129 consanpuinitatis
414 3074 466 3128 por
483 3060 627 3113 carnalem
644 3060 847 3126 perorationem
873 3056 1017 3127 impediri,
1041 3060 1093 3111 ssd
1110 3057 1222 3128 aliquos
1239 3067 1347 3113 tantum
1364 3076 1398 3113 su
1415 3060 1476 3115 iilis
1491 3060 1556 3129 jure
1575 3059 1705 3113 naturali

13 3166 47 3201 ac
68 3149 289 3214 fundumentum
312 3146 468 3211 affinitatis
485 3162 540 3215 per
563 3145 707 3200 carnalem
732 3146 847 3214 copula·
874 3143 1036 3197 interdictos
1048 3143 1151 3209 volunt,
1158 3143 1287 3201 videlicet
1297 3146 1457 3217 conjugium
1467 3146 1523 3213 tilii
1534 3163 1596 3199 cum
1605 3152 1702 3209 matre,

14 3235 122 3297 ιίοιιοιιι,
141 3233 216 3288 uude
226 3232 310 3288 etism
323 3232 437 3287 maritus
450 3238 479 3287 et
490 3248 560 3286 uxor
576 3248 628 3286 uec
641 3232 847 3302 consanguinei,
870 3231 966 3298 patrr's
984 3247 1046 3284 cum
1061 3230 1133 3295 alia,
1149 3232 1254 3296 fratris
1272 3250 1333 3285 cion
1351 3248 1448 3286 sorore
1466 3248 1617 3299 per-mana,
1635 3236 1702 3299 sra-

12 3336 64 3375 usc
87 3318 188 3373 affines
215 3319 325 3389 proprie
350 3318 487 3374 dicuutur.
526 3317 605 3373 Sicut
627 3318 719 3372 unitas
737 3319 847 3389 proprie
872 3316 927 3369 tris
943 3333 1005 3371 cum
1021 3334 1117 3372 soror-a
1137 3334 1170 3371 eu
1188 3319 1279 3373 adero
1298 3326 1406 3375 tantum
1419 3327 1552 3388 parasite,
1576 3317 1704 3387 privipni

13 3424 69 3462 non
86 3413 131 3461 sat
149 3422 293 3475 numerus,
319 3405 369 3460 sed
387 3404 553 3475 principium
579 3405 699 3472 numeri,
713 3410 847 3475 punctum
873 3420 934 3456 oum
961 3419 1080 3458 nonmca
1107 3410 1134 3457 st
1161 3405 1257 3459 uitrici
1273 3423 1335 3459 curn
1354 3405 1508 3474 pricipna5
1535 3404 1563 3459 in
1589 3404 1702 3476 reliquis

13 3491 125 3564 proprie
142 3508 200 3546 nou
215 3497 259 3547 est
281 3490 460 3562 magnitudo,
485 3491 535 3545 ssd
557 3490 724 3561 principium
742 3492 846 3559 magni·
873 3488 1021 3553 ecelesiae,
1045 3488 1137 3544 idest
1164 3490 1288 3559 pontifici
1305 3491 1443 3559 Βοιιιιιιιο,
1469 3490 1702 3561 dispensationem

12 3578 135 3639 tudinis,
161 3577 202 3631 sic
218 3577 381 3648 conjugium
404 3576 462 3632 eivs
484 3576 637 3647 conjugum
654 3577 846 3647 propinquitas
873 3586 939 3629 esse·
951 3574 1075 3629 relictam
1086 3577 1191 3643 volunt,
1208 3576 1283 3633 uude
1302 3574 1480 3633 Innocentius
1493 3576 1547 3632 III.
1566 3575 1595 3629 in
1607 3578 1702 3645 primo

12 3664 124 3737 proprie
153 3679 209 3717 uon
234 3668 278 3719 cst
301 3662 528 3734 consanguinitas
556 3678 608 3717 nec
634 3661 769 3727 affinitas,
796 3662 845 3716 scd
871 3662 966 3727 produ
994 3661 1147 3731 affinitatis
1179 3662 1209 3714 ia
1240 3662 1316 3715 linea
1346 3669 1506 3715 transversa
1530 3660 1702 3735 dispensarit

12 3752 158 3821 utriunque
181 3748 349 3819 principium
366 3754 396 3803 et
412 3748 633 3804 fundamentum.
675 3752 720 3803 22.
738 3747 845 3811 Asini·
872 3760 932 3815 cap.
949 3744 1022 3801 final.
1035 3746 1069 3801 de
1081 3745 1179 3801 divort.
1191 3746 1349 3803 Alexander
1362 3747 1411 3804 VI.
1426 3749 1591 3803 insecundo
1608 3750 1702 3815 prada

12 3848 55 3891 tar
73 3839 147 3890 inter
169 3853 284 3891 risorem
308 3845 335 3891 st
353 3837 451 3889 mariti
469 3836 701 3904 omanpuinsos,
727 3837 846 3905 iumqus
872 3833 1125 3899 cmwaupuiaitatis
1142 3830 1373 3903 dispensationem
1391 3834 1526 3890 concessit
1538 3841 1609 3889 teate
1621 3834 1700 3905 Oaje·

14 3926 86 3978 ister
101 3924 234 3976 maritam
251 3928 277 3975 st
291 3922 390 3977 amoris
403 3922 626 3989 comanpuineas
638 3920 845 3975 matrimonium
873 3922 939 3973 tana
968 3918 996 3971 in
1020 3924 1045 3976 2.
1077 3924 1102 3975 2.
1132 3936 1158 3990 q.
1188 3926 1244 3977 154.
1273 3926 1325 3975 srt.
1351 3926 1375 3975 9.
1424 3918 1539 3975 Carolus
1568 3920 1702 3976 archidux

15 4011 169 4083 impediens
186 4009 368 4076 contraitum,
386 4009 446 4062 sios
465 4009 641 4077 mconjupia
658 4007 720 4062 nati
737 4007 846 4073 sicorim
872 4003 1004 4059 Austriac
1028 4004 1129 4059 sororis
1152 4003 1238 4058 liliam
1268 4004 1297 4058 in
1322 4021 1434 4061 uxorem
1458 4004 1549 4074 duxit,
1574 4004 1701 4060 nimirum

15 4096 105 4164 litori,
121 4096 179 4149 sira
195 4096 296 4149 mima.
327 4094 511 4165 Nequcenim
527 4094 738 4149 fundamentum
755 4092 844 4149 affini·
872 4088 957 4145 liliam
975 4090 1054 4145 ducis
1074 4090 1224 4159 Bavariac,
1243 4090 1290 4162 qui
1308 4090 1338 4145 iu
1355 4090 1530 4147 matrimonio
1547 4091 1600 4148 sibi
1618 4109 1701 4161 copu-

16 4184 76 4237 tstis
109 4180 236 4236 coadstit
263 4182 294 4235 iu
323 4181 472 4236 liberorum
502 4179 706 4250 procreatione,
737 4179 787 4234 aed
815 4180 844 4233 in
870 4174 956 4232 latam
974 4176 1073 4232 hahuit
1090 4175 1259 4232 Fordinandi
1276 4176 1449 4248 imperatoris
1466 4176 1559 4243 filum,
1577 4176 1702 4247 ejusdcm

18 4266 207 4323 nauimmish
232 4268 350 4323 duarum
371 4284 551 4338 personarum
577 4265 761 4338 copulatione.
798 4266 844 4321 Sic
871 4262 963 4317 Caroli
989 4278 1127 4331 sororem
1158 4280 1205 4318 rox
1232 4262 1385 4345 Hippauiac
1411 4262 1506 4318 itidem
1535 4264 1564 4319 in
1589 4280 1702 4319 uxorem

20 4370 93 4409 aeuo
112 4360 206 4425 potest
224 4355 327 4410 ducem
346 4354 440 4408 moris
458 4353 608 4409 demnatae
632 4368 767 4414 sororem,
786 4353 844 4409 sive
872 4348 951 4403 duxit
969 4349 1069 4405 sororis
1088 4348 1190 4418 iiiiam3
1208 4349 1343 4405 Emauuel
1367 4348 1547 4421 Portugaliae
1564 4365 1613 4405 rex
1631 4349 1701 4405 duas

21 4456 46 4494 rx
68 4441 162 4513 priore
188 4441 319 4513 conjugio
341 4441 495 4511 smceperit
519 4440 634 4503 liberos,
661 4439 719 4495 sire
746 4438 976 4493 miuus.rsorores
988 4435 1016 4489 in
1035 4435 1237 4491 matrimonium
1264 4435 1350 4490 duxit.
1380 4435 1457 4491 Idem
1470 4436 1700 4509 iecitSigiamun·

23 4528 56 4582 is.
74 4528 239 4595 Affiasmtis
249 4527 474 4596 inpedimentum
485 4534 709 4595 sstpsrpstuun.
740 4525 843 4590 Quam·
872 4520 923 4574 dus
941 4538 989 4576 rex
1007 4520 1149 4578 Polouiae.
1183 4520 1334 4577 cunnus
1348 4521 1469 4593 Angliuc
1487 4523 1584 4593 regina
1597 4523 1700 4577 Arturo

22 4612 53 4667 vis
79 4631 147 4685 ergo
171 4614 287 4668 maritus
311 4618 438 4683 tempore
461 4611 624 4667 intermedio
645 4613 792 4683 conjugem
810 4629 844 4666 cx
855 4614 899 4699 ¹ct
915 4606 1035 4663 Henrioo
1049 4608 1127 4664 VIIL
1146 4607 1254 4663 duobus
1271 4608 1402 4665 iratribus
1421 4610 1529 4679 nupsit,
1549 4608 1700 4665 Fordinan-

23 4696 68 4755 rtis
94 4699 200 4755 familia
227 4698 372 4754 offundam
397 4697 537 4765 habuerit,
563 4714 597 4753 ea
619 4703 721 4752 tamun
745 4696 799 4751 imo
816 4704 844 4751 et
856 4706 859 4811 p
873 4694 923 4749 dus
942 4711 990 4749 rex
1008 4693 1208 4765 Neapolitanus
1223 4695 1336 4751 amitam
1350 4712 1428 4749 suam
1447 4695 1532 4750 duxit.
1570 4695 1599 4751 si
1618 4713 1702 4767 quac·

24 4786 94 4841 trus
110 4785 155 4840 rel
181 4792 284 4856 quana
306 4783 439 4839 defuncta
456 4783 509 4853 ipsi
536 4798 591 4837 non
614 4783 790 4846 conceditur,
812 4788 845 4838 ut
871 4798 915 4835 ras
934 4798 988 4851 quo
1004 4781 1088 4851 jurei
1125 4779 1277 4837 Preieruut
1302 4780 1535 4851 dispensationem
1561 4780 1699 4852 pontificis

22 4868 52 4925 u
67 4872 172 4945 primm
190 4871 411 4943 comanguineas
429 4870 526 4926 redeat
543 4876 628 4939 uque
640 4886 675 4926 er
686 4870 742 4925 illia
761 4886 845 4939 spon·
856 4845 860 4969 1
872 4884 972 4939 magno
993 4884 1058 4923 aere
1076 4872 1274 4938 compassum.
1314 4867 1464 4937 cristanus
1483 4867 1510 4921 d.
1529 4867 1548 4924 1.
1567 4868 1700 4940 disputat,

20 4968 72 5013 tam
90 4958 145 5015 siti
168 4958 283 5028 deligat.
326 4960 370 5012 ll.
394 4958 431 5011 In
453 4956 598 5025 affinitate
622 4958 744 5026 perinde
768 4964 799 5011 rt
814 4955 1028 5024 ia¹pontificsm
1048 4953 1138 5023 juretis
1165 4954 1201 5007 dc
1230 4954 1322 5007 canu
1353 4954 1383 5007 in
1417 4954 1541 5008 amitibus
1565 4956 1702 5024 proditus

16 5046 256 5113 touaapuinitata
275 5044 347 5099 nihil
370 5044 492 5111 interest,
514 5044 572 5099 sius
597 5060 628 5097 ss
653 5061 709 5099 ruso
728 5051 844 5111 mamm,
857 5006 860 5079 Ι
868 5041 1082 5113 prohibitionem
1106 5040 1237 5095 relaaars
1250 5056 1349 5111 posse,
1369 5047 1574 5110 praeterquam
1591 5040 1622 5093 in
1639 5059 1703 5101 coa·

13 5128 74 5185 'ios
91 5150 123 5187 su
137 5141 256 5203 ssu-opus
269 5140 390 5203 parem
401 5133 480 5200 oripo
493 5131 668 5201 aspirationis
686 5132 846 5187 descendat.
857 5124 956 5213 {nudo
970 5128 1082 5196 pratris
1102 5135 1128 5181 st
1148 5126 1242 5195 ilias,
1253 5125 1315 5195 filii
1332 5133 1357 5179 et
1375 5127 1483 5182 macru.
1520 5126 1576 5185 Sed
1596 5134 1624 5182 et
1643 5128 1703 5199 qui-

10 5208 67 5273 ds'c
80 5236 158 5275 nemo
182 5225 275 5289 potest
298 5220 402 5275 ducere
424 5218 523 5289 prioris
549 5216 678 5289 conjugis
697 5233 765 5273 snae
782 5234 847 5275 oon·
874 5215 937 5271 dam
963 5222 1042 5269 extra
1067 5213 1209 5269 Romanae
1234 5212 1368 5269 ecclcsiae
1394 5213 1530 5284 gremium
1560 5214 1704 5271 constituti

10 5306 196 5376 'uguinsam
223 5306 389 5376 proximam,
426 5304 550 5376 quamvis
585 5304 702 5361 alterum
738 5298 1018 5381 nnuniprsetsru
1049 5300 1222 5357 Christianae
1248 5306 1276 5355 et
1302 5300 1482 5371 evangelicae
1508 5301 1645 5359 libertatis
1674 5302 1703 5357 in

10 5394 158 5447 ramnum
197 5408 370 5447 communem
406 5390 561 5447 habuerint.
615 5390 688 5445 Sane
722 5389 752 5443 in
783 5386 1008 5460 jurefgradibue
1034 5388 1098 5458 jure
1128 5386 1250 5441 Moesico
1280 5386 1427 5456 prohibitis
1457 5388 1619 5445 wuuahere
1649 5388 1703 5445 sibi

10 5460 152 5534 ³tropico
175 5478 326 5535 discrimen
351 5476 482 5533 statuitur
508 5476 581 5532 inter
607 5492 714 5533 sorores
735 5492 769 5531 ex
792 5456 980 5595 uncilicitum
1010 5490 1072 5529 esse
1089 5472 1273 5541 arbitrantur,
1303 5472 1379 5531 sicut
1393 5472 1535 5533 δαιοοιίιιι
1566 5480 1595 5529 et
1619 5492 1653 5530 ex
1671 5490 1703 5531 eo

10 5562 105 5619 ltere
120 5568 228 5621 tantm
244 5564 409 5635 coniunctas
425 5568 454 5617 et
471 5577 528 5631 eas,
546 5578 618 5633 qnae
635 5562 765 5632 utrinque
783 5558 1051 5617 con-‚channiciua
1083 5576 1112 5630 p.
1147 5563 1206 5633 54³·
1244 5557 1280 5615 de
1314 5560 1426 5633 conjug.
1458 5558 1596 5625 referunt,
1626 5560 1704 5623 circa
