4020 6022
228 206 289 267 tto
804 199 928 259 Locus
944 197 1149 259 mensurus
1166 196 1335 267 QUINTUS
1397 208 1399 212 ‘

225 357 309 411 eoam
325 356 394 412 utu
413 374 483 412 uxor
500 354 662 429 sempronia
679 354 839 411 somatum
853 355 903 411 uu
920 353 1058 411 affinitate
1069 330 1072 425 1
1084 372 1166 446 3⁸²⁸.
1183 356 1298 447 ”ibib
1324 356 1499 423 amasae·
1517 356 1610 425 pam·
1627 356 1678 425 aa,
1696 372 1779 411 aaa
1790 363 1841 411 aa
1851 354 1921 425 spa

225 442 354 514 attingit,
381 459 452 513 quae
470 442 498 496 in
522 442 596 497 linea
613 442 764 497 mllaterali
782 443 978 513 estproxima3
1001 456 1058 511 qua
1083 450 1135 506 eet,
1158 460 1215 497 ean
1238 442 1377 496 revelabis
1400 443 1556 497 11αά1111111
1579 442 1649 511 ejus.
1686 441 1788 498 lunius
1804 448 1833 498 et
1850 440 1921 495 Tre·

226 545 289 583 cum
314 528 392 583 nulla
411 528 523 599 propior
539 527 590 591 sit,
617 530 713 583 eadem
736 546 791 585 nou
815 527 944 599 impediri
964 526 1057 581 matri·
1083 527 1190 583 mallius
1208 527 1402 583 reddiderunt:
1428 528 1595 583 Nuditatern
1612 528 1697 596 filiae
1716 537 1801 583 11111111
1818 546 1853 583 ee
1870 546 1921 583 no·

226 615 346 670 monium
365 621 408 669 est
424 614 572 669 admodum
584 613 774 684 improbabile.
799 610 833 669 '5.
851 614 896 669 Ab
907 613 1058 669 banmtatie
1082 632 1165 669 verca
1191 624 1240 669 tua
1265 624 1388 684 cognatu
1402 616 1499 685 patrm
1517 616 1573 684 tui,
1592 632 1676 670 soror
1694 623 1745 669 tua
1761 624 1816 679 eet,
1833 615 1922 683 eujus

227 703 375 771 erigentia.
410 698 438 754 Si
464 700 537 756 euim
553 698 648 768 ullibi,
674 706 749 754 certe
775 701 804 754 in
830 700 932 755 talibus
954 698 1058 769 nuptiis
1083 717 1117 753 ae
1145 703 1263 771 retegito
1290 702 1453 755 naddatem.
1499 699 1626 755 Piscator
1652 701 1682 754 iu
1704 700 1790 756 schol
1815 705 1921 771 monet,

228 787 319 843 locum
337 784 439 842 habere
456 786 541 841 debet
555 786 625 840 illud
645 786 793 842 Modestini
813 786 832 839 1.
849 803 957 857 semper
975 785 1005 840 ff.
1022 784 1057 839 de
1082 788 1246 841 rocabumm
1272 794 1358 841 natae
1383 786 1414 840 in
1437 787 1562 840 1111111111
1588 787 1737 841 Tremellii
1761 804 1818 839 non
1844 794 1921 840 reete

226 874 271 930 rit.
289 880 367 943 nupt.
391 874 420 925 in
440 872 640 926 contrahendis
665 872 773 941 nuptiis
799 890 854 926 nou
880 873 971 925 solum
988 872 1059 939 quid
1083 873 1170 927 1111111
1187 882 1217 927 ut
1244 873 1476 943 mpplemeutum,
1500 890 1561 927 cum
1578 874 1660 928 nulla
1676 874 1722 927 lu'c
1741 873 1779 926 sit
1796 872 1921 943 ellipsis,
1935 878 1980 920 XV·

226 958 324 1027 liceat,
358 961 409 1012 1111
444 960 528 1012 stiram
558 960 628 1026 quid
656 960 755 1011 deceat
788 966 814 1012 et
844 959 987 1011 honestum
1014 956 1058 1025 sit,
1084 960 1135 1012 scd
1158 966 1266 1012 tantum
1289 976 1386 1013 sensus
1407 959 1498 1028 paulo
1516 959 1636 1013 1111111111
1657 959 1748 1013 verbu
1765 960 1921 1014 reddatur.

226 1046 407 1114 spectandum
425 1060 493 1101 1111.
529 1043 616 1099 Recte
632 1043 749 1113 proinde
766 1048 860 1096 monet
876 1042 1005 1098 Baustius
1024 1041 1058 1095 de
1083 1052 1112 1099 et
1142 1045 1216 1115 quod
1244 1043 1409 1099 Tremellius
1435 1044 1518 1098 vertit
1547 1052 1677 1113 capriata¹
1691 1046 1789 1116 patris
1809 1044 1866 1110 tui,
1891 1042 1923 1096 id

226 1130 344 1185 matrim.
370 1146 431 1200 cap.
452 1136 493 1185 55.
518 1146 546 1198 p.
572 1135 629 1184 111.
648 1129 777 1196 jadicem
795 1129 895 1182 debere
919 1127 1059 1197 ejusmodi
1084 1129 1185 1185 rectius
1202 1130 1273 1185 verti
1290 1138 1425 1199 cognatae
1438 1130 1536 1199 patris
1548 1132 1598 1195 tui,
1617 1136 1648 1185 ut
1665 1130 1704 1185 sit
1722 1147 1827 1195 11111111,
1847 1146 1923 1199 meae

224 1234 363 1287 per-eonas
384 1216 592 1269 ntatrimoaium
624 1215 760 1278 irritu-ras,
787 1215 814 1268 si
838 1215 929 1268 adbuc
953 1231 1000 1267 res
1021 1214 1058 1266 eit
1082 1217 1165 1287 patri
1180 1224 1228 1269 tuo
1246 1224 1367 1284 cognata
1385 1218 1502 1269 redditu
1522 1224 1563 1270 111
1576 1218 1805 1286 percortjupiam
1819 1216 1924 1267 matris

226 1305 350 1371 integra,
368 1320 416 1355 nee
437 1304 504 1355 dum
520 1303 600 1365 facta
616 1302 720 1369 african:
734 1301 904 1369 promissio,
922 1308 971 1354 aut
989 1300 1058 1353 cele·
1083 1319 1158 1358 suae.
1221 1301 1379 1358 Hebraeum
1410 1286 1512 1376 ῆῂῆυ
1542 1301 1686 1373 Pagniuus
1732 1302 1770 1357 ad
1807 1318 1924 1356 sensum

228 1390 310 1442 brata
327 1388 484 1457 maritalia,
501 1388 624 1455 praeitor
643 1388 800 1453 admonere,
817 1394 847 1439 ut
861 1405 880 1441 a
893 1386 947 1440 tali
961 1387 1059 1440 matri·
1084 1389 1205 1443 reddidit
1222 1406 1294 1459 quae
1311 1389 1407 1457 penita
1426 1397 1468 1443 est
1485 1397 1605 1459 epatre
1624 1398 1686 1458 tuo,
1712 1386 1817 1443 Beued.
1836 1386 1923 1441 Arius

226 1477 318 1531 monio
345 1476 501 1529 abstineant
527 1482 644 1545 propter
669 1474 850 1542 scandatum,
881 1481 907 1528 et
923 1490 958 1527 ne
977 1476 1059 1528 detur
1084 1483 1167 1529 natae
1188 1477 1284 1543 patrie
1306 1477 1349 1529 tui
1355 1516 1362 1545 ,
1393 1491 1448 1546 quo
1478 1474 1559 1529 modo
1588 1474 1670 1530 etiam
1693 1474 1830 1543 accipitur
1849 1491 1875 1528 v.
1894 1480 1922 1530 9.

226 1563 364 1632 imperitis
387 1562 497 1616 occario
522 1561 712 1614 committendi
739 1561 879 1617 incestum.
922 1562 968 1614 An
993 1578 1059 1615 vero
1084 1562 1178 1631 penita
1215 1562 1305 1630 domi,
1343 1562 1439 1630 pareda
1480 1562 1564 1625 forse.
1617 1560 1756 1617 Videntur
1789 1559 1831 1613 illi
1867 1576 1924 1629 pro

225 1648 295 1704 tales
314 1646 523 1719 conjunctiones
540 1664 591 1717 per
610 1645 830 1701 benedictionem
845 1646 1058 1701 ecclesiasticam
1084 1632 1196 1722 upbitt,
1211 1648 1286 1718 quod
1316 1655 1358 1702 est
1389 1647 1490 1703 benoni
1529 1646 1658 1717 particip.
1690 1664 1822 1716 praeseus
1852 1644 1921 1701 lem.

226 1742 254 1791 et
280 1735 459 1805 conjugalem
483 1733 609 1803 copulam
632 1733 760 1802 jamdum
778 1740 981 1788 consummatae
998 1740 1057 1787 tan-
1083 1733 1163 1787 activ.
1202 1732 1230 1786 in
1266 1732 1354 1803 hiphil
1392 1733 1504 1789 remotis
1538 1732 1649 1803 punctis
1678 1732 1778 1803 legisse
1802 1716 1921 1805 suffigiit,

224 1836 309 1893 quam
343 1820 465 1876 incestae
492 1818 603 1874 dissolvi
633 1817 769 1886 debeant,
805 1817 909 1873 altioris
943 1825 985 1873 est
1015 1818 1055 1872 in·
1083 1819 1156 1891 quod
1181 1826 1223 1873 est
1243 1820 1343 1890 pessis.
1361 1821 1485 1891 ejusdem
1508 1821 1619 1890 conjug.
1659 1817 1740 1873 Hauc
1760 1818 1919 1874 versionem

225 1906 341 1978 deginis.
1083 1906 1106 1959 si
1131 1922 1291 1976 sequamur,
1314 1906 1343 1961 in
1369 1906 1475 1961 fumum
1500 1904 1559 1960 abit
1583 1919 1655 1958 nova
1680 1904 1729 1959 ille
1748 1903 1918 1969 observatio.

97 1998 118 2041 ⁷·
132 2000 167 2039 aa
260 1998 319 2049 ³57.
355 1990 504 2056 Quaeritur
521 1997 545 2047 1.
581 1993 628 2043 An
640 1991 806 2059 priuipnus,
832 1991 884 2044 boc
904 2000 944 2043 est
962 1992 1058 2044 mariti
1084 1992 1150 2062 quia
1167 1991 1294 2063 privigna
1313 1992 1400 2062 patris
1418 1992 1472 2047 mei
1491 1999 1600 2045 nonest
1613 1991 1737 2059 penitae
1749 1996 1834 2060 patre
1855 2008 1919 2045 uteo

99 2052 213 2151 ¹,’{¹{,¹,“,[¹“'
221 2078 303 2148 silius
320 2095 353 2131 eu·
372 2078 434 2132 alia
453 2093 548 2145 urere,
566 2084 592 2129 et
605 2076 750 2145 privigna,
768 2078 818 2129 boc
837 2076 985 2130 eetuaorie
994 2075 1057 2139 tilia
1083 2095 1116 2133 ac
1135 2078 1251 2149 proinde
1274 2078 1310 2132 ab
1333 2080 1394 2149 ejus
1418 2077 1592 2133 matrimonio
1619 2094 1672 2131 non
1696 2076 1846 2147 prohibeor
1862 2077 1920 2133 hac

100 2156 186 2246 :13⁸ng
189 2217 215 2246 ⁰,
229 2180 261 2217 ee
279 2164 338 2218 alio
356 2163 466 2229 marito,
485 2162 528 2215 ⁴uel
545 2162 705 2229 quautam
723 2170 772 2227 111,
790 2180 828 2216 an
845 2163 988 2232 pririprm,
1007 2163 1058 2215 boc
1082 2165 1151 2237 loge.
1190 2164 1287 2220 Potest
1303 2174 1397 2219 autem
1420 2163 1516 2218 eedem
1539 2182 1592 2219 vox
1610 2148 1713 2237 nstitit
1747 2164 1838 2233 accipi
1868 2181 1919 2219 no·

99 2258 138 2297 nto
149 2258 215 2307 lensi
229 2258 269 2305 ert
286 2250 386 2303 martti
404 2249 467 2314 filia
485 2265 517 2302 eu
534 2248 596 2301 alia
613 2265 713 2315 rurore,
732 2256 758 2301 et
772 2249 929 2318 priuipura,
948 2250 999 2303 boc
1018 2256 1058 2303 est
1083 2252 1221 2306 minaliter
1237 2268 1288 2323 pro
1308 2253 1480 2320 cognatione,
1499 2254 1655 2321 nativitate,
1673 2267 1728 2323 quo
1740 2251 1824 2305 modo
1842 2252 1917 2305 acci-

101 2310 199 2357 ¹'⁰'¹¹'¹⁸'
227 2336 324 2391 uraris
344 2334 428 2405 filius
452 2350 485 2387 en
510 2334 569 2386 alio
593 2334 703 2400 memte,
723 2333 834 2401 possint
852 2334 1057 2403 1111111191,ὓῦ
1084 2337 1158 2408 pitur
1178 2337 1277 2393 Gener.
1298 2344 1345 2405 te,
1370 2357 1395 2393 v.
1427 2342 1451 2393 6.
1472 2345 1499 2393 et
1515 2338 1567 2392 hoc
1585 2354 1668 2393 seusu
1687 2337 1831 2407 accipiunt
1848 2338 1919 2393 Tre·

226 2422 502 2493 ratannaganau
521 2419 619 2476 9111111
643 2418 766 2475 uersuta
792 2420 925 2490 1111111111
945 2422 1058 2490 binim?
1084 2423 1192 2479 meltius
1211 2431 1239 2479 et
1257 2423 1392 2490 Piscator,
1411 2423 1485 2479 unde
1502 2423 1588 2480 Hebr.
1606 2424 1718 2494 proprie
1737 2424 1778 2478 sio
1796 2423 1915 2479 redden·

226 2510 294 2566 Jure
313 2508 398 2577 civili,
419 2506 554 2561 canonico
572 2512 600 2559 et
612 2506 789 2575 provinciali
801 2506 986 2560 illudlicitum
998 2524 1058 2562 esse
1084 2510 1149 2565 dum
1168 2516 1294 2578 censent,
1313 2527 1385 2580 quae
1403 2518 1446 2564 est
1462 2511 1590 2579 cognatio
1608 2510 1665 2564 sive
1684 2518 1806 2576 capacia
1819 2512 1918 2579 patrm

225 2596 347 2652 dubitari
373 2594 479 2666 nequit.
532 2592 609 2649 luris
634 2592 722 2646 civihs
750 2604 879 2662 expressa
895 2593 976 2647 adest
994 2609 1056 2648 cou—
1084 2598 1132 2650 tui.
1162 2596 1218 2651 Sed
1235 2598 1258 2651 si
1275 2596 1319 2651 vel
1337 2595 1455 2651 maxime
1471 2595 1542 2651 hanc
1559 2597 1712 2651 versionem
1726 2606 1916 2667 acceptemus,

225 2683 332 2739 stitutio
352 2681 380 2751 §-
399 2679 494 2734 Mariti
512 2684 536 2735 9.
556 2678 625 2735 Inst.
644 2676 678 2732 de
696 2685 789 2748 nupt:
807 2680 913 2733 Mariti
928 2680 1005 2744 filim
1024 2697 1057 2733 ea
1084 2683 1206 2739 nondum
1223 2690 1317 2737 tamen
1333 2682 1453 2736 evictum
1472 2682 1541 2746 erit,
1559 2683 1716 2754 privignum
1734 2699 1752 2738 a
1770 2682 1917 2754 privignae

225 2770 287 2825 atta
305 2787 390 2823 usare
410 2776 435 2821 et
452 2767 550 2821 uaeris
569 2767 630 2830 filia
649 2782 681 2819 eu
701 2766 761 2820 alio
779 2767 882 2820 marito
901 2766 943 2820 uel
961 2775 1058 2821 contra
1084 2770 1215 2841 conjugio
1234 2769 1286 2823 hac
1304 2769 1368 2839 lege
1384 2767 1532 2839 prohiberi,
1550 2769 1617 2838 quia
1634 2752 1735 2842 ”liin
1776 2768 1917 2841 significat

227 2855 436 2911 matrimonium
449 2861 524 2908 recte
536 2852 708 2920 contrabant,
729 2852 793 2906 licet
804 2852 923 2906 ltabeant
931 2854 1058 2919 fratrem
1084 2856 1168 2911 talem
1186 2855 1392 2927 cognationem,
1417 2869 1488 2925 quae
1514 2871 1546 2908 ex
1563 2857 1743 2925 generatione
1762 2854 1916 2925 descendit,

225 2958 382 2997 tormentae
409 2957 441 2993 ea
476 2939 655 2992 ntatrt'monio
678 2946 777 3007 postea
799 2946 942 2994 contracto
967 2948 1058 2995 natos.
1085 2958 1149 2994 cum
1169 2940 1348 2995 descendata
1365 2939 1423 2995 rad.
1444 2934 1496 3012 Ὶξζ
1513 2942 1616 3008 panau.
1644 2938 1719 3012 Ergo
1736 2940 1765 2994 in
1779 2940 1835 2996 hac
1853 2941 1916 3013 lege

225 3028 243 3086 1.
262 3026 392 3083 Generali
412 3032 453 3082 34.
475 3026 501 3097 ξ.
521 3031 545 3080 1.
566 3023 595 3078 ff.
615 3024 713 3080 derit.
734 3031 827 3095 nupt:
857 3026 936 3081 Inter
948 3027 1058 3096 prioip·
1084 3044 1139 3082 non
1156 3027 1249 3098 agitur
1271 3028 1306 3081 de
1325 3025 1453 3098 privigno
1471 3043 1505 3079 ea
1524 3026 1585 3080 alia
1602 3042 1688 3080 acore
1708 3035 1846 3096 sarepta,
1866 3026 1916 3083 sed

225 3134 277 3171 1111
298 3115 430 3170 contrabi
446 3113 561 3182 nuptiae
577 3121 709 3180 possunt,
730 3115 782 3167 etsi
798 3114 922 3178 fratrem
941 3131 1058 3169 1111111111-
1086 3114 1121 3169 de
1136 3112 1193 3167 filio
1212 3130 1244 3167 ex
1264 3114 1316 3167 boc
1330 3115 1389 3183 ipso
1403 3112 1577 3167 matrimonio
1595 3113 1698 3183 genito,
1716 3112 1740 3166 is
1751 3114 1917 3184 prohibetur

226 3219 288 3257 uem
319 3218 353 3255 ea·
381 3219 452 3254 isaeo
473 3200 672 3269 apparentium
700 3200 877 3254 rnatrimonio
903 3208 1058 3270 susceptum
1084 3201 1185 3255 ducere
1218 3200 1309 3267 tiliam
1339 3200 1438 3251 matres
1460 3216 1542 3266 errae,
1571 3214 1654 3270 quam
1681 3198 1789 3255 scilicet
1808 3216 1842 3255 ex
1860 3200 1916 3254 atio

226 3290 355 3344 babeam.
407 3286 476 3341 lure
504 3285 635 3340 canonico
671 3283 803 3339 hodierno
834 3293 861 3341 et
896 3287 1057 3357 provinciali
1084 3286 1183 3341 marito
1200 3292 1358 3355 susceptam
1381 3289 1513 3355 paternae
1534 3284 1615 3338 domo
1635 3300 1730 3339 secum
1748 3285 1857 3355 intulit,
1883 3302 1915 3341 ac

228 3374 361 3429 Saronico
380 3371 490 3427 easdem
508 3374 620 3441 nuptias
644 3370 733 3424 licitas
759 3387 820 3425 esse
840 3372 922 3427 iacile
941 3380 1058 3443 apparet
1083 3371 1275 3442 prohibitionis
1300 3372 1370 3425 ratio
1395 3370 1521 3435 additur,
1548 3372 1622 3442 quod
1645 3372 1682 3425 sit
1706 3374 1839 3442 coenatio
1857 3374 1916 3430 sive

226 3478 261 3515 ex
285 3476 332 3526 eo,
354 3460 428 3530 quod
452 3458 480 3512 in
507 3458 628 3512 secundo
648 3464 677 3511 et
693 3457 774 3512 tertio
792 3456 936 3513 affinitatis
955 3475 1057 3529 genere
1083 3468 1202 3527 cognata
1218 3458 1325 3525 patris,
1342 3456 1395 3510 boc
1415 3462 1458 3511 est
1474 3473 1524 3527 per
1541 3458 1700 3528 conjugium
1720 3460 1819 3514 matris
1837 3458 1915 3515 facta

226 3546 304 3602 nulla
322 3546 358 3600 sit
371 3545 519 3616 prohibitio
537 3543 740 3597 matrimonium
757 3543 920 3614 impediens.
938 3562 961 3600 c.
976 3546 1056 3611 Quod
1083 3552 1125 3598 est
1154 3544 1277 3612 ejusdem
1311 3550 1431 3615 cognata
1459 3544 1583 3613 proxima
1610 3544 1689 3599 etin
1717 3543 1792 3600 filiae
1822 3546 1915 3601 locum

226 3650 310 3704 super
329 3631 380 3687 his.
400 3633 436 3687 de
454 3647 587 3702 consang.
605 3638 634 3686 et
651 3628 762 3686 allinit:
794 3630 872 3684 Inter
892 3634 1056 3700 1111119111·-
1082 3630 1222 3698 successit,
1242 3629 1315 3683 unde
1333 3645 1414 3700 porro
1432 3629 1556 3695 additur,
1575 3648 1657 3685 soror
1675 3640 1723 3685 tua
1736 3642 1790 3700 cst,
1809 3634 1915 3690 scilicet

224 3737 292 3777 neue
321 3720 418 3774 uxoris
438 3727 464 3773 et
489 3720 558 3782 stri,
587 3734 619 3770 ea
651 3719 801 3771 medem
824 3717 931 3771 scilicet
954 3719 1010 3772 uiri
1029 3728 1056 3772 et
1083 3713 1257 3790 ὁμομήτριος,
1276 3716 1342 3771 licet
1359 3734 1413 3771 uon
1431 3716 1601 3790 ὁμοπάτριος
1617 3735 1669 3773 noc
1687 3736 1829 3791 germana
1867 3722 1914 3791 At,

225 3807 473 3875 uuoritconlupio,
488 3805 698 3873 amlaproreue
709 3805 890 3869 affinitaeeet
904 3812 1055 3872 contracta,
1082 3803 1186 3874 inquis,
1214 3803 1272 3856 tale
1301 3802 1463 3871 oonjrrpium
1481 3804 1548 3872 jam
1575 3812 1640 3858 ante
1653 3806 1827 3875 prohibitum
1851 3809 1912 3863 erit.

224 3900 343 3963 propter
361 3910 445 3961 quam
463 3892 537 3946 inter
563 3908 611 3945 eos
628 3891 835 3945 matrimonium
855 3893 954 3945 deleat
971 3893 1056 3961 impe·
1082 3906 1107 3945 v.
1128 3896 1151 3944 9.
1177 3890 1333 3942 nuditatem
1357 3890 1465 3943 sororis
1494 3896 1558 3942 tatae
1576 3891 1659 3959 filiae
1677 3893 1775 3959 patris
1800 3896 1843 3947 tui
1869 3895 1912 3949 uel

227 3980 294 4047 diri,
314 3978 388 4033 unde
405 3979 488 4035 etiam
505 3978 534 4032 in
551 3978 651 4033 nostris
663 3976 830 4033 consistoriis
844 3978 912 4032 tulis
926 3979 1057 4049 conjugia
1075 3977 1158 4045 filiae
1175 3977 1275 4028 aratrir
1298 3984 1377 4043 tuac,
1403 3977 1514 4045 penitae
1540 3978 1619 4030 domi
1640 3978 1684 4032 uel
1707 3979 1821 4047 pendae
1837 3982 1915 4043 foris

226 4065 430 4137 permittuntur,
449 4064 648 4120 Wesenbccius
660 4064 690 4118 in
701 4064 787 4118 instit.
800 4064 835 4119 de
846 4070 923 4133 nupt.
944 4064 1055 4121 Schnei·
1081 4082 1137 4116 noa
1153 4061 1290 4115 revelabis
1306 4064 1461 4115 nuditatem
1480 4079 1584 4116 aarum.
1616 4064 1697 4131 Erpo
1714 4082 1771 4119 non
1786 4073 1826 4119 est
1844 4069 1915 4121 oeri-

227 4151 348 4208 dewinus
374 4150 441 4206 ibid.
469 4151 512 4207 tit.
535 4151 570 4204 de
596 4151 657 4205 arb.
677 4148 752 4205 affin.
773 4168 847 4204 nuru.
867 4158 891 4205 9.
911 4150 1055 4221 Cypraeus
1082 4148 1186 4214 simile,
1216 4148 1246 4201 r'n
1277 4156 1397 4217 unpsuta
1427 4148 1480 4200 illa
1513 4148 1604 4215 lepum
1635 4149 1767 4203 1111111111
1796 4156 1915 4208 mudum

227 4239 264 4293 tle
281 4237 398 4294 matrim.
418 4254 477 4308 cap.
497 4242 521 4293 6.
539 4234 568 4306 ξ.
585 4242 609 4293 2.
626 4254 700 4291 uum.
719 4245 742 4291 3.
761 4253 824 4308 pag.
843 4242 901 4292 eet.
938 4236 970 4290 ld
991 4256 1055 4295 vero
1078 4236 1294 4303 prohibitionem
1311 4234 1407 4304 repeti.
1440 4234 1660 4304 Respondemus:
1680 4234 1785 4308 Siquis
1803 4254 1915 4311 expret-

228 4325 388 4395 neutiquam
408 4322 601 4391 herideberet,
620 4322 748 4377 siveram
766 4330 848 4385 esset,
866 4323 1054 4394 quodAnton.
1083 4321 1161 4375 sioris
1193 4320 1387 4375 declarationis
1416 4338 1502 4375 causa
1535 4320 1571 4376 ob
1601 4322 1786 4393 frequentiam
1815 4327 1917 4383 talium

227 4410 384 4465 Matthaeus
399 4407 613 4483 jurisconsultus
632 4408 662 4461 iu
681 4408 783 4478 disput
801 4408 835 4462 de
853 4408 978 4467 fundam.
996 4412 1055 4482 qui·
1082 4408 1241 4478 nuptiarum
1252 4408 1322 4463 inter
1333 4408 1488 4478 Aegyptios
1501 4416 1529 4463 et
1542 4407 1702 4463 Cauanaeos
1718 4409 1917 4481 repetitionem

226 4496 305 4553 busti.
321 4496 393 4566 juris
412 4495 492 4550 aliter
507 4494 646 4565 jaciendis
669 4494 739 4564 disp.
768 4500 807 4549 11.
827 4494 867 4550 th.
889 4500 928 4552 18.
947 4513 977 4549 sc
990 4498 1054 4567 pri·
1068 4498 1182 4551 2t'actam
1203 4511 1263 4550 esse
1281 4494 1433 4549 concedere
1444 4494 1522 4564 nolit,
1541 4494 1673 4561 dicemus,
1690 4498 1792 4551 sororis
1803 4496 1918 4575 ὀμομη·

225 4602 299 4639 mum
327 4585 379 4637 boc
409 4583 568 4636 observasse
593 4580 705 4647 asserit,
736 4583 814 4650 quod
846 4583 917 4635 tales
942 4558 1156 4698 nuptmeirptae
1173 4588 1216 4635 11111
1237 4582 1409 4655 ὁμοπατρίας
1434 4598 1460 4635 v.
1479 4587 1504 4638 9,
1529 4583 1628 4636 sororis
1652 4589 1745 4637 autem
1763 4601 1918 4655 germanae

222 4670 381 4739 prohibitae
402 4670 458 4722 sint
474 4669 538 4736 jure
557 4667 651 4720 «brino
670 4665 760 4722 Lavit.
776 4671 815 4737 18,
844 4685 867 4723 v.
885 4674 923 4724 11.
942 4685 975 4723 ac
994 4687 1054 4740 pro·
1081 4667 1311 4739 αὐτοκασιγνήτης
1327 4666 1488 4738 conjuqum
1507 4684 1534 4720 r.
1555 4673 1593 4723 11.
1619 4668 1774 4738 prohiberi,
1788 4668 1819 4724 id
1839 4674 1917 4744 quod

226 4762 306 4809 vocat
323 4756 361 4811 ad
384 4755 524 4809 versiones
544 4753 703 4818 Tremellii,
727 4753 813 4807 ι1111111·
837 4763 862 4807 et
887 4754 1053 4811 Piscatorir.
1080 4755 1182 4825 optime
1197 4754 1327 4824 congruit
1344 4769 1406 4807 cum
1424 4752 1623 4823 propriavocis
1641 4738 1743 4829 n3'3'ttt
1772 4755 1919 4827 signifiare.

226 4840 357 4905 Quamvis
372 4858 436 4897 vero
451 4839 585 4897 readhuc
600 4839 708 4910 integra
721 4839 857 4910 ejusmodi
876 4842 986 4911 nuptias
1000 4860 1055 4897 non
1079 4843 1168 4911 tione,
1199 4840 1244 4896 vel
1272 4857 1322 4911 per
1339 4856 1458 4895 sororem
1488 4858 1568 4895 versu
1597 4847 1635 4897 tl.
1666 4841 1784 4914 intelligi
1812 4846 1918 4901 soron·

225 4945 391 5000 magnopere
411 4928 567 4983 suadendas
586 4927 732 4981 statuimus
752 4934 836 4997 atque
854 4926 926 4981 idem
945 4928 980 4983 de
1001 4929 1054 4984 illis
1067 4884 1262 5001 ‘inparatam
1278 4925 1370 4993 tiliam,
1388 4931 1420 4980 ut
1437 4926 1592 4981 monuimus
1610 4927 1735 4998 superius
1754 4925 1783 5001 ξ.
1803 4934 1869 4990 266,

225 5015 346 5070 ieramus
359 5015 509 5084 judicium,
537 5014 611 5085 quod
638 5014 665 5067 in
689 5012 848 5084 quaestione
872 5014 995 5082 proxime
1011 5033 1052 5070 se·
1104 5021 1161 5069 358.
1198 5013 1345 5078 Quaeritur
1371 5020 1396 5071 8.
1440 5014 1488 5067 An
1516 5017 1540 5068 1.
1564 5024 1650 5084 pater
1679 5024 1705 5070 et
1729 5017 1810 5083 pilitus
1840 5019 1993 5077 damete

225 5108 328 5171 quante
345 5100 381 5155 de
397 5100 532 5155 similibus
550 5099 695 5155 affinitatis
714 5097 967 5169 propinquitatibus
979 5098 1189 5177 dice-jsororer
1215 5103 1326 5171 ducere,
1345 5110 1371 5155 et
1388 5102 1524 5170 1111111111,
1551 5103 1625 5156 duae
1650 5120 1763 5157 roraret
1784 5106 1872 5175 patri
1887 5114 1917 5162 11
1929 5077 1991 5164 iffi

225 5198 286 5254 tur,
306 5193 399 5241 tamen
416 5188 479 5253 iure
505 5187 601 5240 dimna
621 5202 750 5258 represso
770 5184 880 5240 eaedem
899 5185 1052 5254 prohibitas
1064 5182 1137 5255 lilio
1155 5188 1276 5258 nubere,·
1301 5191 1326 5242 2.
1348 5207 1385 5241 an
1404 5196 1493 5241 mater
1513 5196 1540 5241 et
1562 5190 1626 5251 filie
1642 5190 1751 5243 duabsu
1767 5192 1916 5255 fratribus
1929 5176 1984 5267 {¹22⁸

225 5289 258 5327 ac
275 5271 392 5342 proinde
417 5272 535 5325 incestas
559 5287 617 5327 esse
639 5271 760 5325 nondum
785 5270 880 5325 induci
898 5288 1051 5343 possumus,
1064 5276 1185 5345 iurabere,
1211 5284 1238 5329 et
1268 5276 1399 5342 1111111111,
1424 5277 1480 5329 duo
1505 5274 1613 5337 fratres
1630 5284 1745 5330 tratrem
1775 5284 1801 5331 11
1820 5280 1916 5343 filiam
1930 5280 2004 5329 pont·

225 5364 257 5413 ut
272 5364 422 5413 credamus.
453 5356 547 5413 Verba
560 5363 661 5425 textus,
679 5357 714 5412 ad
728 5373 800 5429 quae
812 5355 970 5413 Matthaeus
988 5376 1051 5429 pro·
1077 5364 1193 5432 ducere;
1230 5364 1257 5418 3.
1289 5381 1327 5415 an
1351 5370 1438 5431 pater
1466 5370 1491 5415 11
1518 5360 1596 5427 silius
1623 5370 1740 5416 matrem
1766 5371 1792 5417 11
1822 5332 2008 5429 mmmm

223 5451 313 5512 vocat,
332 5444 371 5498 sic
388 5441 504 5497 habent:
525 5444 688 5497 Nuditatem
700 5446 776 5509 filiae
790 5446 885 5499 uaeris
899 5447 995 5513 patris
1008 5450 1054 5501 tui
1077 5453 1187 5517 (lucere,
1200 5458 1225 5503 et
1244 5449 1366 5503 richeim
1378 5457 1467 5503 rnuter
1478 5458 1503 5502 et
1516 5450 1579 5511 tilia
1586 5448 1671 5517 patri
1681 5456 1707 5504 st
1717 5450 1780 5517 tilio
1790 5454 1919 5527 nubere,-
