4020 6022
822 190 874 247 Du
891 190 1090 252 CONJUGIO.
1761 202 1800 260 95

109 365 201 420 spons.
232 366 308 404 num.
338 355 364 407 ’1.
413 349 460 404 Ad
487 347 689 420 sponsaliorum
714 346 830 402 effectus
856 347 955 413 ιιιιιιιξ
971 358 1084 421 propter
1109 351 1221 423 nuptias
1239 351 1418 422 imputantur.
1452 351 1503 407 Est
1523 357 1615 408 autem
1637 349 1756 406 arrhabo
1774 354 1803 404 et

108 434 158 490 hoc
175 434 308 506 referunt,
327 435 402 508 quod
420 451 485 507 pars
506 434 658 491 dissolvens
671 433 812 504 sponsalia
828 433 872 488 ιιι
892 430 955 505 phr'
968 441 1136 492 contractum
1161 437 1244 492 arrha
1280 456 1380 494 nomen
1403 444 1493 493 ortum
1517 455 1549 492 ex
1572 437 1703 493 Hebraeo
1736 434 1802 508 ab),

107 539 189 593 quam
222 527 292 591 stat,
327 521 473 595 quominus
513 520 692 577 contrahatur
730 520 940 582 matrimonium,
968 525 1137 591 spopondit,
1159 526 1250 591 fidem
1274 525 1458 592 interposuit,
1485 523 1552 577 inde
1574 515 1665 597 Τιὶιῃ
1691 524 1801 595 pignus,

106 608 201 663 arrhas
222 608 302 663 datus
320 609 365 664 ιιι
383 614 511 680 acceptas
538 609 647 665 amittat
677 613 706 662 et
723 607 887 663 tantundem
905 606 941 660 de
968 606 1069 663 Genea.
1088 615 1134 676 38,
1168 626 1193 664 r.
1213 616 1252 665 11.
1286 615 1308 666 1.
1329 609 1401 666 Sam.
1424 616 1469 680 17,
1499 628 1525 667 v.
1549 616 1587 667 18.
1625 610 1746 674 Proinde
1770 615 1802 664 ut

107 710 156 750 sac
176 694 294 750 reddere
311 700 435 766 cogatur.
456 693 474 748 l
492 693 598 750 mulier.
617 692 648 748 C.
665 693 700 748 dc
719 693 841 764 sponsal.
869 692 955 762 Item,
968 711 1084 764 sponsus
1109 701 1138 750 et
1154 712 1256 766 sponsa
1274 696 1326 752 sibi
1346 697 1463 751 invicem
1482 697 1551 752 dant
1575 697 1671 754 arrhas
1688 699 1718 751 in
1735 714 1800 752 con-

107 782 206 852 qnodsi
237 781 306 836 alter
332 781 543 852 desponsaram,
570 780 731 850 priusquam
757 779 872 850 nuptiae
898 768 1151 849 cellirmationem
1171 781 1326 837 futurarum
1345 783 1521 854 nuptiarum,
1542 784 1583 838 sic
1600 784 1715 840 docente
1733 783 1801 839 Ter

107 867 262 932 lebrentur,
294 867 410 922 excedat
433 884 449 922 e
472 867 545 931 rita,
575 866 688 922 donatio
706 866 846 937 [utrinque
866 865 942 919 iacta
968 862 1085 921 tulliano
1109 866 1170 922 libr.
1202 868 1237 922 de
1270 877 1414 926 resurrect.
1442 869 1532 924 carnis
1558 887 1582 927 c.
1613 877 1654 926 51.
1679 888 1706 940 p.
1734 875 1800 926 341:

106 953 281 1008 rescindatur
300 958 327 1009 et
343 952 389 1007 rel
407 953 558 1024 superstiti,
576 953 620 1008 vel
640 953 700 1023 ejus
718 952 813 1008 heredi
832 949 941 1006 restitu-
970 953 1098 1007 Christus
1121 964 1262 1024 sequester
1284 957 1343 1008 Dei
1365 962 1390 1008 et
1413 955 1551 1009 lominum
1577 957 1739 1028 appellatus
1769 973 1801 1010 en

106 1046 177 1109 atur,
196 1039 251 1093 nisi
268 1055 390 1106 causam,
409 1045 442 1093 ut
461 1039 576 1110 nuptiae
590 1057 646 1094 non
663 1038 877 1105 celebrarentur,
896 1036 942 1090 do
968 1039 1112 1108 utriusque
1144 1041 1240 1110 partis
1276 1043 1401 1110 deposito
1432 1044 1577 1097 commino
1614 1043 1670 1097 sibi
1705 1044 1800 1097 carnis

105 1125 193 1181 functi
202 1141 321 1196 persona
329 1126 390 1196 jam
400 1125 581 1197 praebuisset
592 1124 610 1181 ι.
625 1130 649 1181 3.
660 1125 691 1182 C.
705 1125 740 1179 de
752 1123 938 1194 sponsalibus.
968 1143 1076 1194 quoque
1097 1127 1253 1196 depositum
1277 1135 1371 1181 seruat
1397 1128 1426 1181 in
1443 1126 1590 1198 semetipso
1615 1129 1801 1183 arrhabonem

107 1213 179 1268 Olim
199 1213 282 1267 etiam
303 1213 443 1283 sponsalia
458 1212 594 1268 actionem
612 1217 710 1268 contra
729 1227 861 1281 sponsum
878 1227 941 1281 pro·
967 1228 1090 1265 strumae
1107 1214 1201 1266 totius.
1247 1213 1486 1275 Quemadmodum
1511 1217 1584 1269 enim
1601 1216 1681 1270 nobis
1698 1216 1799 1269 arrlra·

107 1299 256 1368 ducebant,
276 1299 306 1353 in
324 1316 380 1371 qua
395 1297 482 1367 judex
495 1298 675 1368 comperiens,
686 1296 755 1352 nihil
766 1313 868 1352 causae
881 1313 942 1352 esse
968 1297 1064 1351 donem
1089 1299 1215 1367 Spiritus
1236 1299 1365 1369 reliquit,
1394 1301 1435 1353 ita
1458 1309 1483 1354 et
1506 1303 1585 1355 nobee
1615 1302 1800 1356 arrhabonem

105 1385 252 1442 medendi
268 1402 286 1440 a
303 1385 491 1456 sponsalibus,
522 1386 620 1456 quanti
637 1383 800 1440 interfuerat
828 1400 941 1438 uxorem
968 1384 1062 1437 carnis
1087 1386 1195 1454 accqrs't
1223 1393 1249 1438 et
1278 1386 1351 1439 veuit
1381 1387 1411 1438 in
1442 1387 1548 1440 coelum
1577 1390 1681 1458 pipam
1715 1389 1800 1442 totius

105 1472 194 1544 accipi
226 1478 275 1526 aut
299 1472 359 1526 dari
392 1472 610 1542 condemnabat,
655 1471 737 1526 hodie
766 1476 857 1524 autem
885 1488 940 1525 non
967 1486 1091 1523 mmmoe
1119 1470 1188 1524 illuc
1216 1473 1385 1540 quandoque
1405 1473 1589 1540 redipendoe.
1639 1474 1686 1528 Ad
1703 1473 1799 1527 arrhas

106 1559 219 1629 pariunt
237 1559 382 1615 actionem.
415 1557 471 1614 Sed
490 1558 524 1613 de
542 1558 584 1612 his
603 1557 712 1628 plenius
724 1556 940 1627 tractantJuris-
970 1555 1053 1609 etiam
1078 1555 1173 1610 referri
1201 1564 1292 1627 potest
1310 1558 1447 1627 annulus,
1480 1558 1527 1630 qui
1551 1559 1674 1630 pignoris
1691 1561 1752 1614 loco
1769 1561 1798 1615 in

106 1645 239 1713 consulti,
276 1645 312 1699 ad
344 1661 413 1716 quos
445 1660 479 1699 ea
506 1660 573 1698 cura
592 1643 703 1715 proprie
728 1650 843 1713 spectat
895 1641 940 1697 De
968 1641 1144 1712 sponsalibus
1174 1660 1192 1696 a
1222 1661 1324 1712 sponso
1349 1644 1414 1699 olim
1440 1644 1501 1698 dari
1528 1645 1573 1700 ιιι
1598 1646 1671 1701 mitti
1688 1646 1800 1702 'solebat

107 1730 213 1786 effectis
232 1731 433 1809 sponsaliorum
452 1730 694 1799 clandestinorum,
706 1728 939 1797 conditionalium,
967 1744 1099 1798 sponsae,
1127 1744 1208 1799 quem
1227 1727 1415 1784 Tertullianus
1443 1730 1471 1785 in
1497 1731 1607 1802 apolog.
1633 1748 1657 1788 c.
1675 1737 1700 1788 6.
1718 1739 1800 1788 vocat

16 1814 46 1857 ¹l
58 1815 95 1858 ¹⁶¹²·
90 1819 261 1887 ·juratorum
278 1822 331 1873 etc.
350 1815 528 1885 inspecieex
546 1815 610 1882 ιιιιι,
628 1833 699 1886 quae
715 1814 842 1885 superius
856 1814 940 1882 dicta,
961 1815 1129 1884 pronubum.
1162 1814 1295 1870 Ferreum
1313 1815 1459 1884 annulum,
1480 1834 1597 1888 eumque
1614 1818 1673 1872 sine
1690 1835 1800 1889 gemma

103 1902 241 1973 judicium
267 1901 349 1958 facile
368 1901 427 1957 lieri
445 1907 545 1971 potest.
965 1917 1084 1971 sponsae
1112 1918 1163 1955 sua
1188 1906 1280 1955 aetate
1300 1902 1384 1960 mitti
1409 1904 1598 1973 consuevisse,
1630 1911 1727 1959 auctor
1758 1911 1800 1960 ιιι

10 1979 68 2076 iduh
142 1995 199 2046 156
236 1990 384 2058 Adjunota
407 1987 608 2059 sponsaliorum
624 1994 689 2041 sunt
716 1986 811 2054 varia,
841 1991 940 2056 utpote
966 1986 1072 2041 Plinius
1091 1987 1154 2043 libr
1175 1988 1416 2046 carinthiae
1433 1996 1453 2045 1.
1471 1990 1591 2061 quiscil
1603 1991 1800 2060 priscasecula

10 2091 79 2176 Ιιιιιιι-
110 2083 132 2133 1
157 2076 263 2129 αιτιοι
289 2075 488 2146 sponsalitiae,
524 2089 595 2146 quae
624 2074 653 2127 in
682 2072 766 2127 fidem
803 2076 832 2127 et
858 2087 939 2142 argu-
966 2081 994 2128 et
1021 2074 1128 2146 antiqui
1154 2075 1245 2129 victus
1273 2075 1468 2146 parsimoniam
1504 2075 1683 2150 frugalesque
1710 2095 1798 2133 mores

10 2132 73 2227 'luri'
71 2201 95 2229 ιι
108 2167 232 2218 mentum
263 2161 464 2232 sponsaliorum
492 2161 623 2230 utrinque
654 2160 764 2214 dantur.
808 2157 940 2221 Quamvis
966 2157 1134 2230 designaret

10 2245 76 2330 iffi*
108 2249 181 2304 enim
208 2250 272 2320 jure
300 2247 375 2303 civili
400 2265 418 2303 a
443 2264 545 2318 sponso
572 2263 704 2318 sponsae,
735 2262 791 2299 non
815 2251 940 2300 autema
1003 2252 1059 2301 151.
1095 2250 1122 2303 2.
1145 2250 1270 2302 Munera
1290 2249 1475 2316 sponsalitio,
1500 2265 1572 2331 quae
1594 2267 1650 2304 non
1674 2251 1764 2305 solum
1781 2249 1930 2306 ammm

106 2351 209 2405 sponsa
233 2351 334 2405 sponso
359 2334 424 2389 olim
452 2334 585 2388 darentur
601 2331 713 2401 arrhae,
743 2338 776 2386 ut
799 2347 833 2386 ex
851 2329 939 2386 Paulo
966 2350 1068 2403 sponso
1091 2334 1193 2388 dantur
1223 2351 1354 2405 sponsae,
1380 2335 1429 2388 sed
1448 2334 1532 2389 etiam
1551 2337 1611 2406 ejus
1628 2310 1904 2407 parentibuauds'f*

106 2419 166 2475 libr.
186 2425 211 2477 ².
230 2427 348 2475 sentent
368 2425 441 2476 etex
459 2419 595 2488 Gratiani,
609 2417 798 2473 Valentiniani
811 2416 938 2472 eliorum
965 2427 994 2474 et
1012 2420 1132 2474 vicissim
1152 2437 1171 2474 a
1188 2421 1404 2490 sponsadantur
1421 2438 1476 2474 non
1493 2420 1583 2476 solum
1606 2439 1723 2492 sponso,
1750 2423 1798 2479 sed

105 2523 158 2576 que
179 2507 377 2577 imperatorum
401 2504 644 2560 constitutionibus
669 2503 834 2574 intelligitur
852 2502 937 2573 (quod
964 2506 1048 2560 etiam
1068 2507 1128 2575 ejus
1145 2506 1307 2577 parentibus
1327 2510 1355 2561 ιι
1375 2523 1447 2578 quae
1463 2514 1592 2577 parentes
1619 2525 1798 2579 personarum

104 2592 173 2647 mori
193 2593 223 2647 in
241 2593 345 2664 populo
358 2592 414 2648 Dei
430 2597 545 2663 recepto
558 2590 641 2646 etiam
654 2606 807 2662 congruum
820 2588 939 2655 ridetur,
964 2592 1192 2663 desponsaturum
1229 2592 1283 2647 sibi
1320 2592 1437 2648 invicem
1464 2594 1576 2651 donant.
1607 2601 1628 2653 t.
1658 2600 1677 2649 t
1705 2594 1737 2650 C.
1762 2595 1798 2649 de

104 2695 168 2733 nam
187 2678 291 2734 Genea.
308 2684 351 2742 24,
368 2696 393 2735 ι.
420 2683 459 2733 53.
506 2677 624 2733 Eleazar
646 2676 735 2731 Isatci
760 2675 885 2746 pararius
909 2682 938 2730 et
963 2679 1057 2737 donat.
1076 2686 1141 2735 ante
1160 2686 1237 2749 nupt.
1257 2679 1301 2733 ιιι
1318 2685 1409 2752 propt.
1437 2687 1515 2750 nupt.
1541 2687 1569 2734 et
1596 2681 1737 2756 sponsalit.
1764 2697 1798 2736 ea

105 2772 257 2835 proxeneta
282 2764 398 2836 prolatis
421 2764 495 2818 rasis
521 2763 611 2817 aureis
631 2768 660 2818 et
685 2762 823 2833 argenteis
843 2779 876 2816 ιι
892 2779 937 2815 ve·
964 2782 1028 2819 cum
1046 2765 1162 2834 dantur,
1187 2766 1231 2821 ιιι
1254 2783 1382 2837 expresse
1399 2765 1540 2835 adjicitur,
1561 2766 1680 2820 eoiandi
1699 2766 1796 2830 affini·
1884 2762 1888 2769 ’

104 2851 192 2907 subus
222 2851 271 2906 dat
299 2867 333 2906 ea
357 2849 516 2918 Rebeccae,
546 2855 575 2903 et
600 2848 690 2903 adhuc
718 2849 790 2903 inter
812 2847 936 2904 ludaeos
963 2854 1032 2906 tatis
1051 2854 1147 2921 pratia
1166 2853 1286 2916 ιίοιιιιιι,
1309 2853 1352 2907 ιιι
1370 2853 1393 2905 ιι
1413 2869 1542 2922 expresse
1567 2870 1623 2906 non
1639 2852 1797 2923 adjiciatur,
1847 2894 1855 2909 .

105 2938 199 2993 stricte
224 2937 402 3005 observatur,
432 2943 465 2990 ut
487 2952 605 3007 sponsus
629 2935 678 2990 det
691 2934 787 2989 arrhas
813 2950 938 3005 sponsae,
964 2937 1158 3008 intelliguntur
1178 2944 1272 2992 tamen
1290 2954 1323 2993 co
1343 2938 1433 2992 animo
1447 2938 1557 2994 donata.
1577 2938 1796 3010 quiaadjcctum

104 3041 158 3079 non
190 3028 283 3079 autem
314 3029 424 3092 eontra,
461 3022 535 3076 unde
566 3022 595 3076 in
626 3021 783 3093 praeceptis
816 3020 938 3075 affimat
965 3041 1022 3079 non
1040 3023 1102 3092 fuit,
1121 3023 1298 3079 donationem
1314 3040 1348 3078 ex
1365 3041 1441 3079 mera
1458 3024 1625 3079 liberalitate
1644 3024 1711 3092 fieri.
1751 3024 1795 3079 De

105 3115 244 3182 maccept.
264 3115 318 3166 ¹48.
351 3108 453 3163 Rabirii
482 3107 593 3163 dicunt:
622 3108 772 3161 Initianda
799 3116 840 3161 est
866 3125 937 3162 uuor
964 3111 1006 3164 his
1036 3109 1196 3164 muneribus
1223 3110 1391 3180 sponsalitiis
1417 3127 1567 3181 eorumque
1583 3109 1620 3164 ab
1638 3109 1725 3164 arrhis
1743 3109 1794 3165 ois-
1807 3122 1855 3163 xv.
1869 3118 1914 3164 itt.

105 3198 236 3250 ducenda
252 3196 296 3249 oel
309 3196 450 3264 pecunia,
466 3194 511 3248 rel
527 3195 647 3263 sorpto,
669 3194 754 3262 idque
772 3193 936 3257 faciendum
963 3196 1081 3252 ferentia
1117 3196 1200 3250 latius
1242 3201 1365 3250 tractant
1396 3196 1602 3266 jurisconsulti,
1637 3195 1796 3266 cumprimis

82 3304 85 3309 ·
106 3301 200 3337 ceram
209 3282 332 3348 testibus,
344 3281 525 3334 subarrhatio
538 3288 630 3333 autem
642 3279 707 3344 tisri
711 3287 805 3349 potest
817 3280 937 3333 dimidio
964 3282 1120 3339 Obrechtus
1132 3282 1161 3336 in
1175 3286 1322 3352 οἰκονομίᾳ
1338 3282 1493 3337 donationis
1506 3283 1638 3353 simplicis
1651 3291 1679 3338 et
1692 3283 1797 3339 relatae

104 3369 211 3437 siclo),·
232 3368 366 3423 hodierna
384 3373 477 3422 tamen
496 3365 714 3421 Christianorum
740 3365 939 3421 consuetudine
964 3369 1034 3438 disp.
1054 3376 1078 3423 5.
1095 3368 1170 3424 ιιιιιΙ
1181 3373 1222 3426 31.
1243 3375 1271 3422 ιι
1287 3384 1364 3439 seqq.
1387 3367 1515 3439 Vestigia
1532 3385 1677 3424 munerum
1688 3369 1797 3424 illorum

104 3455 186 3510 efiam
213 3471 316 3524 sponsa
338 3454 388 3508 dat
413 3454 509 3508 arrhas
536 3468 645 3522 sponso.
694 3450 846 3521 Apostolus
864 3449 937 3505 hunc
963 3454 1186 3525 sponsalitiorum
1215 3458 1325 3509 exstant
1355 3453 1385 3507 ιιι
1423 3453 1537 3509 historia
1574 3454 1796 3527 desponsationis

104 3558 206 3598 morem
234 3541 329 3596 arrhas
355 3539 440 3594 dandi
468 3544 498 3595 et
524 3537 678 3609 accipiendi
705 3538 735 3592 in
762 3537 938 3609 sponsalibus
963 3541 1107 3596 Rebeccae
1125 3540 1196 3596 Gen.
1225 3545 1272 3608 24,
1299 3557 1325 3593 v.
1346 3546 1387 3597 5³.
1411 3540 1460 3595 ubi
1476 3540 1626 3596 Eleazarus
1647 3547 1798 3613 proxeneta

103 3627 287 3699 pulcherrime
303 3625 387 3681 reiert
406 3626 443 3681 ad
460 3625 649 3696 spiritualeac
668 3625 818 3696 mysticum
834 3622 937 3678 Christi
962 3629 1105 3692 fratribus
1125 3635 1149 3679 et
1168 3627 1256 3679 matri
1274 3643 1394 3695 speum
1413 3625 1486 3681 dona
1504 3626 1593 3682 offert.
1623 3627 1657 3682 In
1669 3627 1798 3683 Hebraeo

104 3723 131 3770 et
164 3714 256 3770 fidelis
287 3712 396 3768 ammae
427 3711 603 3783 conjugium,
637 3711 749 3784 quando
780 3727 798 3764 a
829 3710 939 3766 Christo
965 3719 1007 3768 est
1034 3703 1163 3787 nituit,
1191 3710 1265 3783 quod
1284 3710 1480 3783 significatres
1494 3713 1660 3782 ιαιιάαιιιιιι,
1678 3714 1798 3783 optimas
1887 3699 1891 3706 ⁴

101 3801 288 3855 arrhabonem
302 3799 427 3869 Spiritus
440 3797 626 3852 nobisdatum
635 3795 900 3852 asserit2.(lorinth.
914 3802 936 3862 1,
967 3808 993 3853 et
1021 3799 1257 3869 pretiosissimas,
1286 3798 1315 3851 in
1333 3813 1498 3869 quocunque
1527 3816 1628 3870 genere
1647 3799 1797 3870 fructuum,

101 3907 124 3943 r.
142 3894 184 3944 22.
212 3903 237 3942 c.
266 3892 296 3953 t,
326 3905 351 3941 ι.
380 3893 403 3940 5.
432 3884 561 3960 ιἰῥραρώι
589 3885 740 3940 secundum
768 3884 882 3939 Suidam
909 3889 937 3937 et
965 3885 1152 3954 metallorum,
1172 3884 1248 3952 auri,
1265 3884 1382 3954 argenti,
1401 3901 1585 3955 gemmarum,
1604 3886 1731 3956 vestium,
1749 3904 1796 3942 no·

101 3975 300 4046 Etymologum
317 3972 427 4044 proprie
445 3978 487 4031 est
501 3974 630 4042 pemmia,
649 3989 720 4040 quae
733 3971 937 4025 incantionibus
962 3976 1041 4026 tante
1060 3969 1221 4025 Schindlero
1247 3970 1277 4024 in
1305 3969 1364 4024 rad.
1383 3972 1450 4020 7272.

96 4064 195 4132 primo
213 4062 383 4130 dependitur
401 4062 443 4113 ad
458 4061 542 4125 fidem
560 4059 698 4127 majorem
708 4058 904 4123 faciendam
892 4058 936 4124 sis,
1001 4063 1055 4114 158
1090 4060 1119 4114 3
1138 4057 1264 4110 Tabulae
1283 4064 1309 4110 et
1325 4057 1524 4126 instrumenta,
1553 4074 1625 4129 quae
1644 4058 1680 4114 de
1706 4060 1923 4130 pactistinnro-

101 4167 174 4218 quae
193 4155 265 4202 emta
284 4154 362 4214 sunt,
385 4146 590 4216 persolvendis,
615 4163 665 4198 ιιιι
683 4162 756 4214 pars
778 4144 936 4210 solmionis,
964 4143 1096 4200 dotalitiis
1127 4143 1387 4210 conscribuntur,
1378 4161 1408 4197 ιιι
1438 4142 1539 4214 quibus
1569 4144 1605 4198 de
1634 4144 1794 4200 hereditatis
1806 4132 1918 4221 ,mm

103 4253 176 4332 quus
188 4236 277 4302 fidem
294 4234 368 4298 facit
386 4234 472 4287 totius
490 4249 614 4287 summae
638 4232 857 4304 persolvendae,
882 4247 937 4301 qua
962 4230 1136 4286 successione
1169 4235 1254 4300 atque
1285 4228 1347 4283 aliis
1377 4229 1414 4283 ad
1444 4228 1569 4284 futurum
1590 4232 1792 4286 matrimonium

104 4321 133 4374 in
161 4338 191 4375 re
218 4337 237 4375 a
262 4319 379 4390 pignore
405 4335 455 4373 seu
481 4318 638 4388 hypotheca
667 4316 771 4384 differt,
801 4318 875 4387 quod
909 4322 937 4370 et
963 4315 1156 4386 spectantibus
1183 4315 1346 4386 disponitur.
1393 4315 1568 4386 Augustinus
1595 4333 1711 4374 sermon.
1734 4323 1792 4373 tit.

103 4406 293 4477 Hieronymus
317 4405 489 4472 observarit,
515 4405 626 4475 quando
653 4405 680 4457 in
709 4421 806 4458 comm.
823 4403 894 4474 Eph.
915 4407 937 4458 1.
963 4408 1044 4458 vocat
1062 4402 1175 4456 talrslos
1195 4401 1428 4468 matrimoniales,
1463 4400 1596 4457 Germani
1614 4409 1713 4457 vocant
1730 4403 1794 4470 tibe-

106 4512 133 4565 p.
153 4498 209 4549 toa.
238 4492 278 4546 sic
302 4491 411 4546 scribit:
440 4492 549 4560 Pipnus
574 4490 692 4544 Latinus
718 4491 858 4558 interpres
881 4507 937 4558 pro
965 4491 1102 4558 berthung.
1141 4488 1187 4542 Sic
1205 4494 1352 4559 postquam
1369 4485 1479 4558 Ruguel
1497 4488 1582 4543 filiam
1599 4505 1679 4542 suam
1690 4488 1796 4545 Tobiae

104 4579 263 4634 arrhabone
281 4578 400 4647 posuit,
428 4595 484 4631 non
512 4584 603 4630 autem
633 4577 667 4629 id
694 4576 787 4644 ipsum
815 4575 937 4629 orriolo
964 4575 1164 4646 despondisset,
1181 4582 1297 4643 accepta
1310 4575 1410 4627 clrarta
1424 4575 1795 4644 feceruntconscrtptioncm

105 4668 182 4736 quod
192 4666 300 4734 pipnus
317 4671 407 4720 sonat.
445 4664 579 4716 Arrhalo
597 4664 672 4716 enim
691 4665 808 4727 futurae
827 4663 939 4715 cmtioni
964 4660 1092 4731 conjupii
1124 4660 1193 4715 Tob.
1224 4667 1253 4724 7,
1284 4677 1309 4713 ι.
1344 4665 1382 4714 16.
1430 4659 1464 4712 ln
1487 4659 1594 4715 Graeco
1622 4667 1665 4715 est
1691 4662 1795 4731 ἔγραψε

105 4752 190 4821 queam
206 4752 351 4820 quoddam
370 4748 555 4804 testimonium
575 4757 600 4801 et
618 4749 832 4817 obligamentum
843 4750 937 4812 datm,
964 4744 1133 4818 συγγραφὴν
1168 4749 1214 4799 ιιι
1252 4746 1451 4816 ἐσφραγίσαιο.
1505 4744 1589 4800 Tales
1619 4747 1796 4816 sponsalitiae

101 4841 207 4909 pipnus
224 4855 305 4906 uero,
328 4838 380 4891 loe
398 4845 438 4890 est
458 4837 601 4905 ἐνέχυρον.
620 4853 677 4904 pro
704 4842 801 4888 mutuo
814 4836 937 4902 pecunia
964 4833 1159 4889 conventiones
1189 4830 1273 4885 etiam
1301 4832 1375 4902 apud
1392 4832 1532 4886 Romanos
1557 4831 1737 4901 utplurimum
1766 4835 1796 4888 in

105 4926 267 4996 opponetur,
296 4932 327 4977 ut
355 4941 417 4977 cum
446 4923 501 4977 illa
528 4922 644 4975 reddita
667 4924 775 4990 suerit,
807 4923 939 4975 reddenti
964 4920 1074 4975 tabulas
1108 4916 1314 4986 referebantur,
1350 4917 1425 4972 unde
1461 4917 1531 4970 illud
1560 4917 1725 4975 Tertulliani
1761 4921 1796 4977 de

106 5015 227 5067 ιιιὸιιιιιη
250 5013 355 5082 pipaue
370 5029 390 5064 a
407 5010 547 5064 creditore
573 5010 719 5062 reddatur.
767 5008 859 5073 Quare
875 5025 937 5063 cum
963 5009 1015 5062 vel.
1033 5006 1103 5076 virg.
1122 5022 1145 5061 c.
1168 5010 1206 5060 12.
1223 5022 1250 5074 p.
1272 5009 1337 5061 lut:
1366 5006 1430 5058 Hae
1457 5012 1521 5057 sunt
1548 5005 1667 5060 tabellae
1682 5009 1797 5077 priores

107 5099 283 5171 desponsatio
307 5098 404 5153 itidem
429 5098 466 5151 sit
486 5096 592 5166 species
615 5097 752 5167 quaedam
771 5102 936 5164 contractus,
964 5093 1139 5147 naturalium
1168 5091 1358 5160 sponsalium,
1390 5096 1474 5161 atque
1502 5089 1556 5145 hae
1575 5091 1687 5148 tabulae
1704 5094 1795 5165 signa·

107 5185 167 5242 ideo
207 5185 372 5240 manslatum
409 5190 451 5238 est
486 5181 651 5237 vocabulum
687 5182 850 5237 arrhabonis
879 5183 937 5237 sive
964 5179 1041 5234 toriis
1061 5195 1165 5245 corum,
1186 5177 1233 5249 qui
1251 5177 1410 5242 intererant,
1430 5175 1539 5230 annulis
1557 5178 1745 5249 signabantur,
1763 5187 1796 5236 ut

108 5273 204 5328 arrhae
223 5271 260 5325 ad
278 5271 360 5339 dona,
378 5286 451 5341 quae
467 5269 496 5323 in
515 5274 708 5340 argumentum
727 5275 755 5323 et
774 5266 857 5324 fidem
875 5285 937 5338 pro
964 5266 1105 5338 colligitur
1121 5283 1156 5321 ex
1175 5265 1222 5319 illo
1241 5261 1386 5319 luvenalis
1404 5262 1555 5318 versiculo:
1711 5275 1713 5279 ’

108 5358 180 5414 musi
206 5356 375 5412 matrimonii
398 5355 499 5409 dantur
515 5372 549 5411 ac
568 5359 702 5409 vocantur
726 5353 819 5424 potius
839 5354 938 5409 arrhae
1118 5353 1213 5406 Veniet
1231 5369 1293 5404 cum
1309 5350 1499 5419 sipnatorilus
1517 5369 1630 5422 arespsc.

108 5463 187 5516 quam
212 5443 345 5515 pignora,
379 5442 445 5514 quia
464 5442 566 5497 secutis
588 5440 692 5513 nuptiis
711 5441 740 5494 in
757 5440 937 5497 donationem
965 5441 1153 5495 Instrumenta
1183 5437 1287 5493 dotalia
1309 5438 1374 5507 jure
1402 5438 1477 5492 civili
1510 5439 1576 5495 olim
1605 5438 1794 5510 exigebantur,
