4020 6022
213 259 273 317 ars
608 317 614 329 ,
792 252 1135 313 connumeramus
1154 251 1324 320 carmus

211 409 424 466 fornicationem
461 410 620 466 institutum
650 426 705 464 uon
736 410 892 465 concedant
927 411 1044 466 alterum
1077 426 1161 481 quam
1178 410 1307 469 deserdo.
1359 412 1415 470 Sed
1433 413 1575 485 apostolus
1592 413 1622 469 iu
1649 430 1717 470 casu
1744 413 1907 470 desertionis

211 496 430 565 matrimonium,
460 502 553 552 tamen
574 497 710 564 fatentur,
734 514 894 552 concessum
913 513 985 560 esse,
1015 501 1047 549 nt
1074 512 1208 566 personae
1224 497 1365 554 innocenti
1380 499 1509 555 concedit
1535 505 1701 570 potestatem
1721 499 1788 555 novi
1815 498 1906 555 matri·

211 587 327 652 propter
356 599 467 637 causam
505 582 696 637 fornicationis
732 581 775 636 vir
810 582 899 653 possit
933 598 1046 636 uxorem
1073 583 1167 650 monii,
1185 585 1213 637 si
1231 584 1355 654 infidelis
1373 585 1495 639 discedit
1515 585 1642 655 (iuquit),
1662 591 1690 641 et
1715 585 1772 641 hac
1801 585 1907 641 ratione

211 668 360 729 dimittere,
378 669 430 724 hoc
458 676 500 723 est
521 669 556 721 at
576 685 610 723 ea
629 669 788 735 discedere,
819 675 847 724 et
864 684 932 723 uxor
958 666 1107 738 possit=de
1125 669 1200 725 laeto
1219 669 1365 725 divortium
1384 671 1512 736 instituit,
1526 671 1664 741 decedat,
1682 670 1908 733 oidcdou'larm,

210 754 300 810 virum
326 754 478 820 dimittere,
512 754 565 808 hoc
589 761 631 809 est
656 753 693 808 ab
719 771 751 809 eo
777 753 927 809 discedere.
983 712 1126 825 Nisilnon
1143 764 1184 808 est
1199 757 1328 811 seruituti
1339 758 1477 826 sssbjectus
1494 758 1588 821 frater·
1609 765 1751 812 autsoror
1770 759 1908 828 inhujsss·

212 855 278 911 ergo
294 839 434 895 Christum
448 841 597 895 Dominum
614 847 642 894 et
660 838 815 910 apostolum
830 838 939 894 fidelem
957 838 1044 908 ipsius
1057 828 1060 908 l
1071 842 1157 906 modi,
1175 840 1228 896 hoe
1248 847 1292 896 est
1311 858 1429 912 persona
1445 842 1537 898 fidelis
1556 844 1666 899 dante
1680 860 1738 898 nou
1757 850 1802 899 est
1824 844 1909 898 servi·

211 941 320 980 servum
353 925 488 982 hostiliter
522 927 692 982 committere
724 925 854 993 velimus,
890 912 1134 981 necessario'liter
1153 927 1271 999 alligata
1288 928 1431 983 desertrici
1448 936 1497 984 aut
1515 929 1663 997 desertori,
1689 930 1740 985 sed
1757 929 1849 985 libera
1868 938 1909 985 est

212 1012 360 1068 dicendum
380 1020 438 1082 est,
468 1016 622 1084 apostolum
643 1013 795 1084 conloqui
823 1012 857 1066 de
877 1029 944 1066 casu
960 1010 1044 1065 forni-
1071 1028 1088 1065 a
1120 1012 1182 1084 lege
1209 1013 1301 1067 uxoris
1332 1014 1487 1069 desertricis
1521 1015 1566 1071 vel
1592 1016 1644 1070 viri
1677 1016 1842 1082 desertoris,
1878 1022 1909 1070 ut

211 1099 335 1168 sadonis,
352 1117 432 1171 quem
451 1099 579 1155 Christus
598 1099 707 1170 excipit,
728 1100 777 1155 sed
797 1099 832 1154 de
850 1099 911 1153 aliis
931 1096 1044 1168 quibus-
1057 1136 1059 1171 ,
1072 1098 1195 1170 legitime
1210 1099 1293 1171 jungi
1313 1100 1400 1170 possit
1419 1101 1497 1156 alteri
1517 1101 1636 1157 feminae
1655 1102 1700 1156 vel
1717 1101 1788 1156 viro.
1826 1099 1909 1155 Hanc

210 1184 252 1239 vis
279 1186 406 1256 casibus,
433 1186 582 1258 inquibus
609 1186 757 1240 disortium
785 1184 889 1238 licitum
916 1200 972 1238 non
995 1189 1045 1251 est,
1072 1185 1145 1241 euim
1173 1202 1233 1240 esse
1266 1186 1496 1257 significationem
1516 1187 1648 1259 phraseos
1674 1187 1708 1241 osi
1728 1186 1908 1255 δεδούλωται,

209 1271 326 1342 proinde
344 1271 385 1326 sic
405 1272 609 1327 concludimus:
637 1272 715 1337 Quae
733 1270 858 1340 exceptio
877 1286 910 1324 ac
918 1268 1046 1323 limitatio
1074 1270 1193 1343 intelligi
1211 1279 1305 1343 potest
1318 1288 1352 1326 ex
1372 1272 1520 1329 collatione
1538 1273 1661 1329 locorum
1679 1273 1762 1328 Rom.
1790 1280 1814 1341 t,
1831 1290 1858 1326 v.
1881 1279 1908 1328 t:

210 1356 447 1429 subintelligenda
464 1358 494 1412 in
511 1358 603 1414 verbis
633 1357 783 1427 praecipio
810 1375 867 1409 non
892 1357 1045 1422 eliscedcre,
1073 1360 1130 1410 Lcr
1148 1355 1275 1432 κυριεύει,
1294 1359 1465 1421 dominatur,
1488 1360 1517 1413 in
1528 1360 1647 1430 domine,
1660 1367 1766 1429 quanm
1784 1367 1908 1428 tempore

210 1442 309 1498 eadem
341 1443 523 1516 intelligenda
554 1444 583 1499 iu
610 1443 702 1498 verbis
740 1442 844 1512 quodsi
876 1441 1045 1509 discesserit,
1070 1444 1150 1510 uicit,
1175 1460 1200 1498 τ.
1222 1449 1246 1500 t.
1271 1459 1342 1514 quas
1369 1445 1443 1498 enim
1466 1446 1517 1498 sub
1539 1445 1600 1497 uiro
1620 1454 1661 1498 est
1677 1445 1789 1509 mulier,
1806 1444 1910 1497 sinenti

210 1538 320 1601 maneat
349 1531 473 1600 innupta
531 1531 586 1587 Sed
614 1531 642 1584 iu
672 1527 763 1584 verbis
800 1527 855 1582 illis
896 1527 1044 1596 praccipio
1070 1531 1132 1583 uiro
1155 1531 1264 1584 δέδεται
1288 1530 1409 1598 alligata
1446 1539 1486 1584 est
1513 1532 1583 1597 ispi.
1615 1531 1644 1583 si
1669 1538 1764 1584 autem
1781 1538 1908 1583 mortam

210 1634 324 1673 uxorem
352 1634 371 1670 a
397 1618 458 1671 siro
479 1635 535 1669 non
553 1617 711 1683 discedere,
740 1612 977 1685 subintelligenda
1003 1618 1046 1666 eat
1070 1616 1161 1678 fuerit
1177 1617 1223 1668 uir
1239 1618 1310 1685 ejus,
1331 1615 1505 1690 κατήργηται,
1523 1617 1644 1671 liberata
1658 1625 1708 1681 est,
1728 1635 1747 1670 a
1765 1617 1827 1685 lene
1846 1616 1907 1669 oiri.
1957 1638 1968 1659 ι

212 1703 348 1772 exceptio,
368 1720 451 1773 quam
472 1702 598 1757 Christus
616 1700 733 1767 addidit,
752 1699 882 1755 videlicet
906 1699 941 1753 de
959 1714 1045 1752 cansa
1071 1719 1095 1755 v.
1117 1706 1141 1756 3.
1160 1701 1293 1774 ἐλευθέρα
1311 1707 1399 1765 ἐστίν,
1419 1704 1513 1757 δίδοται
1529 1711 1582 1765 cst,
1599 1721 1616 1756 a
1635 1703 1698 1773 lege
1715 1703 1786 1767 oiri,
1803 1708 1836 1756 ut
1853 1719 1908 1755 non

211 1788 409 1845 fornicationis.
457 1788 532 1861 Ergo
551 1787 648 1843 eadem
666 1787 792 1857 exceptio
812 1793 840 1839 et
858 1784 985 1839 limitatio
1004 1783 1044 1837 iu·
1073 1788 1110 1841 sit
1129 1788 1269 1851 adultera,
1288 1789 1316 1841 si
1331 1790 1420 1850 suerit
1437 1807 1499 1843 cum
1515 1790 1576 1842 uiro
1596 1789 1665 1844 alio.
1705 1795 1725 1843 l.
1738 1787 1864 1845 Corinth.
1883 1795 1906 1856 l,

211 1874 363 1947 telligenda
384 1875 472 1931 estin
491 1873 595 1937 verbis,
615 1873 718 1943 quodd
732 1872 904 1935 discesserit,
935 1877 1046 1924 maneat
1072 1891 1097 1926 v.
1117 1878 1165 1929 39:
1191 1875 1300 1929 Mulier
1316 1876 1442 1945 δέδεται,
1469 1876 1592 1944 alligata
1611 1883 1664 1943 est,
1696 1874 1770 1945 leot,
1802 1883 1906 1943 omnio

212 1962 338 2030 innupta.
387 1961 502 2031 Maioris
527 1960 597 2015 ratio
623 1958 727 2030 pendet
744 1974 777 2014 ex
796 1961 935 2030 adrumeto
952 1960 1044 2010 textus
1072 1962 1439 2031 comperendinatim,
1465 1963 1569 2031 quodsi
1593 1961 1741 2016 dormierit
1764 1961 1810 2015 sris·
1836 1960 1907 2029 eius,

212 2047 366 2117 apostolici.
414 2047 505 2102 Minor
528 2048 717 2101 demonstrata
744 2050 787 2099 est
811 2061 845 2099 ex
870 2044 931 2114 ipsa
949 2041 1044 2097 Ponti·
1073 2049 1205 2119 tlcvttpo
1223 2048 1307 2117 lustr,
1327 2049 1418 2103 libera
1436 2057 1485 2110 est,
1504 2049 1551 2102 cui
1566 2048 1625 2101 suit
1643 2048 1737 2113 nubat
1750 2055 1859 2101 tantum
1878 2048 1908 2101 in

210 2132 336 2189 ficiorum
367 2131 527 2203 hypothesi,
559 2148 615 2202 qua
641 2130 678 2186 ob
696 2129 907 2186 fornicationem
929 2127 1046 2183 uxoria
1074 2136 1206 2191 Domino,
1243 2134 1285 2188 Ex
1305 2134 1348 2188 liin
1367 2134 1436 2189 looio
1453 2132 1635 2204 intelligitur,
1664 2130 1816 2188 (leontino
1833 2132 1907 2188 illoni

211 2219 271 2274 viro
297 2219 439 2274 discedere
463 2218 627 2288 permissum
645 2232 706 2272 esse
730 2216 869 2272 statuitur.
917 2213 1045 2269 Secundo
1072 2223 1115 2288 (nt
1143 2221 1183 2274 oio
1210 2220 1316 2291 loqnnnl
1345 2236 1480 2292 porsonoo
1500 2219 1633 2274 ‘detortae
1654 2217 1725 2273 nihil
1750 2217 1829 2274 alind
1847 2235 1907 2275 osto

211 2306 304 2380 ipsum
322 2305 435 2359 uerbum
445 2303 686 2359 reconciliationis
700 2302 827 2371 ostendit,
848 2302 972 2356 Paulum
988 2318 1046 2353 non
1072 2322 1156 2375 quoni
1183 2305 1351 2378 omioptota
1381 2303 1439 2360 ini
1465 2306 1515 2359 τοῦ
1543 2300 1632 2367 νόμου
1660 2307 1711 2359 τοῦ
1738 2304 1844 2377 ἀνδρὸς
1862 2308 1907 2359 καὶ

212 2393 292 2462 locui
316 2394 352 2446 dc
379 2409 467 2446 causa
496 2391 707 2456 fornicationis.
759 2388 877 2453 Quando
909 2387 983 2442 euim
1016 2385 1044 2439 in
1072 2393 1236 2465 trescentos
1248 2394 1420 2466 γαμηθῆναι,
1432 2391 1651 2447 liberationema
1664 2392 1726 2462 lege
1738 2390 1793 2446 viri
1809 2391 1908 2461 prioris

210 2477 355 2549 Scriptura
378 2477 449 2532 alter
469 2475 663 2531 dicituralteri
680 2474 861 2537 reconciliari,
880 2471 1046 2545 intelligitur
1072 2485 1101 2534 ot
1119 2478 1275 2535 liberiorem
1294 2477 1419 2534 nnbondi
1437 2478 1497 2532 viro
1514 2477 1601 2533 ottoni,
1648 2476 1733 2532 Rotio
1760 2477 1907 2533 decisioni.

210 2565 262 2620 hoe
279 2563 389 2637 proprie
407 2579 462 2617 non
480 2564 516 2616 de
531 2570 616 2631 parta
637 2562 796 2629 t'ttnocenle,
815 2559 864 2615 aed
883 2559 957 2631 quod
973 2574 1046 2627 pare
1071 2564 1239 2634 apostolieae
1250 2573 1301 2634 ent,
1319 2563 1394 2635 quod
1410 2578 1529 2634 persona
1546 2564 1656 2618 deserta
1666 2568 1763 2634 utpote
1774 2562 1907 2618 innocent

212 2652 358 2722 offendens
369 2648 561 2705 reconcilietur
578 2647 659 2702 alteri
669 2647 749 2702 Rom.
763 2653 787 2713 5,
804 2662 829 2699 v.
847 2652 887 2702 10.
907 2643 1006 2700 Mutth.
1021 2651 1045 2710 5,
1072 2669 1126 2706 non
1146 2652 1247 2707 debeat
1264 2650 1340 2706 luere
1358 2650 1468 2720 culpam
1488 2665 1622 2720 personae
1639 2648 1798 2704 desertricis
1810 2655 1907 2719 utpote

210 2755 237 2791 v.
256 2742 298 2793 tt.
318 2742 370 2792 etc.
410 2735 439 2788 Si
457 2751 523 2807 ergo
533 2734 638 2789 Paulus
659 2733 854 2788 discessionem
868 2731 990 2788 mulieris
1008 2731 1044 2786 oh
1070 2737 1210 2801 nocentis,
1241 2752 1314 2809 quae
1329 2740 1444 2808 propter
1459 2735 1541 2791 iidem
1559 2734 1744 2790 Christianam
1768 2742 1856 2808 atquc
1873 2752 1905 2790 ex

210 2823 262 2879 viri
285 2822 494 2877 fornicationem
516 2820 619 2875 factam
648 2818 827 2891 intelligeret,
857 2834 912 2873 2011
936 2817 1043 2873 mulieri
1071 2823 1135 2877 odio
1155 2823 1297 2895 religionis
1317 2822 1462 2877 discedens
1475 2821 1637 2892 gravissime
1655 2825 1755 2890 peccat
1772 2820 1905 2876 inDenm

210 2917 242 2966 ut
258 2907 332 2981 parti
349 2907 503 2975 innocenti,
533 2906 582 2961 sed
600 2906 661 2960 viro
681 2912 712 2960 ut
729 2905 803 2976 parti
824 2904 976 2959 offendenti
1002 2921 1042 2959 re·
1070 2908 1237 2963 matrimonii
1267 2914 1406 2963 auctorem
1433 2912 1461 2963 et
1491 2907 1520 2961 in
1539 2906 1630 2975 ipsum
1657 2907 1705 2975 jus
1728 2906 1905 2973 matrimonii,

210 2994 432 3050 conciliationem
453 2993 617 3064 injungeret.
656 2991 728 3057 Quia
748 3008 812 3046 vero
831 2991 915 3060 dicit,
945 2990 1044 3045 mulier
1069 2995 1149 3064 cujus
1170 2994 1312 3049 vinculum
1337 3010 1386 3064 per
1412 2993 1601 3048 diversitatem
1624 2991 1766 3063 religionis
1794 2992 1906 3047 minime

210 3081 370 3136 reconciliet
390 3096 420 3134 se
437 3079 505 3146 viro,
523 3077 733 3149 ergoiutelligit
749 3076 953 3138 discessionem,
971 3093 1042 3148 quae
1070 3081 1236 3136 dissolvitur.
1287 3080 1419 3152 Sequitur
1439 3079 1524 3150 igitur
1544 3078 1698 3146 conclusio,
1729 3078 1808 3148 quod
1824 3080 1906 3150 juxta

210 3172 323 3239 propter
339 3165 409 3221 alias
426 3181 524 3219 causas
541 3163 573 3218 fit
591 3179 673 3234 quam
686 3162 721 3217 ob
734 3179 828 3217 casum
845 3161 1042 3217 fornicationis.
1069 3166 1224 3221 doctrinam
1248 3166 1365 3236 apostoli
1392 3166 1420 3219 in
1447 3182 1515 3220 casu
1539 3165 1669 3220 adulterii
1687 3170 1814 3234 potestas
1841 3166 1903 3222 novi

209 3252 305 3307 Tertio
323 3253 383 3320 ipae
404 3250 513 3305 Paulus
530 3267 556 3306 v.
580 3256 618 3305 15.
643 3249 770 3303 coneedit
794 3249 877 3309 fideii
887 3248 972 3321 parti
996 3250 1042 3301 de·
1070 3252 1236 3307 matrimonii
1255 3252 1327 3323 porti
1345 3251 1485 3307 innocenti
1504 3258 1651 3322 competat.

210 3345 304 3393 sertae
328 3345 495 3405 potestatem
524 3337 566 3389 ad
601 3336 678 3390 alias
716 3336 832 3403 nesptias
869 3336 1043 3389 transeundi.
1105 3345 1164 3394 571.
1199 3338 1272 3404 Quid
1291 3338 1327 3393 ad
1345 3337 1414 3392 haec
1430 3336 1638 3392 Bellaminusr
1683 3338 1716 3391 In
1734 3354 1840 3409 genere
1860 3356 1904 3394 ex·
1917 3341 1981 3385 ΕΜ

211 3423 275 3480 Non
292 3424 365 3478 euim
383 3422 459 3485 dicit,
479 3422 503 3475 si
520 3421 639 3476 infidelis
659 3421 792 3490 discedat,
819 3420 909 3476 fidelis
926 3437 1044 3490 persona
1069 3425 1144 3495 cipit,
1163 3425 1286 3478 Paulum
1302 3441 1358 3476 non
1371 3440 1456 3492 posse
1471 3424 1574 3494 erponi
1595 3424 1652 3477 nisi
1674 3425 1711 3477 de
1732 3424 1905 3480 discessione
1916 3391 1981 3483 iiii

210 3516 322 3566 maneat
337 3509 471 3579 innupta,
498 3508 546 3562 sed
574 3506 689 3561 liberam
708 3523 768 3562 eam
790 3522 850 3561 ease
874 3507 1044 3578 pronuntiat.
1072 3513 1106 3565 ab
1118 3514 1227 3581 justam
1242 3527 1365 3578 causam,
1385 3510 1434 3564 sed
1452 3510 1505 3564 hae
1517 3509 1553 3563 de
1564 3526 1594 3565 re
1606 3508 1721 3565 inferius
1734 3509 1763 3564 iu
1778 3511 1905 3566 examine
1916 3495 1981 3588 {⁰0¹2}

211 3598 287 3670 Ergo
304 3596 365 3667 ipse
383 3594 518 3658 ostendit,
536 3593 655 3664 priorem
673 3593 749 3647 illam
767 3594 949 3658 sententiam,
974 3612 1045 3648 uuor
1071 3603 1297 3670 argumentorum
1338 3594 1545 3649 Pontificiornm
1581 3601 1689 3666 agetur.
1736 3595 1843 3652 Postea
1876 3597 1905 3651 in

84 3692 196 3736 xutttt
211 3704 231 3740 a
260 3685 323 3738 uiro
354 3700 410 3737 nan
440 3683 582 3748 dr'sccdot,
612 3699 646 3734 ac
673 3682 701 3734 si
725 3681 896 3744 discesserit,
926 3681 1045 3749 innupta
1071 3685 1163 3755 specie
1193 3681 1345 3738 Chemnicii
1380 3681 1500 3735 rationes
1517 3681 1663 3736 examinat.
1711 3679 1758 3734 Ad
1787 3683 1906 3751 primam

210 3779 330 3835 maneat,
344 3769 489 3824 admittere
498 3767 682 3823 necessariam
694 3766 833 3838 quandam
847 3766 1044 3838 exceptionem,
1071 3770 1188 3840 regerit:
1222 3770 1259 3822 In
1282 3767 1373 3822 uerbis
1395 3767 1521 3836 apostoli
1550 3783 1607 3820 crae
1632 3766 1752 3836 eclipsin
1770 3768 1831 3837 ipsi
1846 3771 1905 3832 fre·

211 3874 244 3912 cx
273 3873 328 3927 quo
359 3855 541 3910 fundamento
571 3870 673 3907 novum
698 3852 778 3907 nobis
809 3853 932 3907 nascitur
962 3870 1044 3925 argu·
1070 3855 1298 3925 qraentissimam5
1353 3852 1503 3923 pracmpio
1531 3870 1588 3906 non
1614 3852 1774 3922 discedere,
1798 3855 1907 3909 seiir'cst

210 3951 347 4010 mentum,
377 3942 452 4012 qnod
477 3942 560 4012 paulo
583 3948 647 4010 post
679 3939 887 4010 subjungemus.
939 3940 1043 4004 Quarto
1069 3943 1129 3995 sine
1143 3941 1225 4011 justa
1242 3957 1338 4001 causa,
1358 3938 1461 4007 quami
1481 3938 1649 4003 discesserit,
1668 3938 1800 3993 videlicet
1818 3956 1906 3994 casua

213 4027 322 4085 Graeci
339 4029 511 4098 interpretes,
533 4028 753 4096 Chrpaostomas,
774 4026 999 4094 Theoplrylaetus
1017 4033 1043 4078 et
1054 4052 1057 4121 Ι
1069 4029 1189 4090 invento,
1208 4033 1259 4079 aut
1275 4024 1474 4078 reconcilietur
1491 4030 1541 4076 aut
1557 4031 1669 4077 moneat
1686 4025 1817 4094 innupta.
1852 4025 1905 4081 Re-

211 4115 393 4171 Oecumsnias
413 4123 496 4182 atque
514 4130 546 4167 en
560 4113 671 4166 Latinis
684 4112 843 4164 Ambrosius
856 4111 1043 4180 acceptionem
1054 4128 1057 4187 l
1069 4112 1248 4184 spondemus:
1263 4110 1385 4183 loquitur
1397 4109 1539 4180 apostolus
1556 4109 1592 4164 de
1610 4109 1739 4177 dissidiis,
1751 4127 1825 4182 quae
1834 4113 1906 4167 inter

211 4218 313 4257 causac
326 4200 536 4271 fornicationis
562 4199 592 4251 in
618 4199 805 4267 explicatione
824 4196 966 4250 Paulinae
982 4214 1042 4250 sen·
1070 4202 1203 4272 conjuges
1223 4215 1255 4253 ex
1277 4197 1367 4252 causis
1379 4195 1500 4267 politicis
1513 4195 1557 4249 vel
1570 4195 1752 4251 oeconomicis
1770 4197 1905 4267 eduntur,

210 4289 314 4342 tentiae
337 4288 456 4341 addant.
505 4285 613 4348 Quibus
636 4283 754 4355 adjungi
776 4290 868 4354 potest
891 4282 1043 4338 Primasius
1069 4293 1184 4356 propter
1210 4300 1282 4355 quus
1309 4288 1410 4354 negat,
1441 4282 1517 4350 ipsos
1536 4298 1553 4335 a
1571 4298 1601 4336 se
1619 4281 1736 4337 invicem
1761 4283 1905 4338 discedere

209 4374 238 4429 in
259 4377 403 4428 comment
432 4379 453 4426 l·
474 4369 595 4426 Corinth·
628 4376 653 4425 'l-
685 4369 725 4423 ⁸10
752 4368 889 4423 scribens:
923 4367 1042 4430 Quando
1069 4371 1178 4439 debere,
1197 4370 1234 4426 ab
1253 4369 1315 4423 aliis
1333 4374 1425 4423 autem
1444 4384 1539 4422 casum
1557 4366 1905 4439 fornicatiouisexeeptum

208 4460 355 4530 apostolas
374 4457 458 4525 dicit,
488 4457 532 4510 tis
550 4457 599 4525 qui
616 4456 645 4507 in
666 4455 843 4508 matrimonio
862 4461 940 4518 nint,
953 4471 1041 4523 prae·
1068 4473 1137 4523 esse,
1158 4474 1190 4512 ex
1209 4455 1282 4510 dicto
1298 4453 1401 4510 Christi
1421 4459 1449 4508 et
1466 4470 1499 4509 ex
1516 4453 1704 4508 fundamentis
1730 4454 1816 4524 paulo
1839 4462 1904 4510 aute

206 4545 351 4619 asplenon
366 4561 431 4613 coo,
464 4544 515 4596 sed
532 4541 686 4604 Dominus,
716 4540 841 4609 loquitur
865 4543 984 4610 proprie
1002 4543 1044 4595 ud
1068 4541 1197 4598 adductis
1216 4539 1362 4611 manifeste
1379 4545 1496 4595 constat
1532 4538 1761 4595 hosmundum:
1786 4539 1904 4594 Verbum

207 4634 383 4702 conjugatos,
400 4645 435 4682 ne
455 4630 624 4682 dimitterent
643 4645 745 4681 umores
758 4635 785 4680 et
803 4628 880 4682 alias
899 4629 1041 4696 ducerent,
1066 4626 1250 4683 reconciliari
1269 4642 1327 4680 ease
1355 4641 1505 4689 commune,
1537 4632 1562 4678 et
1593 4625 1621 4678 ei
1650 4624 1702 4694 qui
1720 4624 1815 4693 laesit,
1833 4634 1859 4679 et
1876 4627 1906 4679 ei

207 4727 257 4774 aut
270 4717 424 4787 pulchras,
457 4723 508 4769 aut
526 4715 641 4782 divites,
675 4714 746 4766 sicut
762 4714 874 4766 ,ludaei
883 4714 1040 4779 faciehant,
1068 4715 1117 4784 qui
1141 4714 1235 4767 lacem
1260 4719 1315 4776 est,
1341 4728 1407 4763 nant
1428 4711 1580 4763 secundum
1601 4709 1778 4778 Scripturam
1807 4719 1834 4765 ct
1852 4728 1905 4765 nor

206 4810 236 4858 et
255 4804 292 4857 ad
309 4803 395 4860 verba
410 4818 525 4856 uxorem
545 4818 564 4853 a
587 4799 650 4854 siro
673 4818 729 4853 non
747 4800 892 4852 discedere
919 4807 1041 4868 annotat,
1067 4799 1284 4854 reconciliamur
1314 4799 1377 4850 Deo
1408 4804 1434 4849 st
1466 4797 1547 4849 Deus
1576 4796 1780 4849 reconciliatur
1815 4798 1905 4857 nodab,
1919 4797 1981 4843 tvai

126 4946 133 4951 ,
206 4889 234 4942 si
250 4889 314 4958 onis
332 4888 597 4942 dimiscritucorem
608 4893 820 4954 acceptacaura
831 4886 1040 4955 fornicationis,
1068 4891 1092 4940 2.
1126 4884 1215 4940 Mace.
1240 4890 1262 4940 1.
1291 4887 1320 4937 et
1337 4888 1360 4937 i.
1396 4880 1566 4952 Responsio:
1595 4897 1651 4935 uon
1681 4880 1727 4934 hic
1759 4881 1906 4953 quaeritur

199 4975 360 5044 faciteam
377 4974 526 5028 moechari.
577 4978 601 5028 3.
621 4971 762 5026 Posterius
780 4976 974 5041 argumentum
993 4990 1040 5026 no·
1068 4971 1103 5025 de
1120 4968 1352 5025 reconciliationis
1368 4975 1441 5034 ααεα,
1460 4966 1547 5038 quiet
1565 4964 1717 5021 offendenti
1733 4973 1762 5021 et
1779 4965 1906 5024 offensae

207 5066 296 5116 strum
323 5074 356 5112 ex
374 5058 426 5113 hoe
450 5059 511 5113 loco
534 5057 686 5128 apostolico
709 5056 859 5110 deductum
882 5056 921 5110 sic
939 5057 1038 5112 habet:
1067 5056 1141 5128 parti
1158 5055 1373 5121 communisset,
1393 5053 1442 5107 sed
1460 5053 1495 5107 de
1506 5050 1738 5106 reconciliationis
1749 5054 1905 5125 principio,

207 5146 237 5203 si
255 5158 392 5216 personae
410 5143 549 5199 innocenti
569 5142 702 5214 competit
720 5148 843 5212 potestas
861 5142 926 5196 novi
947 5145 1039 5197 mutri-
1067 5157 1221 5213 aquenum
1239 5139 1341 5194 debeat
1357 5138 1467 5193 initium
1489 5138 1720 5194 reconciliationis
1743 5136 1821 5204 fieri,
1853 5139 1904 5203 uhi

207 5233 292 5288 monii
324 5231 353 5284 in
382 5245 448 5283 casu
479 5229 657 5298 desertionis,
691 5227 778 5302 multo
807 5228 896 5296 magis
924 5228 952 5282 in
972 5245 1038 5283 casu
1068 5226 1193 5283 Christus
1223 5227 1305 5282 docet
1334 5223 1436 5281 Matth.
1466 5232 1494 5293 5,
1523 5240 1549 5276 v.
1577 5230 1619 5279 24.
1647 5223 1721 5295 quod
1744 5224 1780 5278 ab
1804 5226 1906 5282 eodem

206 5317 336 5375 adulterii
357 5315 454 5371 eadem
475 5316 614 5370 innocenti
632 5331 766 5386 personae
779 5318 925 5384 competet
956 5313 1039 5369 Ratio
1066 5314 1166 5368 iterum
1191 5312 1252 5367 fieri
1271 5311 1372 5368 debeat
1398 5310 1508 5366 initium
1527 5309 1773 5378 reconciliationis,
1803 5327 1821 5366 a
1848 5330 1907 5383 quo

133 5452 136 5461 .
206 5401 383 5460 connexionis
402 5407 453 5469 est,
473 5401 537 5472 quia
550 5399 716 5454 adulterium
729 5399 797 5469 ipsis
809 5398 1040 5454 substantialibus
1068 5399 1204 5470 processit
1222 5396 1353 5461 offensio,
1382 5412 1455 5468 quae
1473 5412 1528 5450 nou
1548 5403 1590 5450 est
1607 5396 1709 5466 injuste
1736 5395 1822 5466 laesi,
1854 5398 1907 5454 sed

205 5488 373 5545 matrimonii
413 5491 442 5542 et
478 5485 577 5568 unitati
607 5483 748 5555 conjugali
784 5483 874 5555 magis
900 5492 1040 5557 repugnat
1066 5485 1168 5555 injuste
1181 5482 1325 5539 laedentis.
1365 5481 1436 5537 Cum
1454 5497 1521 5552 ergo
1538 5480 1646 5536 mulieri
1663 5481 1805 5551 apostolus
1824 5498 1908 5553 prae·
