<?xml version="1.0" encoding="UTF-8"?>
<!DOCTYPE html PUBLIC "-//W3C//DTD XHTML 1.0 Transitional//EN"
    "http://www.w3.org/TR/xhtml1/DTD/xhtml1-transitional.dtd">
<html xmlns="http://www.w3.org/1999/xhtml" xml:lang="en" lang="en">
 <head>
  <title>
</title>
<meta http-equiv="Content-Type" content="text/html;charset=utf-8" />
  <meta name='ocr-system' content='tesseract 3.04.00' />
  <meta name='ocr-capabilities' content='ocr_page ocr_carea ocr_par ocr_line ocrx_word'/>
</head>
<body>
  <div class='ocr_page' id='page_1' title='image "./locitheologicit01gerhgoog/locitheologicit01gerhgoog_0319.png"; bbox 0 0 4020 6022; ppageno 0'>
   <div class='ocr_carea' id='block_1_1' title="bbox 782 308 1749 379">
    <p class='ocr_par' dir='ltr' id='par_1_1' title="bbox 782 308 1749 379">
     <span class='ocr_line' id='line_1_1' title="bbox 782 308 1749 379; baseline 0.009 -11"><span class='ocrx_word' id='word_1_1' title='bbox 782 310 836 368; x_wconf 78' lang='lat' dir='ltr'><strong>DE</strong></span> <span class='ocrx_word' id='word_1_2' title='bbox 855 308 1056 371; x_wconf 71' lang='lat' dir='ltr'><strong>coaevem.</strong></span> <span class='ocrx_word' id='word_1_3' title='bbox 1689 318 1749 379; x_wconf 80' lang='lat'><strong>³09</strong></span> 
     </span>
    </p>
   </div>
   <div class='ocr_carea' id='block_1_2' title="bbox 10 467 1868 5643">
    <p class='ocr_par' dir='ltr' id='par_1_2' title="bbox 10 467 1868 5643">
     <span class='ocr_line' id='line_1_2' title="bbox 50 467 1753 542; baseline 0.004 -21"><span class='ocrx_word' id='word_1_4' title='bbox 50 468 119 522; x_wconf 91' lang='lat' dir='ltr'><strong>Dsc</strong></span> <span class='ocrx_word' id='word_1_5' title='bbox 133 468 230 538; x_wconf 80' lang='lat' dir='ltr'><strong>placet</strong></span> <span class='ocrx_word' id='word_1_6' title='bbox 248 467 406 539; x_wconf 78' lang='lat' dir='ltr'><strong>es&#39;rpinitas,</strong></span> <span class='ocrx_word' id='word_1_7' title='bbox 419 485 504 537; x_wconf 81' lang='lat' dir='ltr'><strong>quam</strong></span> <span class='ocrx_word' id='word_1_8' title='bbox 514 476 636 539; x_wconf 86' lang='lat' dir='ltr'><strong>tempore</strong></span> <span class='ocrx_word' id='word_1_9' title='bbox 646 474 762 539; x_wconf 86' lang='lat' dir='ltr'><strong>patrum</strong></span> <span class='ocrx_word' id='word_1_10' title='bbox 770 467 889 537; x_wconf 77' lang='lat' dir='ltr'><strong>placuit,</strong></span> <span class='ocrx_word' id='word_1_11' title='bbox 915 467 1046 538; x_wconf 78' lang='lat' dir='ltr'><strong>jungitur</strong></span> <span class='ocrx_word' id='word_1_12' title='bbox 1061 467 1141 537; x_wconf 83' lang='lat' dir='ltr'><strong>ratio,</strong></span> <span class='ocrx_word' id='word_1_13' title='bbox 1158 467 1226 536; x_wconf 85' lang='lat' dir='ltr'><strong>quia</strong></span> <span class='ocrx_word' id='word_1_14' title='bbox 1240 468 1309 521; x_wconf 72' lang='lat' dir='ltr'><strong>laese</strong></span> <span class='ocrx_word' id='word_1_15' title='bbox 1326 467 1397 523; x_wconf 85' lang='lat' dir='ltr'><strong>dicit</strong></span> <span class='ocrx_word' id='word_1_16' title='bbox 1415 469 1556 525; x_wconf 85' lang='lat' dir='ltr'><strong>Dominus</strong></span> <span class='ocrx_word' id='word_1_17' title='bbox 1574 486 1660 542; x_wconf 79' lang='lat' dir='ltr'><strong>asper</strong></span> <span class='ocrx_word' id='word_1_18' title='bbox 1676 474 1753 537; x_wconf 73' lang='lat' dir='ltr'><strong>filiae</strong></span> 
     </span>
     <span class='ocr_line' id='line_1_3' title="bbox 50 552 1753 627; baseline 0.004 -20"><span class='ocrx_word' id='word_1_19' title='bbox 50 554 112 607; x_wconf 90' lang='lat' dir='ltr'><strong>nisi</strong></span> <span class='ocrx_word' id='word_1_20' title='bbox 127 554 189 624; x_wconf 85' lang='lat' dir='ltr'><strong>ipse</strong></span> <span class='ocrx_word' id='word_1_21' title='bbox 205 572 257 608; x_wconf 81' lang='lat' dir='ltr'><strong>esea</strong></span> <span class='ocrx_word' id='word_1_22' title='bbox 285 554 397 625; x_wconf 83' lang='lat' dir='ltr'><strong>Spiritu</strong></span> <span class='ocrx_word' id='word_1_23' title='bbox 419 562 446 608; x_wconf 92' lang='lat' dir='ltr'><strong>et</strong></span> <span class='ocrx_word' id='word_1_24' title='bbox 464 556 608 610; x_wconf 81' lang='lat' dir='ltr'><strong>uacatione</strong></span> <span class='ocrx_word' id='word_1_25' title='bbox 630 554 785 625; x_wconf 76' lang='lat' dir='ltr'><strong><em>peculiari,</em></strong></span> <span class='ocrx_word' id='word_1_26' title='bbox 808 560 839 606; x_wconf 87' lang='lat' dir='ltr'><strong>ut</strong></span> <span class='ocrx_word' id='word_1_27' title='bbox 860 553 890 605; x_wconf 84' lang='lat' dir='ltr'><strong>in</strong></span> <span class='ocrx_word' id='word_1_28' title='bbox 917 561 943 606; x_wconf 90' lang='lat' dir='ltr'><strong>et</strong></span> <span class='ocrx_word' id='word_1_29' title='bbox 956 552 1049 621; x_wconf 80' lang='lat' dir='ltr'><strong>filiae,</strong></span> <span class='ocrx_word' id='word_1_30' title='bbox 1068 554 1120 625; x_wconf 81' lang='lat' dir='ltr'><strong>qui</strong></span> <span class='ocrx_word' id='word_1_31' title='bbox 1129 562 1300 623; x_wconf 71' lang='lat' dir='ltr'><strong>ponerentur</strong></span> <span class='ocrx_word' id='word_1_32' title='bbox 1314 555 1345 608; x_wconf 89' lang='lat' dir='ltr'><strong>in</strong></span> <span class='ocrx_word' id='word_1_33' title='bbox 1358 555 1496 626; x_wconf 63' lang='lat' dir='ltr'><strong>locante,</strong></span> <span class='ocrx_word' id='word_1_34' title='bbox 1515 564 1541 611; x_wconf 87' lang='lat' dir='ltr'><strong>et</strong></span> <span class='ocrx_word' id='word_1_35' title='bbox 1554 574 1639 627; x_wconf 71' lang='lat' dir='ltr'><strong>asper</strong></span> <span class='ocrx_word' id='word_1_36' title='bbox 1650 566 1753 613; x_wconf 76' lang='lat' dir='ltr'><strong>malm</strong></span> 
     </span>
     <span class='ocr_line' id='line_1_4' title="bbox 51 640 1753 716; baseline 0.003 -22"><span class='ocrx_word' id='word_1_37' title='bbox 51 640 184 694; x_wconf 87' lang='lat' dir='ltr'><strong>Jersmia</strong></span> <span class='ocrx_word' id='word_1_38' title='bbox 208 649 234 693; x_wconf 88' lang='lat' dir='ltr'><strong>et</strong></span> <span class='ocrx_word' id='word_1_39' title='bbox 263 640 373 711; x_wconf 81' lang='lat' dir='ltr'><strong>aliqrsot</strong></span> <span class='ocrx_word' id='word_1_40' title='bbox 403 641 472 695; x_wconf 86' lang='lat' dir='ltr'><strong>aliis</strong></span> <span class='ocrx_word' id='word_1_41' title='bbox 496 643 588 710; x_wconf 86' lang='lat' dir='ltr'><strong>feeit,</strong></span> <span class='ocrx_word' id='word_1_42' title='bbox 618 642 722 695; x_wconf 85' lang='lat' dir='ltr'><strong>donam</strong></span> <span class='ocrx_word' id='word_1_43' title='bbox 754 641 805 693; x_wconf 84' lang='lat' dir='ltr'><strong>loc</strong></span> <span class='ocrx_word' id='word_1_44' title='bbox 834 646 891 692; x_wconf 84' lang='lat' dir='ltr'><strong>tam</strong></span> <span class='ocrx_word' id='word_1_45' title='bbox 918 656 1020 709; x_wconf 77' lang='lat' dir='ltr'><strong>samm,</strong></span> <span class='ocrx_word' id='word_1_46' title='bbox 1038 656 1111 711; x_wconf 70' lang='lat' dir='ltr'><strong>psas</strong></span> <span class='ocrx_word' id='word_1_47' title='bbox 1128 650 1284 711; x_wconf 74' lang='lat' dir='ltr'><strong>penserunt</strong></span> <span class='ocrx_word' id='word_1_48' title='bbox 1301 658 1361 706; x_wconf 83' lang='lat' dir='ltr'><strong>eos,</strong></span> <span class='ocrx_word' id='word_1_49' title='bbox 1380 649 1405 696; x_wconf 89' lang='lat' dir='ltr'><strong>et</strong></span> <span class='ocrx_word' id='word_1_50' title='bbox 1424 658 1510 711; x_wconf 85' lang='lat' dir='ltr'><strong>saper</strong></span> <span class='ocrx_word' id='word_1_51' title='bbox 1530 651 1629 712; x_wconf 86' lang='lat' dir='ltr'><strong>patres</strong></span> <span class='ocrx_word' id='word_1_52' title='bbox 1649 661 1753 716; x_wconf 75' lang='lat' dir='ltr'><strong>comm,</strong></span> 
     </span>
     <span class='ocr_line' id='line_1_5' title="bbox 52 727 1751 797; baseline 0.003 -17"><span class='ocrx_word' id='word_1_53' title='bbox 52 743 155 781; x_wconf 77' lang='lat' dir='ltr'><strong>ramim</strong></span> <span class='ocrx_word' id='word_1_54' title='bbox 173 734 199 781; x_wconf 90' lang='lat' dir='ltr'><strong>st</strong></span> <span class='ocrx_word' id='word_1_55' title='bbox 217 728 372 797; x_wconf 85' lang='lat' dir='ltr'><strong>pretiosum</strong></span> <span class='ocrx_word' id='word_1_56' title='bbox 394 729 506 797; x_wconf 73' lang='lat' dir='ltr'><strong>esaim,</strong></span> <span class='ocrx_word' id='word_1_57' title='bbox 531 728 596 796; x_wconf 81' lang='lat' dir='ltr'><strong>nisi,</strong></span> <span class='ocrx_word' id='word_1_58' title='bbox 620 728 743 797; x_wconf 81' lang='lat' dir='ltr'><strong>inquam,</strong></span> <span class='ocrx_word' id='word_1_59' title='bbox 768 727 830 795; x_wconf 86' lang='lat' dir='ltr'><strong>ipae</strong></span> <span class='ocrx_word' id='word_1_60' title='bbox 851 727 892 778; x_wconf 88' lang='lat' dir='ltr'><strong>ad</strong></span> <span class='ocrx_word' id='word_1_61' title='bbox 919 727 955 780; x_wconf 85' lang='lat' dir='ltr'><strong>de</strong></span> <span class='ocrx_word' id='word_1_62' title='bbox 982 744 1099 795; x_wconf 76' lang='lat' dir='ltr'><strong>priorum</strong></span> <span class='ocrx_word' id='word_1_63' title='bbox 1124 730 1213 797; x_wconf 86' lang='lat' dir='ltr'><strong>stirpe</strong></span> <span class='ocrx_word' id='word_1_64' title='bbox 1241 736 1305 782; x_wconf 86' lang='lat' dir='ltr'><strong>sunt</strong></span> <span class='ocrx_word' id='word_1_65' title='bbox 1328 729 1392 782; x_wconf 85' lang='lat' dir='ltr'><strong>nati</strong></span> <span class='ocrx_word' id='word_1_66' title='bbox 1416 728 1447 782; x_wconf 91' lang='lat' dir='ltr'><strong>in</strong></span> <span class='ocrx_word' id='word_1_67' title='bbox 1475 736 1553 783; x_wconf 86' lang='lat' dir='ltr'><strong>terra</strong></span> <span class='ocrx_word' id='word_1_68' title='bbox 1578 730 1640 784; x_wconf 80' lang='lat' dir='ltr'><strong>lac.</strong></span> <span class='ocrx_word' id='word_1_69' title='bbox 1664 749 1691 788; x_wconf 84' lang='lat' dir='ltr'><strong>v.</strong></span> <span class='ocrx_word' id='word_1_70' title='bbox 1726 739 1751 788; x_wconf 82' lang='lat' dir='ltr'><strong>l.</strong></span> 
     </span>
     <span class='ocr_line' id='line_1_6' title="bbox 54 812 1753 887; baseline 0.002 -19"><span class='ocrx_word' id='word_1_71' title='bbox 54 814 247 883; x_wconf 63' lang='lat' dir='ltr'><strong>uirginitatem</strong></span> <span class='ocrx_word' id='word_1_72' title='bbox 264 822 350 868; x_wconf 84' lang='lat' dir='ltr'><strong>aocet</strong></span> <span class='ocrx_word' id='word_1_73' title='bbox 395 821 418 869; x_wconf 81' lang='lat' dir='ltr'><strong>t.</strong></span> <span class='ocrx_word' id='word_1_74' title='bbox 436 814 511 869; x_wconf 87' lang='lat' dir='ltr'><strong>Dum</strong></span> <span class='ocrx_word' id='word_1_75' title='bbox 535 814 656 870; x_wconf 89' lang='lat' dir='ltr'><strong>coelibes</strong></span> <span class='ocrx_word' id='word_1_76' title='bbox 672 819 774 868; x_wconf 90' lang='lat' dir='ltr'><strong>vocant</strong></span> <span class='ocrx_word' id='word_1_77' title='bbox 791 812 891 867; x_wconf 89' lang='lat' dir='ltr'><strong>sancti-</strong></span> <span class='ocrx_word' id='word_1_78' title='bbox 920 813 1064 867; x_wconf 82' lang='lat' dir='ltr'><strong>Mortibus</strong></span> <span class='ocrx_word' id='word_1_79' title='bbox 1081 815 1305 883; x_wconf 81' lang='lat' dir='ltr'><strong>aeprotationnm</strong></span> <span class='ocrx_word' id='word_1_80' title='bbox 1322 814 1491 880; x_wconf 82' lang='lat' dir='ltr'><strong>morientur,</strong></span> <span class='ocrx_word' id='word_1_81' title='bbox 1509 832 1566 870; x_wconf 87' lang='lat' dir='ltr'><strong>aen</strong></span> <span class='ocrx_word' id='word_1_82' title='bbox 1579 817 1753 887; x_wconf 79' lang='lat' dir='ltr'><strong>plcnpentar</strong></span> 
     </span>
     <span class='ocr_line' id='line_1_7' title="bbox 54 900 1753 975; baseline 0.001 -20"><span class='ocrx_word' id='word_1_83' title='bbox 54 900 203 965; x_wconf 74' lang='lat' dir='ltr'>moniales,</span> <span class='ocrx_word' id='word_1_84' title='bbox 232 901 391 973; x_wconf 78' lang='lat' dir='ltr'><strong>religiosos,</strong></span> <span class='ocrx_word' id='word_1_85' title='bbox 416 901 591 973; x_wconf 73' lang='lat' dir='ltr'><strong>spirituales,</strong></span> <span class='ocrx_word' id='word_1_86' title='bbox 615 900 776 971; x_wconf 80' lang='lat' dir='ltr'><strong>conjuginm</strong></span> <span class='ocrx_word' id='word_1_87' title='bbox 796 902 892 953; x_wconf 90' lang='lat' dir='ltr'><strong>contra</strong></span> <span class='ocrx_word' id='word_1_88' title='bbox 920 907 946 953; x_wconf 90' lang='lat' dir='ltr'><strong>et</strong></span> <span class='ocrx_word' id='word_1_89' title='bbox 969 917 1025 954; x_wconf 85' lang='lat' dir='ltr'><strong>naa</strong></span> <span class='ocrx_word' id='word_1_90' title='bbox 1047 902 1231 971; x_wconf 83' lang='lat' dir='ltr'><strong>sepelientur,</strong></span> <span class='ocrx_word' id='word_1_91' title='bbox 1261 903 1291 954; x_wconf 90' lang='lat' dir='ltr'><strong>in</strong></span> <span class='ocrx_word' id='word_1_92' title='bbox 1315 902 1523 971; x_wconf 78' lang='lat' dir='ltr'><strong>sterquilinium</strong></span> <span class='ocrx_word' id='word_1_93' title='bbox 1546 920 1632 975; x_wconf 73' lang='lat' dir='ltr'><strong>asper</strong></span> <span class='ocrx_word' id='word_1_94' title='bbox 1646 904 1753 969; x_wconf 84' lang='lat' dir='ltr'><strong>sociem</strong></span> 
     </span>
     <span class='ocr_line' id='line_1_8' title="bbox 55 986 1751 1057; baseline 0.002 -16"><span class='ocrx_word' id='word_1_95' title='bbox 55 992 159 1041; x_wconf 86' lang='lat' dir='ltr'><strong>vocant</strong></span> <span class='ocrx_word' id='word_1_96' title='bbox 175 992 279 1042; x_wconf 89' lang='lat' dir='ltr'><strong>statum</strong></span> <span class='ocrx_word' id='word_1_97' title='bbox 297 986 444 1043; x_wconf 89' lang='lat' dir='ltr'><strong>carnalem.</strong></span> <span class='ocrx_word' id='word_1_98' title='bbox 919 994 1013 1041; x_wconf 88' lang='lat' dir='ltr'><strong>terrae</strong></span> <span class='ocrx_word' id='word_1_99' title='bbox 1031 995 1112 1042; x_wconf 77' lang='lat' dir='ltr'><strong>emant</strong></span> <span class='ocrx_word' id='word_1_100' title='bbox 1130 995 1157 1041; x_wconf 91' lang='lat' dir='ltr'><strong>et</strong></span> <span class='ocrx_word' id='word_1_101' title='bbox 1173 987 1272 1056; x_wconf 79' lang='lat' dir='ltr'><strong>plodio</strong></span> <span class='ocrx_word' id='word_1_102' title='bbox 1291 994 1317 1041; x_wconf 91' lang='lat' dir='ltr'><strong>et</strong></span> <span class='ocrx_word' id='word_1_103' title='bbox 1327 989 1412 1056; x_wconf 87' lang='lat' dir='ltr'><strong>fame</strong></span> <span class='ocrx_word' id='word_1_104' title='bbox 1431 997 1636 1057; x_wconf 76' lang='lat' dir='ltr'><strong>commentar,</strong></span> <span class='ocrx_word' id='word_1_105' title='bbox 1655 996 1680 1044; x_wconf 92' lang='lat' dir='ltr'><strong>et</strong></span> <span class='ocrx_word' id='word_1_106' title='bbox 1698 990 1751 1043; x_wconf 88' lang='lat' dir='ltr'><strong>erit</strong></span> 
     </span>
     <span class='ocr_line' id='line_1_9' title="bbox 11 1072 1753 1145; baseline 0.001 -17"><span class='ocrx_word' id='word_1_107' title='bbox 11 1096 41 1135; x_wconf 84' lang='lat' dir='ltr'><strong>n.</strong></span> <span class='ocrx_word' id='word_1_108' title='bbox 91 1078 153 1131; x_wconf 79' lang='grc'><strong>499.</strong></span> <span class='ocrx_word' id='word_1_109' title='bbox 192 1074 297 1137; x_wconf 83' lang='lat' dir='ltr'><strong>Quinta</strong></span> <span class='ocrx_word' id='word_1_110' title='bbox 313 1073 479 1145; x_wconf 88' lang='lat' dir='ltr'><strong>propositio:</strong></span> <span class='ocrx_word' id='word_1_111' title='bbox 501 1072 661 1127; x_wconf 81' lang='lat' dir='ltr'><strong>Coelidctas</strong></span> <span class='ocrx_word' id='word_1_112' title='bbox 673 1080 810 1143; x_wconf 82' lang='lat' dir='ltr'><strong>qscatsnue</strong></span> <span class='ocrx_word' id='word_1_113' title='bbox 828 1087 892 1124; x_wconf 88' lang='lat' dir='ltr'><strong>cen-</strong></span> <span class='ocrx_word' id='word_1_114' title='bbox 918 1074 1043 1128; x_wconf 84' lang='lat' dir='ltr'><strong>eadaaer</strong></span> <span class='ocrx_word' id='word_1_115' title='bbox 1061 1090 1156 1127; x_wconf 75' lang='lat' dir='ltr'><strong>eonem</strong></span> <span class='ocrx_word' id='word_1_116' title='bbox 1173 1074 1204 1127; x_wconf 92' lang='lat' dir='ltr'><strong>in</strong></span> <span class='ocrx_word' id='word_1_117' title='bbox 1222 1089 1313 1127; x_wconf 88' lang='lat' dir='ltr'><strong>escam</strong></span> <span class='ocrx_word' id='word_1_118' title='bbox 1330 1075 1493 1129; x_wconf 81' lang='lat' dir='ltr'><strong>volatilibus</strong></span> <span class='ocrx_word' id='word_1_119' title='bbox 1511 1076 1586 1131; x_wconf 88' lang='lat' dir='ltr'><strong>coeli</strong></span> <span class='ocrx_word' id='word_1_120' title='bbox 1603 1083 1630 1129; x_wconf 92' lang='lat' dir='ltr'><strong>et</strong></span> <span class='ocrx_word' id='word_1_121' title='bbox 1658 1077 1753 1130; x_wconf 83' lang='lat' dir='ltr'><strong>bestiis</strong></span> 
     </span>
     <span class='ocr_line' id='line_1_10' title="bbox 10 1159 1751 1241; baseline 0.003 -29"><span class='ocrx_word' id='word_1_122' title='bbox 10 1210 43 1241; x_wconf 61' lang='lat' dir='ltr'><strong>,m</strong></span> <span class='ocrx_word' id='word_1_123' title='bbox 51 1159 140 1228; x_wconf 77' lang='lat' dir='ltr'><strong>jopia</strong></span> <span class='ocrx_word' id='word_1_124' title='bbox 153 1160 366 1229; x_wconf 70' lang='lat' dir='ltr'><strong>praeferendus</strong></span> <span class='ocrx_word' id='word_1_125' title='bbox 383 1162 428 1228; x_wconf 87' lang='lat' dir='ltr'><strong>sit,</strong></span> <span class='ocrx_word' id='word_1_126' title='bbox 448 1176 505 1214; x_wconf 82' lang='lat' dir='ltr'><strong>non</strong></span> <span class='ocrx_word' id='word_1_127' title='bbox 523 1167 620 1214; x_wconf 85' lang='lat' dir='ltr'><strong>nostro</strong></span> <span class='ocrx_word' id='word_1_128' title='bbox 647 1160 837 1227; x_wconf 78' lang='lat' dir='ltr'><strong>definiendam</strong></span> <span class='ocrx_word' id='word_1_129' title='bbox 853 1166 893 1211; x_wconf 85' lang='lat' dir='ltr'><strong>est</strong></span> <span class='ocrx_word' id='word_1_130' title='bbox 918 1166 1025 1229; x_wconf 83' lang='lat' dir='ltr'><strong>terrae3</strong></span> <span class='ocrx_word' id='word_1_131' title='bbox 1058 1159 1106 1214; x_wconf 90' lang='lat' dir='ltr'><strong>ubi</strong></span> <span class='ocrx_word' id='word_1_132' title='bbox 1140 1177 1195 1214; x_wconf 94' lang='lat' dir='ltr'><strong>non</strong></span> <span class='ocrx_word' id='word_1_133' title='bbox 1225 1160 1352 1216; x_wconf 89' lang='lat' dir='ltr'><strong>absolate</strong></span> <span class='ocrx_word' id='word_1_134' title='bbox 1383 1178 1435 1217; x_wconf 91' lang='lat' dir='ltr'><strong>nee</strong></span> <span class='ocrx_word' id='word_1_135' title='bbox 1468 1162 1630 1232; x_wconf 89' lang='lat' dir='ltr'><strong>simpliciter</strong></span> <span class='ocrx_word' id='word_1_136' title='bbox 1659 1163 1751 1218; x_wconf 89' lang='lat' dir='ltr'><strong>matri·</strong></span> 
     </span>
     <span class='ocr_line' id='line_1_11' title="bbox 10 1244 1753 1320; baseline 0.003 -20"><span class='ocrx_word' id='word_1_137' title='bbox 10 1253 35 1292; x_wconf 78' lang='lat' dir='ltr'><strong>ro</strong></span> <span class='ocrx_word' id='word_1_138' title='bbox 56 1247 191 1311; x_wconf 73' lang='grc' dir='ltr'><strong><em>ανόῶτίο,</em></strong></span> <span class='ocrx_word' id='word_1_139' title='bbox 226 1250 279 1301; x_wconf 86' lang='lat' dir='ltr'><strong>sed</strong></span> <span class='ocrx_word' id='word_1_140' title='bbox 307 1262 340 1301; x_wconf 80' lang='lat' dir='ltr'><strong>en</strong></span> <span class='ocrx_word' id='word_1_141' title='bbox 368 1247 518 1317; x_wconf 80' lang='lat' dir='ltr'><strong>Scriptura</strong></span> <span class='ocrx_word' id='word_1_142' title='bbox 536 1264 630 1316; x_wconf 87' lang='lat' dir='ltr'><strong>scara,</strong></span> <span class='ocrx_word' id='word_1_143' title='bbox 660 1254 687 1299; x_wconf 85' lang='lat' dir='ltr'><strong>et</strong></span> <span class='ocrx_word' id='word_1_144' title='bbox 716 1246 829 1315; x_wconf 83' lang='lat' dir='ltr'><strong>qnidam</strong></span> <span class='ocrx_word' id='word_1_145' title='bbox 859 1261 893 1298; x_wconf 86' lang='lat' dir='ltr'><strong>ea</strong></span> <span class='ocrx_word' id='word_1_146' title='bbox 918 1244 1038 1300; x_wconf 87' lang='lat' dir='ltr'><strong>moniam</strong></span> <span class='ocrx_word' id='word_1_147' title='bbox 1058 1245 1210 1316; x_wconf 89' lang='lat' dir='ltr'><strong>prophetae</strong></span> <span class='ocrx_word' id='word_1_148' title='bbox 1232 1246 1420 1317; x_wconf 76' lang='lat' dir='ltr'><strong>dissuadetur,</strong></span> <span class='ocrx_word' id='word_1_149' title='bbox 1452 1247 1502 1303; x_wconf 93' lang='lat' dir='ltr'><strong>sed</strong></span> <span class='ocrx_word' id='word_1_150' title='bbox 1521 1254 1633 1320; x_wconf 87' lang='lat' dir='ltr'><strong>propter</strong></span> <span class='ocrx_word' id='word_1_151' title='bbox 1651 1254 1753 1305; x_wconf 90' lang='lat' dir='ltr'><strong>statum</strong></span> 
     </span>
     <span class='ocr_line' id='line_1_12' title="bbox 10 1324 1753 1405; baseline 0.003 -20"><span class='ocrx_word' id='word_1_152' title='bbox 10 1324 17 1393; x_wconf 68' lang='lat'><strong>,¹</strong></span> <span class='ocrx_word' id='word_1_153' title='bbox 55 1333 180 1404; x_wconf 83' lang='lat' dir='ltr'><strong>propria</strong></span> <span class='ocrx_word' id='word_1_154' title='bbox 199 1333 284 1402; x_wconf 78' lang='lat' dir='ltr'><strong>bajas</strong></span> <span class='ocrx_word' id='word_1_155' title='bbox 303 1334 449 1387; x_wconf 71' lang='lat' dir='ltr'><strong>dominas</strong></span> <span class='ocrx_word' id='word_1_156' title='bbox 469 1336 535 1387; x_wconf 80' lang='lat' dir='ltr'><strong>sede</strong></span> <span class='ocrx_word' id='word_1_157' title='bbox 553 1334 754 1390; x_wconf 78' lang='lat' dir='ltr'><strong>deducendam.</strong></span> <span class='ocrx_word' id='word_1_158' title='bbox 794 1331 892 1402; x_wconf 83' lang='lat' dir='ltr'>Neque</span> <span class='ocrx_word' id='word_1_159' title='bbox 919 1332 1214 1402; x_wconf 88' lang='lat' dir='ltr'><strong>periculosissimorum</strong></span> <span class='ocrx_word' id='word_1_160' title='bbox 1249 1338 1420 1405; x_wconf 83' lang='lat' dir='ltr'><strong>temporum,</strong></span> <span class='ocrx_word' id='word_1_161' title='bbox 1457 1351 1529 1405; x_wconf 90' lang='lat' dir='ltr'><strong>qnae</strong></span> <span class='ocrx_word' id='word_1_162' title='bbox 1563 1335 1753 1402; x_wconf 75' lang='lat' dir='ltr'><strong>imminebant,</strong></span> 
     </span>
     <span class='ocr_line' id='line_1_13' title="bbox 11 1416 1752 1491; baseline 0.003 -17"><span class='ocrx_word' id='word_1_163' title='bbox 11 1422 44 1468; x_wconf 82' lang='lat'><strong>²1·</strong></span> <span class='ocrx_word' id='word_1_164' title='bbox 56 1418 132 1474; x_wconf 88' lang='lat' dir='ltr'><strong>enim</strong></span> <span class='ocrx_word' id='word_1_165' title='bbox 151 1418 256 1473; x_wconf 89' lang='lat' dir='ltr'><strong>nudam</strong></span> <span class='ocrx_word' id='word_1_166' title='bbox 272 1419 363 1474; x_wconf 88' lang='lat' dir='ltr'><strong>thesin</strong></span> <span class='ocrx_word' id='word_1_167' title='bbox 380 1420 524 1491; x_wconf 80' lang='lat' dir='ltr'><strong>proposuit</strong></span> <span class='ocrx_word' id='word_1_168' title='bbox 535 1418 684 1490; x_wconf 89' lang='lat' dir='ltr'><strong>apostolus,</strong></span> <span class='ocrx_word' id='word_1_169' title='bbox 703 1421 782 1489; x_wconf 83' lang='lat' dir='ltr'><strong>qued</strong></span> <span class='ocrx_word' id='word_1_170' title='bbox 793 1418 892 1472; x_wconf 77' lang='lat' dir='ltr'><strong>metim</strong></span> <span class='ocrx_word' id='word_1_171' title='bbox 918 1416 1049 1473; x_wconf 82' lang='lat' dir='ltr'><strong>videlicet</strong></span> <span class='ocrx_word' id='word_1_172' title='bbox 1067 1422 1180 1489; x_wconf 90' lang='lat' dir='ltr'><strong>propter</strong></span> <span class='ocrx_word' id='word_1_173' title='bbox 1198 1420 1303 1474; x_wconf 87' lang='lat' dir='ltr'><strong>instans</strong></span> <span class='ocrx_word' id='word_1_174' title='bbox 1321 1418 1435 1485; x_wconf 91' lang='lat' dir='ltr'><strong>bellum,</strong></span> <span class='ocrx_word' id='word_1_175' title='bbox 1454 1419 1589 1490; x_wconf 84' lang='lat' dir='ltr'><strong>exsilium,</strong></span> <span class='ocrx_word' id='word_1_176' title='bbox 1610 1421 1752 1478; x_wconf 87' lang='lat' dir='ltr'><strong>deductio-</strong></span> 
     </span>
     <span class='ocr_line' id='line_1_14' title="bbox 10 1504 1754 1585; baseline 0.003 -26"><span class='ocrx_word' id='word_1_177' title='bbox 10 1554 22 1585; x_wconf 73' lang='lat'><strong>,</strong></span> <span class='ocrx_word' id='word_1_178' title='bbox 55 1506 164 1574; x_wconf 74' lang='lat' dir='ltr'><strong>facim,</strong></span> <span class='ocrx_word' id='word_1_179' title='bbox 197 1506 246 1576; x_wconf 92' lang='lat' dir='ltr'><strong>qui</strong></span> <span class='ocrx_word' id='word_1_180' title='bbox 271 1521 327 1561; x_wconf 91' lang='lat' dir='ltr'><strong>non</strong></span> <span class='ocrx_word' id='word_1_181' title='bbox 355 1507 446 1562; x_wconf 89' lang='lat' dir='ltr'><strong>elocat</strong></span> <span class='ocrx_word' id='word_1_182' title='bbox 468 1505 618 1578; x_wconf 79' lang='lat' dir='ltr'><strong>virginem,</strong></span> <span class='ocrx_word' id='word_1_183' title='bbox 648 1522 731 1578; x_wconf 91' lang='lat' dir='ltr'><strong>quam</strong></span> <span class='ocrx_word' id='word_1_184' title='bbox 759 1505 806 1575; x_wconf 88' lang='lat' dir='ltr'><strong>qui</strong></span> <span class='ocrx_word' id='word_1_185' title='bbox 831 1520 893 1561; x_wconf 90' lang='lat' dir='ltr'><strong>eam</strong></span> <span class='ocrx_word' id='word_1_186' title='bbox 918 1519 982 1558; x_wconf 90' lang='lat' dir='ltr'><strong>nem</strong></span> <span class='ocrx_word' id='word_1_187' title='bbox 1001 1504 1030 1558; x_wconf 90' lang='lat' dir='ltr'><strong>in</strong></span> <span class='ocrx_word' id='word_1_188' title='bbox 1048 1504 1246 1575; x_wconf 86' lang='lat' dir='ltr'><strong>captivitatem.</strong></span> <span class='ocrx_word' id='word_1_189' title='bbox 1279 1505 1347 1563; x_wconf 88' lang='lat' dir='ltr'><strong>Luc.</strong></span> <span class='ocrx_word' id='word_1_190' title='bbox 1368 1511 1411 1575; x_wconf 83' lang='lat'><strong>23,</strong></span> <span class='ocrx_word' id='word_1_191' title='bbox 1430 1524 1456 1561; x_wconf 85' lang='lat' dir='ltr'><strong>v.</strong></span> <span class='ocrx_word' id='word_1_192' title='bbox 1473 1511 1520 1562; x_wconf 80' lang='lat'><strong>29:</strong></span> <span class='ocrx_word' id='word_1_193' title='bbox 1547 1508 1621 1561; x_wconf 81' lang='lat' dir='ltr'><strong>Ecce</strong></span> <span class='ocrx_word' id='word_1_194' title='bbox 1647 1509 1754 1563; x_wconf 64' lang='lat' dir='ltr'><strong>assant</strong></span> 
     </span>
     <span class='ocr_line' id='line_1_15' title="bbox 10 1590 1753 1677; baseline 0.001 -31"><span class='ocrx_word' id='word_1_195' title='bbox 10 1591 552 1677; x_wconf 63' lang='lat' dir='ltr'><strong>{tr-matrimonicjnngit1.Cor.·1,v.</strong></span> <span class='ocrx_word' id='word_1_196' title='bbox 573 1598 614 1649; x_wconf 80' lang='lat'><strong>38.</strong></span> <span class='ocrx_word' id='word_1_197' title='bbox 635 1592 893 1665; x_wconf 82' lang='lat' dir='ltr'><strong>quodquedeatiar</strong></span> <span class='ocrx_word' id='word_1_198' title='bbox 920 1590 996 1659; x_wconf 84' lang='lat' dir='ltr'><strong>dies,</strong></span> <span class='ocrx_word' id='word_1_199' title='bbox 1026 1590 1057 1643; x_wconf 88' lang='lat' dir='ltr'><strong>in</strong></span> <span class='ocrx_word' id='word_1_200' title='bbox 1080 1591 1180 1661; x_wconf 72' lang='lat' dir='ltr'><strong>quiduis</strong></span> <span class='ocrx_word' id='word_1_201' title='bbox 1205 1592 1311 1659; x_wconf 63' lang='lat' dir='ltr'><strong>duent,</strong></span> <span class='ocrx_word' id='word_1_202' title='bbox 1343 1593 1441 1646; x_wconf 57' lang='lat' dir='ltr'><strong>&amp;atae</strong></span> <span class='ocrx_word' id='word_1_203' title='bbox 1463 1593 1573 1648; x_wconf 82' lang='lat' dir='ltr'><strong>steriles</strong></span> <span class='ocrx_word' id='word_1_204' title='bbox 1597 1601 1622 1648; x_wconf 89' lang='lat' dir='ltr'><strong>et</strong></span> <span class='ocrx_word' id='word_1_205' title='bbox 1637 1602 1753 1659; x_wconf 84' lang='lat' dir='ltr'><strong>ventres,</strong></span> 
     </span>
     <span class='ocr_line' id='line_1_16' title="bbox 10 1676 1753 1750; baseline 0.002 -20"><span class='ocrx_word' id='word_1_206' title='bbox 10 1680 42 1741; x_wconf 77' lang='lat' dir='ltr'><strong>&#39;n-</strong></span> <span class='ocrx_word' id='word_1_207' title='bbox 56 1680 96 1733; x_wconf 88' lang='lat' dir='ltr'><strong>sit</strong></span> <span class='ocrx_word' id='word_1_208' title='bbox 112 1679 211 1746; x_wconf 88' lang='lat' dir='ltr'><strong>vidua,</strong></span> <span class='ocrx_word' id='word_1_209' title='bbox 239 1678 323 1733; x_wconf 91' lang='lat' dir='ltr'><strong>sisic</strong></span> <span class='ocrx_word' id='word_1_210' title='bbox 346 1680 528 1750; x_wconf 79' lang='lat' dir='ltr'><strong>permanserit</strong></span> <span class='ocrx_word' id='word_1_211' title='bbox 545 1698 570 1735; x_wconf 86' lang='lat' dir='ltr'><strong>v.</strong></span> <span class='ocrx_word' id='word_1_212' title='bbox 598 1685 640 1735; x_wconf 77' lang='lat'><strong>40.</strong></span> <span class='ocrx_word' id='word_1_213' title='bbox 657 1679 707 1734; x_wconf 85' lang='lat' dir='ltr'><strong>sed</strong></span> <span class='ocrx_word' id='word_1_214' title='bbox 723 1678 825 1733; x_wconf 89' lang='lat' dir='ltr'><strong>diserte</strong></span> <span class='ocrx_word' id='word_1_215' title='bbox 842 1676 892 1731; x_wconf 88' lang='lat' dir='ltr'><strong>ibi·</strong></span> <span class='ocrx_word' id='word_1_216' title='bbox 920 1677 973 1745; x_wconf 86' lang='lat' dir='ltr'><strong>qai</strong></span> <span class='ocrx_word' id='word_1_217' title='bbox 990 1694 1046 1731; x_wconf 91' lang='lat' dir='ltr'><strong>aon</strong></span> <span class='ocrx_word' id='word_1_218' title='bbox 1063 1684 1224 1745; x_wconf 75' lang='lat' dir='ltr'><strong>penserunt,</strong></span> <span class='ocrx_word' id='word_1_219' title='bbox 1245 1684 1271 1731; x_wconf 88' lang='lat' dir='ltr'><strong>et</strong></span> <span class='ocrx_word' id='word_1_220' title='bbox 1289 1678 1384 1743; x_wconf 84' lang='lat' dir='ltr'><strong>abere,</strong></span> <span class='ocrx_word' id='word_1_221' title='bbox 1405 1696 1477 1748; x_wconf 80' lang='lat' dir='ltr'><strong>quas</strong></span> <span class='ocrx_word' id='word_1_222' title='bbox 1495 1697 1552 1734; x_wconf 91' lang='lat' dir='ltr'><strong>nan</strong></span> <span class='ocrx_word' id='word_1_223' title='bbox 1569 1680 1753 1745; x_wconf 81' lang='lat' dir='ltr'><strong>lactaverant,</strong></span> 
     </span>
     <span class='ocr_line' id='line_1_17' title="bbox 10 1763 1754 1837; baseline 0.001 -17"><span class='ocrx_word' id='word_1_224' title='bbox 10 1764 29 1793; x_wconf 72' lang='lat'><strong>³·</strong></span> <span class='ocrx_word' id='word_1_225' title='bbox 62 1766 127 1822; x_wconf 93' lang='lat' dir='ltr'><strong>dem</strong></span> <span class='ocrx_word' id='word_1_226' title='bbox 150 1765 261 1822; x_wconf 86' lang='lat' dir='ltr'><strong>theseos</strong></span> <span class='ocrx_word' id='word_1_227' title='bbox 284 1766 369 1837; x_wconf 88' lang='lat' dir='ltr'><strong>hujus</strong></span> <span class='ocrx_word' id='word_1_228' title='bbox 392 1767 527 1823; x_wconf 89' lang='lat' dir='ltr'><strong>rationem</strong></span> <span class='ocrx_word' id='word_1_229' title='bbox 553 1772 582 1822; x_wconf 89' lang='lat' dir='ltr'><strong>et</strong></span> <span class='ocrx_word' id='word_1_230' title='bbox 608 1766 819 1837; x_wconf 71' lang='lat' dir='ltr'><strong>explicationem</strong></span> <span class='ocrx_word' id='word_1_231' title='bbox 844 1764 892 1819; x_wconf 91' lang='lat' dir='ltr'><strong>ad·</strong></span> <span class='ocrx_word' id='word_1_232' title='bbox 919 1763 971 1819; x_wconf 91' lang='lat' dir='ltr'><strong>hoc</strong></span> <span class='ocrx_word' id='word_1_233' title='bbox 994 1769 1036 1819; x_wconf 90' lang='lat' dir='ltr'><strong>est</strong></span> <span class='ocrx_word' id='word_1_234' title='bbox 1058 1769 1182 1835; x_wconf 83' lang='lat' dir='ltr'><strong>tempore</strong></span> <span class='ocrx_word' id='word_1_235' title='bbox 1206 1763 1356 1820; x_wconf 90' lang='lat' dir='ltr'><strong>obsidionis</strong></span> <span class='ocrx_word' id='word_1_236' title='bbox 1379 1769 1408 1819; x_wconf 92' lang='lat' dir='ltr'><strong>et</strong></span> <span class='ocrx_word' id='word_1_237' title='bbox 1431 1764 1629 1825; x_wconf 75' lang='lat' dir='ltr'><strong>devastationis</strong></span> <span class='ocrx_word' id='word_1_238' title='bbox 1654 1766 1754 1823; x_wconf 87' lang='lat' dir='ltr'><strong>Hiero-</strong></span> 
     </span>
     <span class='ocr_line' id='line_1_18' title="bbox 58 1849 1753 1926; baseline 0.001 -19"><span class='ocrx_word' id='word_1_239' title='bbox 58 1853 140 1922; x_wconf 91' lang='lat' dir='ltr'><strong>didit,</strong></span> <span class='ocrx_word' id='word_1_240' title='bbox 160 1869 216 1924; x_wconf 90' lang='lat' dir='ltr'><strong>qao</strong></span> <span class='ocrx_word' id='word_1_241' title='bbox 235 1869 317 1908; x_wconf 89' lang='lat' dir='ltr'><strong>sensu</strong></span> <span class='ocrx_word' id='word_1_242' title='bbox 334 1870 367 1908; x_wconf 88' lang='lat' dir='ltr'><strong>ae</strong></span> <span class='ocrx_word' id='word_1_243' title='bbox 386 1860 515 1924; x_wconf 88' lang='lat' dir='ltr'><strong>respectu</strong></span> <span class='ocrx_word' id='word_1_244' title='bbox 534 1853 548 1906; x_wconf 90' lang='grc' dir='ltr'>ὁ</span> <span class='ocrx_word' id='word_1_245' title='bbox 569 1854 608 1926; x_wconf 82' lang='grc' dir='ltr'><strong>μὴ</strong></span> <span class='ocrx_word' id='word_1_246' title='bbox 628 1853 782 1925; x_wconf 69' lang='grc' dir='ltr'><strong><em>ἐκγαμίζῶν</em></strong></span> <span class='ocrx_word' id='word_1_247' title='bbox 795 1850 892 1907; x_wconf 91' lang='lat' dir='ltr'><strong>melius</strong></span> <span class='ocrx_word' id='word_1_248' title='bbox 922 1849 1109 1920; x_wconf 85' lang='lat' dir='ltr'><strong>solymitanae</strong></span> <span class='ocrx_word' id='word_1_249' title='bbox 1140 1850 1278 1906; x_wconf 86' lang='lat' dir='ltr'><strong>feliciores</strong></span> <span class='ocrx_word' id='word_1_250' title='bbox 1309 1858 1390 1907; x_wconf 74' lang='lat' dir='ltr'><strong>munt</strong></span> <span class='ocrx_word' id='word_1_251' title='bbox 1421 1851 1541 1907; x_wconf 88' lang='lat' dir='ltr'><strong>coelibes</strong></span> <span class='ocrx_word' id='word_1_252' title='bbox 1571 1870 1605 1908; x_wconf 90' lang='lat' dir='ltr'><strong>ac</strong></span> <span class='ocrx_word' id='word_1_253' title='bbox 1637 1853 1753 1925; x_wconf 81' lang='lat' dir='ltr'><strong>steriles,</strong></span> 
     </span>
     <span class='ocr_line' id='line_1_19' title="bbox 57 1935 1754 2009; baseline 0.003 -16"><span class='ocrx_word' id='word_1_254' title='bbox 57 1938 145 1994; x_wconf 89' lang='lat' dir='ltr'><strong>iaciat</strong></span> <span class='ocrx_word' id='word_1_255' title='bbox 175 1955 208 1993; x_wconf 91' lang='lat' dir='ltr'><strong>ac</strong></span> <span class='ocrx_word' id='word_1_256' title='bbox 239 1945 376 2009; x_wconf 88' lang='lat' dir='ltr'><strong>quatenus</strong></span> <span class='ocrx_word' id='word_1_257' title='bbox 408 1940 517 1995; x_wconf 88' lang='lat' dir='ltr'><strong>beatior</strong></span> <span class='ocrx_word' id='word_1_258' title='bbox 547 1940 720 1995; x_wconf 88' lang='lat' dir='ltr'><strong>aestimanda</strong></span> <span class='ocrx_word' id='word_1_259' title='bbox 743 1939 779 1994; x_wconf 90' lang='lat' dir='ltr'><strong>sit</strong></span> <span class='ocrx_word' id='word_1_260' title='bbox 802 1938 893 1993; x_wconf 77' lang='lat' dir='ltr'><strong>vidua.</strong></span> <span class='ocrx_word' id='word_1_261' title='bbox 919 1935 986 2006; x_wconf 89' lang='lat' dir='ltr'><strong>quia</strong></span> <span class='ocrx_word' id='word_1_262' title='bbox 1010 1953 1090 1991; x_wconf 89' lang='lat' dir='ltr'><strong>suum</strong></span> <span class='ocrx_word' id='word_1_263' title='bbox 1114 1941 1223 1991; x_wconf 87' lang='lat' dir='ltr'><strong>tantum</strong></span> <span class='ocrx_word' id='word_1_264' title='bbox 1246 1936 1433 1993; x_wconf 87' lang='lat' dir='ltr'><strong>tribulationis</strong></span> <span class='ocrx_word' id='word_1_265' title='bbox 1458 1938 1572 1995; x_wconf 88' lang='lat' dir='ltr'><strong>calicem</strong></span> <span class='ocrx_word' id='word_1_266' title='bbox 1601 1940 1701 1997; x_wconf 90' lang='lat' dir='ltr'><strong>bibunt</strong></span> <span class='ocrx_word' id='word_1_267' title='bbox 1726 1948 1754 1998; x_wconf 91' lang='lat' dir='ltr'><strong>et</strong></span> 
     </span>
     <span class='ocr_line' id='line_1_20' title="bbox 55 2022 1753 2097; baseline 0.001 -16"><span class='ocrx_word' id='word_1_268' title='bbox 55 2025 192 2081; x_wconf 81' lang='lat' dir='ltr'><strong>Revoaari</strong></span> <span class='ocrx_word' id='word_1_269' title='bbox 204 2032 298 2081; x_wconf 90' lang='lat' dir='ltr'><strong>autem</strong></span> <span class='ocrx_word' id='word_1_270' title='bbox 310 2033 428 2097; x_wconf 87' lang='lat' dir='ltr'><strong>possunt</strong></span> <span class='ocrx_word' id='word_1_271' title='bbox 439 2024 504 2082; x_wconf 89' lang='lat' dir='ltr'><strong>illae</strong></span> <span class='ocrx_word' id='word_1_272' title='bbox 515 2026 636 2081; x_wconf 90' lang='lat' dir='ltr'><strong>rationes</strong></span> <span class='ocrx_word' id='word_1_273' title='bbox 651 2042 763 2082; x_wconf 91' lang='lat' dir='ltr'><strong>causam</strong></span> <span class='ocrx_word' id='word_1_274' title='bbox 781 2025 892 2081; x_wconf 86' lang='lat' dir='ltr'><strong>finalem</strong></span> <span class='ocrx_word' id='word_1_275' title='bbox 919 2038 975 2076; x_wconf 95' lang='lat' dir='ltr'><strong>non</strong></span> <span class='ocrx_word' id='word_1_276' title='bbox 1000 2022 1082 2076; x_wconf 72' lang='lat' dir='ltr'><strong>amul</strong></span> <span class='ocrx_word' id='word_1_277' title='bbox 1101 2022 1185 2078; x_wconf 90' lang='lat' dir='ltr'><strong>etiam</strong></span> <span class='ocrx_word' id='word_1_278' title='bbox 1206 2025 1334 2096; x_wconf 79' lang='lat' dir='ltr'><strong>conjugis</strong></span> <span class='ocrx_word' id='word_1_279' title='bbox 1353 2029 1382 2080; x_wconf 91' lang='lat' dir='ltr'><strong>et</strong></span> <span class='ocrx_word' id='word_1_280' title='bbox 1399 2024 1548 2081; x_wconf 88' lang='lat' dir='ltr'><strong>liberorum</strong></span> <span class='ocrx_word' id='word_1_281' title='bbox 1571 2026 1687 2082; x_wconf 89' lang='lat' dir='ltr'><strong>miseriis</strong></span> <span class='ocrx_word' id='word_1_282' title='bbox 1708 2046 1753 2084; x_wconf 85' lang='lat' dir='ltr'><strong>ex-</strong></span> 
     </span>
     <span class='ocr_line' id='line_1_21' title="bbox 55 2109 1754 2185; baseline 0.002 -18"><span class='ocrx_word' id='word_1_283' title='bbox 55 2111 209 2168; x_wconf 90' lang='lat' dir='ltr'><strong>coelibatus</strong></span> <span class='ocrx_word' id='word_1_284' title='bbox 227 2112 400 2168; x_wconf 82' lang='lat' dir='ltr'><strong>continentes</strong></span> <span class='ocrx_word' id='word_1_285' title='bbox 420 2112 456 2168; x_wconf 87' lang='lat' dir='ltr'><strong>ad</strong></span> <span class='ocrx_word' id='word_1_286' title='bbox 478 2113 533 2167; x_wconf 89' lang='lat' dir='ltr'><strong>tria</strong></span> <span class='ocrx_word' id='word_1_287' title='bbox 552 2112 653 2184; x_wconf 89' lang='lat' dir='ltr'><strong>capita.</strong></span> <span class='ocrx_word' id='word_1_288' title='bbox 699 2118 724 2169; x_wconf 94' lang='lat'><strong>1.</strong></span> <span class='ocrx_word' id='word_1_289' title='bbox 743 2112 891 2175; x_wconf 72' lang='lat' dir='ltr'><strong>Existimo,</strong></span> <span class='ocrx_word' id='word_1_290' title='bbox 920 2109 1085 2164; x_wconf 86' lang='lat' dir='ltr'><strong>crucientur.</strong></span> <span class='ocrx_word' id='word_1_291' title='bbox 1131 2109 1264 2181; x_wconf 84' lang='lat' dir='ltr'><strong>Quisquis</strong></span> <span class='ocrx_word' id='word_1_292' title='bbox 1292 2110 1378 2183; x_wconf 78' lang='lat' dir='ltr'><strong>igitur</strong></span> <span class='ocrx_word' id='word_1_293' title='bbox 1406 2117 1531 2183; x_wconf 88' lang='lat' dir='ltr'><strong>tempore</strong></span> <span class='ocrx_word' id='word_1_294' title='bbox 1556 2114 1754 2185; x_wconf 85' lang='lat' dir='ltr'><strong>persecutionis</strong></span> 
     </span>
     <span class='ocr_line' id='line_1_22' title="bbox 55 2195 1754 2270; baseline 0.003 -18"><span class='ocrx_word' id='word_1_295' title='bbox 55 2198 148 2270; x_wconf 91' lang='lat' dir='ltr'><strong>inquit</strong></span> <span class='ocrx_word' id='word_1_296' title='bbox 173 2199 314 2269; x_wconf 88' lang='lat' dir='ltr'><strong>apostolus</strong></span> <span class='ocrx_word' id='word_1_297' title='bbox 341 2217 368 2255; x_wconf 90' lang='lat' dir='ltr'><strong>v.</strong></span> <span class='ocrx_word' id='word_1_298' title='bbox 396 2204 438 2256; x_wconf 79' lang='lat' dir='ltr'><strong>lt.</strong></span> <span class='ocrx_word' id='word_1_299' title='bbox 469 2200 521 2253; x_wconf 85' lang='lat' dir='ltr'><strong>lac</strong></span> <span class='ocrx_word' id='word_1_300' title='bbox 552 2216 612 2254; x_wconf 83' lang='lat' dir='ltr'><strong>esse</strong></span> <span class='ocrx_word' id='word_1_301' title='bbox 639 2197 738 2269; x_wconf 79' lang='grc' dir='ltr'><strong><em>καλὸν,</em></strong></span> <span class='ocrx_word' id='word_1_302' title='bbox 771 2197 824 2253; x_wconf 91' lang='lat' dir='ltr'><strong>hoc</strong></span> <span class='ocrx_word' id='word_1_303' title='bbox 850 2202 894 2252; x_wconf 93' lang='lat' dir='ltr'><strong>est</strong></span> <span class='ocrx_word' id='word_1_304' title='bbox 920 2195 1072 2265; x_wconf 88' lang='lat' dir='ltr'><strong>praesentis</strong></span> <span class='ocrx_word' id='word_1_305' title='bbox 1090 2195 1134 2250; x_wconf 92' lang='lat' dir='ltr'><strong>vel</strong></span> <span class='ocrx_word' id='word_1_306' title='bbox 1151 2196 1281 2251; x_wconf 91' lang='lat' dir='ltr'><strong>instantis</strong></span> <span class='ocrx_word' id='word_1_307' title='bbox 1305 2196 1378 2254; x_wconf 94' lang='lat' dir='ltr'><strong>dono</strong></span> <span class='ocrx_word' id='word_1_308' title='bbox 1399 2197 1585 2256; x_wconf 88' lang='lat' dir='ltr'><strong>continentiae</strong></span> <span class='ocrx_word' id='word_1_309' title='bbox 1603 2200 1754 2257; x_wconf 91' lang='lat' dir='ltr'><strong>instructus</strong></span> 
     </span>
     <span class='ocr_line' id='line_1_23' title="bbox 56 2280 1755 2361; baseline 0.003 -23"><span class='ocrx_word' id='word_1_310' title='bbox 56 2288 214 2361; x_wconf 71' lang='grc' dir='ltr'><strong><em>συμφέρον,</em></strong></span> <span class='ocrx_word' id='word_1_311' title='bbox 240 2286 341 2338; x_wconf 83' lang='lat' dir='ltr'><strong>donam</strong></span> <span class='ocrx_word' id='word_1_312' title='bbox 357 2290 386 2339; x_wconf 91' lang='lat' dir='ltr'><strong>et</strong></span> <span class='ocrx_word' id='word_1_313' title='bbox 404 2284 578 2339; x_wconf 90' lang='lat' dir='ltr'><strong>conducibile</strong></span> <span class='ocrx_word' id='word_1_314' title='bbox 601 2285 647 2339; x_wconf 79' lang='lat' dir='ltr'><strong>ded</strong></span> <span class='ocrx_word' id='word_1_315' title='bbox 671 2284 722 2352; x_wconf 72' lang='grc' dir='ltr'><strong>τὴν</strong></span> <span class='ocrx_word' id='word_1_316' title='bbox 739 2285 894 2339; x_wconf 66' lang='grc' dir='ltr'><strong><em>ἐνεστῶσαν</em></strong></span> <span class='ocrx_word' id='word_1_317' title='bbox 920 2280 1087 2337; x_wconf 88' lang='lat' dir='ltr'><strong>coelibatum</strong></span> <span class='ocrx_word' id='word_1_318' title='bbox 1105 2281 1159 2337; x_wconf 92' lang='lat' dir='ltr'><strong>hoc</strong></span> <span class='ocrx_word' id='word_1_319' title='bbox 1176 2281 1232 2338; x_wconf 88' lang='lat' dir='ltr'><strong>line</strong></span> <span class='ocrx_word' id='word_1_320' title='bbox 1249 2282 1342 2354; x_wconf 78' lang='lat' dir='ltr'><strong>eligit,</strong></span> <span class='ocrx_word' id='word_1_321' title='bbox 1373 2288 1407 2338; x_wconf 92' lang='lat' dir='ltr'><strong>ut</strong></span> <span class='ocrx_word' id='word_1_322' title='bbox 1422 2285 1522 2341; x_wconf 89' lang='lat' dir='ltr'><strong>minori</strong></span> <span class='ocrx_word' id='word_1_323' title='bbox 1541 2303 1605 2341; x_wconf 90' lang='lat' dir='ltr'><strong>cum</strong></span> <span class='ocrx_word' id='word_1_324' title='bbox 1628 2287 1755 2344; x_wconf 91' lang='lat' dir='ltr'><strong>molestia</strong></span> 
     </span>
     <span class='ocr_line' id='line_1_24' title="bbox 56 2368 1753 2443; baseline 0.004 -19"><span class='ocrx_word' id='word_1_325' title='bbox 56 2368 200 2441; x_wconf 74' lang='grc' dir='ltr'><strong>ἀνάγκην,</strong></span> <span class='ocrx_word' id='word_1_326' title='bbox 228 2379 347 2441; x_wconf 86' lang='lat' dir='ltr'><strong>propter</strong></span> <span class='ocrx_word' id='word_1_327' title='bbox 370 2372 519 2425; x_wconf 84' lang='lat' dir='ltr'><strong>instantem</strong></span> <span class='ocrx_word' id='word_1_328' title='bbox 542 2372 586 2426; x_wconf 89' lang='lat' dir='ltr'><strong>vel</strong></span> <span class='ocrx_word' id='word_1_329' title='bbox 609 2376 782 2443; x_wconf 87' lang='lat' dir='ltr'><strong>praesentem</strong></span> <span class='ocrx_word' id='word_1_330' title='bbox 801 2388 893 2426; x_wconf 84' lang='lat' dir='ltr'><strong>necea-</strong></span> <span class='ocrx_word' id='word_1_331' title='bbox 920 2368 1125 2438; x_wconf 89' lang='lat' dir='ltr'><strong>persecutiones</strong></span> <span class='ocrx_word' id='word_1_332' title='bbox 1142 2368 1222 2438; x_wconf 87' lang='lat' dir='ltr'><strong>ferat,</strong></span> <span class='ocrx_word' id='word_1_333' title='bbox 1240 2369 1264 2423; x_wconf 90' lang='lat' dir='ltr'><strong>is</strong></span> <span class='ocrx_word' id='word_1_334' title='bbox 1283 2374 1358 2425; x_wconf 88' lang='lat' dir='ltr'><strong>reete</strong></span> <span class='ocrx_word' id='word_1_335' title='bbox 1374 2369 1443 2426; x_wconf 87' lang='lat' dir='ltr'><strong>facit</strong></span> <span class='ocrx_word' id='word_1_336' title='bbox 1460 2378 1489 2427; x_wconf 92' lang='lat' dir='ltr'><strong>et</strong></span> <span class='ocrx_word' id='word_1_337' title='bbox 1507 2372 1565 2427; x_wconf 90' lang='lat' dir='ltr'><strong>suis</strong></span> <span class='ocrx_word' id='word_1_338' title='bbox 1576 2372 1661 2428; x_wconf 89' lang='lat' dir='ltr'><strong>rebus</strong></span> <span class='ocrx_word' id='word_1_339' title='bbox 1680 2373 1753 2431; x_wconf 89' lang='lat' dir='ltr'><strong>bens</strong></span> 
     </span>
     <span class='ocr_line' id='line_1_25' title="bbox 55 2454 1753 2531; baseline 0.004 -20"><span class='ocrx_word' id='word_1_340' title='bbox 55 2459 183 2523; x_wconf 61' lang='lat' dir='ltr'><strong>mutem,</strong></span> <span class='ocrx_word' id='word_1_341' title='bbox 209 2462 327 2530; x_wconf 88' lang='lat' dir='ltr'><strong>utroque</strong></span> <span class='ocrx_word' id='word_1_342' title='bbox 354 2458 427 2513; x_wconf 91' lang='lat' dir='ltr'><strong>enim</strong></span> <span class='ocrx_word' id='word_1_343' title='bbox 452 2457 535 2512; x_wconf 91' lang='lat' dir='ltr'><strong>modo</strong></span> <span class='ocrx_word' id='word_1_344' title='bbox 561 2457 677 2513; x_wconf 90' lang='lat' dir='ltr'><strong>verbum</strong></span> <span class='ocrx_word' id='word_1_345' title='bbox 704 2461 828 2531; x_wconf 74' lang='grc' dir='ltr'><strong><em>ἑνίστημτ</em></strong></span> <span class='ocrx_word' id='word_1_346' title='bbox 860 2473 893 2511; x_wconf 92' lang='lat' dir='ltr'><strong>ac</strong></span> <span class='ocrx_word' id='word_1_347' title='bbox 921 2454 1054 2525; x_wconf 76' lang='lat' dir='ltr'><strong>consulit3</strong></span> <span class='ocrx_word' id='word_1_348' title='bbox 1087 2454 1136 2526; x_wconf 90' lang='lat' dir='ltr'><strong>qni</strong></span> <span class='ocrx_word' id='word_1_349' title='bbox 1159 2471 1224 2511; x_wconf 89' lang='lat' dir='ltr'><strong>vero</strong></span> <span class='ocrx_word' id='word_1_350' title='bbox 1251 2456 1329 2511; x_wconf 87' lang='lat' dir='ltr'><strong>uxori</strong></span> <span class='ocrx_word' id='word_1_351' title='bbox 1350 2457 1477 2527; x_wconf 84' lang='lat' dir='ltr'><strong>jamdum</strong></span> <span class='ocrx_word' id='word_1_352' title='bbox 1501 2458 1632 2530; x_wconf 82' lang='lat' dir='ltr'><strong>alligatus</strong></span> <span class='ocrx_word' id='word_1_353' title='bbox 1649 2468 1692 2516; x_wconf 88' lang='lat' dir='ltr'><strong>est</strong></span> <span class='ocrx_word' id='word_1_354' title='bbox 1707 2462 1753 2517; x_wconf 89' lang='lat' dir='ltr'><strong>vel</strong></span> 
     </span>
     <span class='ocr_line' id='line_1_26' title="bbox 57 2540 1755 2618; baseline 0.002 -18"><span class='ocrx_word' id='word_1_355' title='bbox 57 2544 237 2617; x_wconf 88' lang='lat' dir='ltr'><strong>participium</strong></span> <span class='ocrx_word' id='word_1_356' title='bbox 270 2544 386 2605; x_wconf 71' lang='lat' dir='ltr'><strong>trectis</strong></span> <span class='ocrx_word' id='word_1_357' title='bbox 409 2550 593 2616; x_wconf 89' lang='lat' dir='ltr'><strong>usurpantur,</strong></span> <span class='ocrx_word' id='word_1_358' title='bbox 625 2548 661 2599; x_wconf 78' lang='lat' dir='ltr'><strong>ste</strong></span> <span class='ocrx_word' id='word_1_359' title='bbox 687 2562 720 2599; x_wconf 89' lang='lat' dir='ltr'><strong>re</strong></span> <span class='ocrx_word' id='word_1_360' title='bbox 743 2551 893 2614; x_wconf 81' lang='lat' dir='ltr'><strong>praesente</strong></span> <span class='ocrx_word' id='word_1_361' title='bbox 921 2540 1106 2595; x_wconf 87' lang='lat' dir='ltr'><strong>continentiae</strong></span> <span class='ocrx_word' id='word_1_362' title='bbox 1124 2540 1198 2596; x_wconf 90' lang='lat' dir='ltr'><strong>dono</strong></span> <span class='ocrx_word' id='word_1_363' title='bbox 1216 2541 1384 2609; x_wconf 88' lang='lat' dir='ltr'><strong>destituitur,</strong></span> <span class='ocrx_word' id='word_1_364' title='bbox 1402 2543 1427 2597; x_wconf 90' lang='lat' dir='ltr'><strong>is</strong></span> <span class='ocrx_word' id='word_1_365' title='bbox 1444 2544 1755 2618; x_wconf 84' lang='lat' dir='ltr'><strong>nondebetprcpterea</strong></span> 
     </span>
     <span class='ocr_line' id='line_1_27' title="bbox 56 2627 1753 2705; baseline 0.005 -24"><span class='ocrx_word' id='word_1_366' title='bbox 56 2632 140 2688; x_wconf 81' lang='lat' dir='ltr'><strong>Rom.</strong></span> <span class='ocrx_word' id='word_1_367' title='bbox 166 2637 197 2699; x_wconf 83' lang='lat'><strong>8,</strong></span> <span class='ocrx_word' id='word_1_368' title='bbox 220 2648 247 2688; x_wconf 83' lang='grc' dir='ltr'><strong>τ,</strong></span> <span class='ocrx_word' id='word_1_369' title='bbox 274 2636 315 2687; x_wconf 81' lang='lat'><strong>38.</strong></span> <span class='ocrx_word' id='word_1_370' title='bbox 355 2638 378 2688; x_wconf 84' lang='lat'><strong>1,</strong></span> <span class='ocrx_word' id='word_1_371' title='bbox 398 2632 459 2688; x_wconf 78' lang='lat' dir='ltr'><strong>cor,</strong></span> <span class='ocrx_word' id='word_1_372' title='bbox 488 2639 519 2697; x_wconf 85' lang='lat'><strong>3,</strong></span> <span class='ocrx_word' id='word_1_373' title='bbox 542 2650 569 2689; x_wconf 79' lang='lat' dir='ltr'><strong>v,</strong></span> <span class='ocrx_word' id='word_1_374' title='bbox 588 2636 629 2688; x_wconf 81' lang='lat'><strong>22,</strong></span> <span class='ocrx_word' id='word_1_375' title='bbox 670 2632 732 2687; x_wconf 75' lang='lat' dir='ltr'><strong>Gal.</strong></span> <span class='ocrx_word' id='word_1_376' title='bbox 767 2638 798 2696; x_wconf 88' lang='lat'><strong>1,</strong></span> <span class='ocrx_word' id='word_1_377' title='bbox 822 2649 847 2684; x_wconf 87' lang='lat' dir='ltr'><strong>v.</strong></span> <span class='ocrx_word' id='word_1_378' title='bbox 867 2636 892 2686; x_wconf 78' lang='grc'><strong>4.</strong></span> <span class='ocrx_word' id='word_1_379' title='bbox 920 2628 1043 2682; x_wconf 88' lang='lat' dir='ltr'><strong>animum</strong></span> <span class='ocrx_word' id='word_1_380' title='bbox 1063 2627 1236 2699; x_wconf 85' lang='lat' dir='ltr'><strong>despondere</strong></span> <span class='ocrx_word' id='word_1_381' title='bbox 1254 2629 1418 2685; x_wconf 89' lang='lat' dir='ltr'><strong>solationem</strong></span> <span class='ocrx_word' id='word_1_382' title='bbox 1438 2631 1476 2687; x_wconf 92' lang='lat' dir='ltr'><strong>ab</strong></span> <span class='ocrx_word' id='word_1_383' title='bbox 1496 2648 1581 2688; x_wconf 85' lang='lat' dir='ltr'><strong>uxore</strong></span> <span class='ocrx_word' id='word_1_384' title='bbox 1595 2634 1753 2705; x_wconf 88' lang='lat' dir='ltr'><strong>quaerendo</strong></span> 
     </span>
     <span class='ocr_line' id='line_1_28' title="bbox 58 2712 1868 2790; baseline 0.001 -17"><span class='ocrx_word' id='word_1_385' title='bbox 58 2717 146 2773; x_wconf 87' lang='lat' dir='ltr'><strong>Hebr.</strong></span> <span class='ocrx_word' id='word_1_386' title='bbox 171 2724 201 2787; x_wconf 84' lang='lat'><strong>9,</strong></span> <span class='ocrx_word' id='word_1_387' title='bbox 226 2735 252 2773; x_wconf 85' lang='lat' dir='ltr'><strong>v.</strong></span> <span class='ocrx_word' id='word_1_388' title='bbox 272 2725 297 2775; x_wconf 83' lang='lat'><strong>9.</strong></span> <span class='ocrx_word' id='word_1_389' title='bbox 316 2720 352 2772; x_wconf 80' lang='lat' dir='ltr'><strong>sle</strong></span> <span class='ocrx_word' id='word_1_390' title='bbox 368 2734 400 2772; x_wconf 85' lang='lat' dir='ltr'><strong>re</strong></span> <span class='ocrx_word' id='word_1_391' title='bbox 417 2718 545 2789; x_wconf 75' lang='lat' dir='ltr'><strong>proxime</strong></span> <span class='ocrx_word' id='word_1_392' title='bbox 561 2719 683 2773; x_wconf 87' lang='lat' dir='ltr'><strong>instante</strong></span> <span class='ocrx_word' id='word_1_393' title='bbox 708 2724 732 2773; x_wconf 82' lang='lat'><strong>2.</strong></span> <span class='ocrx_word' id='word_1_394' title='bbox 750 2716 847 2772; x_wconf 88' lang='lat' dir='ltr'><strong>Thess.</strong></span> <span class='ocrx_word' id='word_1_395' title='bbox 867 2721 892 2783; x_wconf 83' lang='lat'><strong>2,</strong></span> <span class='ocrx_word' id='word_1_396' title='bbox 919 2712 964 2767; x_wconf 85' lang='lat' dir='ltr'><strong>vel</strong></span> <span class='ocrx_word' id='word_1_397' title='bbox 993 2713 1148 2769; x_wconf 88' lang='lat' dir='ltr'><strong>ustionibus</strong></span> <span class='ocrx_word' id='word_1_398' title='bbox 1179 2714 1364 2787; x_wconf 83' lang='lat' dir='ltr'><strong>indulgendo,</strong></span> <span class='ocrx_word' id='word_1_399' title='bbox 1391 2716 1440 2771; x_wconf 89' lang='lat' dir='ltr'><strong>sed</strong></span> <span class='ocrx_word' id='word_1_400' title='bbox 1470 2716 1507 2772; x_wconf 92' lang='lat' dir='ltr'><strong>sit</strong></span> <span class='ocrx_word' id='word_1_401' title='bbox 1537 2726 1672 2790; x_wconf 84' lang='lat' dir='ltr'><strong>tanquam</strong></span> <span class='ocrx_word' id='word_1_402' title='bbox 1698 2731 1868 2777; x_wconf 76' lang='lat' dir='ltr'><strong>mnarum.</strong></span> 
     </span>
     <span class='ocr_line' id='line_1_29' title="bbox 56 2799 1755 2876; baseline 0.004 -19"><span class='ocrx_word' id='word_1_403' title='bbox 56 2822 81 2858; x_wconf 93' lang='lat' dir='ltr'><strong>v.</strong></span> <span class='ocrx_word' id='word_1_404' title='bbox 104 2810 128 2859; x_wconf 79' lang='lat'><strong>2.</strong></span> <span class='ocrx_word' id='word_1_405' title='bbox 160 2809 185 2860; x_wconf 81' lang='grc'><strong>2.</strong></span> <span class='ocrx_word' id='word_1_406' title='bbox 204 2803 276 2857; x_wconf 78' lang='lat' dir='ltr'><strong>Tim.</strong></span> <span class='ocrx_word' id='word_1_407' title='bbox 294 2810 318 2871; x_wconf 82' lang='lat'><strong>3,</strong></span> <span class='ocrx_word' id='word_1_408' title='bbox 335 2822 361 2857; x_wconf 90' lang='lat' dir='ltr'><strong>v.</strong></span> <span class='ocrx_word' id='word_1_409' title='bbox 382 2810 404 2861; x_wconf 89' lang='lat'><strong>1.</strong></span> <span class='ocrx_word' id='word_1_410' title='bbox 432 2804 488 2861; x_wconf 87' lang='lat' dir='ltr'><strong>Per</strong></span> <span class='ocrx_word' id='word_1_411' title='bbox 504 2804 576 2859; x_wconf 90' lang='lat' dir='ltr'><strong>hanc</strong></span> <span class='ocrx_word' id='word_1_412' title='bbox 595 2805 748 2860; x_wconf 72' lang='grc' dir='ltr'><strong><em>ἐνεστῶσαν</em></strong></span> <span class='ocrx_word' id='word_1_413' title='bbox 768 2800 893 2872; x_wconf 72' lang='grc' dir='ltr'><strong><em>ἀνάγκην</em></strong></span> <span class='ocrx_word' id='word_1_414' title='bbox 919 2799 1033 2867; x_wconf 78' lang='lat' dir='ltr'><strong>hahens,</strong></span> <span class='ocrx_word' id='word_1_415' title='bbox 1051 2799 1104 2856; x_wconf 91' lang='lat' dir='ltr'><strong>hoc</strong></span> <span class='ocrx_word' id='word_1_416' title='bbox 1122 2806 1165 2856; x_wconf 91' lang='lat' dir='ltr'><strong>est</strong></span> <span class='ocrx_word' id='word_1_417' title='bbox 1184 2818 1240 2856; x_wconf 92' lang='lat' dir='ltr'><strong>non</strong></span> <span class='ocrx_word' id='word_1_418' title='bbox 1258 2801 1299 2857; x_wconf 92' lang='lat' dir='ltr'><strong>ita</strong></span> <span class='ocrx_word' id='word_1_419' title='bbox 1315 2802 1444 2857; x_wconf 89' lang='lat' dir='ltr'><strong>addictas</strong></span> <span class='ocrx_word' id='word_1_420' title='bbox 1462 2804 1587 2861; x_wconf 89' lang='lat' dir='ltr'><strong>situxcri</strong></span> <span class='ocrx_word' id='word_1_421' title='bbox 1605 2805 1755 2876; x_wconf 87' lang='lat' dir='ltr'><strong>acliberia,</strong></span> 
     </span>
     <span class='ocr_line' id='line_1_30' title="bbox 58 2887 1754 2962; baseline 0.004 -19"><span class='ocrx_word' id='word_1_422' title='bbox 58 2890 173 2961; x_wconf 86' lang='lat' dir='ltr'><strong>qnidam</strong></span> <span class='ocrx_word' id='word_1_423' title='bbox 210 2890 372 2962; x_wconf 77' lang='lat' dir='ltr'><strong>intelligunt</strong></span> <span class='ocrx_word' id='word_1_424' title='bbox 409 2892 600 2946; x_wconf 66' lang='lat' dir='ltr'><strong>sancitatem</strong></span> <span class='ocrx_word' id='word_1_425' title='bbox 630 2891 821 2945; x_wconf 83' lang='lat' dir='ltr'><strong>descendendi</strong></span> <span class='ocrx_word' id='word_1_426' title='bbox 853 2892 894 2944; x_wconf 76' lang='lat' dir='ltr'><strong>eid</strong></span> <span class='ocrx_word' id='word_1_427' title='bbox 920 2890 952 2941; x_wconf 90' lang='lat' dir='ltr'><strong>ut</strong></span> <span class='ocrx_word' id='word_1_428' title='bbox 969 2894 1116 2959; x_wconf 84' lang='lat' dir='ltr'><strong>propterea</strong></span> <span class='ocrx_word' id='word_1_429' title='bbox 1137 2887 1337 2945; x_wconf 86' lang='lat' dir='ltr'><strong>confessionem</strong></span> <span class='ocrx_word' id='word_1_430' title='bbox 1355 2889 1392 2955; x_wconf 80' lang='lat' dir='ltr'><strong>:in</strong></span> <span class='ocrx_word' id='word_1_431' title='bbox 1412 2891 1603 2961; x_wconf 89' lang='lat' dir='ltr'><strong>perseeutione</strong></span> <span class='ocrx_word' id='word_1_432' title='bbox 1623 2893 1690 2949; x_wconf 87' lang='lat' dir='ltr'><strong>velit</strong></span> <span class='ocrx_word' id='word_1_433' title='bbox 1706 2893 1754 2949; x_wconf 83' lang='lat' dir='ltr'><strong>ab</strong></span> 
     </span>
     <span class='ocr_line' id='line_1_31' title="bbox 56 2973 1754 3049; baseline 0.004 -20"><span class='ocrx_word' id='word_1_434' title='bbox 56 2977 192 3046; x_wconf 80' lang='lat' dir='ltr'><strong>conjapia</strong></span> <span class='ocrx_word' id='word_1_435' title='bbox 210 2977 350 3047; x_wconf 86' lang='lat' dir='ltr'><strong>imparia,</strong></span> <span class='ocrx_word' id='word_1_436' title='bbox 375 2976 428 3032; x_wconf 92' lang='lat' dir='ltr'><strong>hoc</strong></span> <span class='ocrx_word' id='word_1_437' title='bbox 447 2982 490 3033; x_wconf 89' lang='lat' dir='ltr'><strong>est</strong></span> <span class='ocrx_word' id='word_1_438' title='bbox 507 2994 570 3033; x_wconf 89' lang='lat' dir='ltr'><strong>cum</strong></span> <span class='ocrx_word' id='word_1_439' title='bbox 591 2976 751 3033; x_wconf 87' lang='lat' dir='ltr'><strong>infidelibus</strong></span> <span class='ocrx_word' id='word_1_440' title='bbox 775 2976 893 3049; x_wconf 83' lang='lat' dir='ltr'><strong>paganis</strong></span> <span class='ocrx_word' id='word_1_441' title='bbox 916 2973 1012 3043; x_wconf 89' lang='lat' dir='ltr'><strong>jieere,</strong></span> <span class='ocrx_word' id='word_1_442' title='bbox 1030 2974 1079 3031; x_wconf 88' lang='lat' dir='ltr'><strong>sed</strong></span> <span class='ocrx_word' id='word_1_443' title='bbox 1099 2975 1181 3040; x_wconf 92' lang='lat' dir='ltr'><strong>sciat,</strong></span> <span class='ocrx_word' id='word_1_444' title='bbox 1212 2974 1303 3030; x_wconf 91' lang='lat' dir='ltr'><strong>Deum</strong></span> <span class='ocrx_word' id='word_1_445' title='bbox 1322 2976 1374 3031; x_wconf 89' lang='lat' dir='ltr'><strong>sibi</strong></span> <span class='ocrx_word' id='word_1_446' title='bbox 1393 2976 1559 3048; x_wconf 84' lang='lat' dir='ltr'><strong>affuturum,</strong></span> <span class='ocrx_word' id='word_1_447' title='bbox 1584 2984 1613 3035; x_wconf 89' lang='lat' dir='ltr'><strong>et</strong></span> <span class='ocrx_word' id='word_1_448' title='bbox 1631 2980 1672 3035; x_wconf 90' lang='lat' dir='ltr'><strong>sic</strong></span> <span class='ocrx_word' id='word_1_449' title='bbox 1689 2996 1754 3035; x_wconf 91' lang='lat' dir='ltr'><strong>con·</strong></span> 
     </span>
     <span class='ocr_line' id='line_1_32' title="bbox 56 3060 1754 3135; baseline 0.002 -19"><span class='ocrx_word' id='word_1_450' title='bbox 56 3062 101 3116; x_wconf 89' lang='lat' dir='ltr'><strong>vel</strong></span> <span class='ocrx_word' id='word_1_451' title='bbox 119 3061 237 3117; x_wconf 89' lang='lat' dir='ltr'><strong>Judaeis</strong></span> <span class='ocrx_word' id='word_1_452' title='bbox 260 3062 289 3116; x_wconf 94' lang='lat' dir='ltr'><strong>in</strong></span> <span class='ocrx_word' id='word_1_453' title='bbox 314 3066 395 3117; x_wconf 74' lang='lat' dir='ltr'><strong>muta</strong></span> <span class='ocrx_word' id='word_1_454' title='bbox 421 3062 640 3120; x_wconf 73' lang='lat' dir='ltr'><strong>Chfisflanorum</strong></span> <span class='ocrx_word' id='word_1_455' title='bbox 664 3063 806 3135; x_wconf 87' lang='lat' dir='ltr'><strong>paucitate</strong></span> <span class='ocrx_word' id='word_1_456' title='bbox 829 3079 892 3118; x_wconf 91' lang='lat' dir='ltr'><strong>con·</strong></span> <span class='ocrx_word' id='word_1_457' title='bbox 920 3060 1005 3116; x_wconf 84' lang='lat' dir='ltr'><strong>lessio</strong></span> <span class='ocrx_word' id='word_1_458' title='bbox 1023 3061 1076 3116; x_wconf 87' lang='lat' dir='ltr'><strong>crit</strong></span> <span class='ocrx_word' id='word_1_459' title='bbox 1093 3061 1234 3117; x_wconf 85' lang='lat' dir='ltr'><strong>illustrior.</strong></span> <span class='ocrx_word' id='word_1_460' title='bbox 1267 3068 1292 3119; x_wconf 82' lang='lat'><strong>2.</strong></span> <span class='ocrx_word' id='word_1_461' title='bbox 1313 3062 1423 3120; x_wconf 90' lang='lat' dir='ltr'><strong>Bonum</strong></span> <span class='ocrx_word' id='word_1_462' title='bbox 1440 3069 1605 3121; x_wconf 86' lang='lat' dir='ltr'><strong>estmanere</strong></span> <span class='ocrx_word' id='word_1_463' title='bbox 1619 3065 1754 3122; x_wconf 88' lang='lat' dir='ltr'><strong>coelibem</strong></span> 
     </span>
     <span class='ocr_line' id='line_1_33' title="bbox 31 3147 1756 3221; baseline -0.001 -15"><span class='ocrx_word' id='word_1_464' title='bbox 31 3148 203 3215; x_wconf 67' lang='lat' dir='ltr'><strong>,trahenda</strong></span> <span class='ocrx_word' id='word_1_465' title='bbox 224 3148 272 3204; x_wconf 90' lang='lat' dir='ltr'><strong>sed</strong></span> <span class='ocrx_word' id='word_1_466' title='bbox 291 3150 358 3219; x_wconf 89' lang='lat' dir='ltr'><strong>quin</strong></span> <span class='ocrx_word' id='word_1_467' title='bbox 375 3149 404 3203; x_wconf 92' lang='lat' dir='ltr'><strong>in</strong></span> <span class='ocrx_word' id='word_1_468' title='bbox 422 3150 503 3205; x_wconf 88' lang='lat' dir='ltr'><strong>tertio</strong></span> <span class='ocrx_word' id='word_1_469' title='bbox 520 3150 643 3207; x_wconf 89' lang='lat' dir='ltr'><strong>membro</strong></span> <span class='ocrx_word' id='word_1_470' title='bbox 662 3150 773 3221; x_wconf 90' lang='lat' dir='ltr'><strong>proprie</strong></span> <span class='ocrx_word' id='word_1_471' title='bbox 792 3150 828 3205; x_wconf 91' lang='lat' dir='ltr'><strong>de</strong></span> <span class='ocrx_word' id='word_1_472' title='bbox 844 3148 894 3204; x_wconf 90' lang='lat' dir='ltr'><strong>illa</strong></span> <span class='ocrx_word' id='word_1_473' title='bbox 919 3150 1033 3217; x_wconf 87' lang='lat' dir='ltr'><strong>propter</strong></span> <span class='ocrx_word' id='word_1_474' title='bbox 1059 3149 1196 3217; x_wconf 86' lang='lat' dir='ltr'><strong>majorem</strong></span> <span class='ocrx_word' id='word_1_475' title='bbox 1230 3147 1305 3203; x_wconf 82' lang='lat' dir='ltr'><strong>uitae</strong></span> <span class='ocrx_word' id='word_1_476' title='bbox 1335 3151 1577 3219; x_wconf 64' lang='lat' dir='ltr'><strong>tranquilitatem.</strong></span> <span class='ocrx_word' id='word_1_477' title='bbox 1602 3167 1628 3207; x_wconf 86' lang='lat' dir='ltr'><strong>v.</strong></span> <span class='ocrx_word' id='word_1_478' title='bbox 1651 3156 1695 3209; x_wconf 78' lang='lat'><strong>28:</strong></span> <span class='ocrx_word' id='word_1_479' title='bbox 1721 3151 1756 3206; x_wconf 82' lang='lat' dir='ltr'><strong>Si</strong></span> 
     </span>
     <span class='ocr_line' id='line_1_34' title="bbox 58 3234 1754 3309; baseline 0.001 -18"><span class='ocrx_word' id='word_1_480' title='bbox 58 3235 253 3307; x_wconf 85' lang='lat' dir='ltr'><strong>conjugiorum</strong></span> <span class='ocrx_word' id='word_1_481' title='bbox 274 3235 472 3306; x_wconf 86' lang='lat' dir='ltr'><strong>inaequalitate</strong></span> <span class='ocrx_word' id='word_1_482' title='bbox 485 3238 585 3308; x_wconf 78' lang='lat' dir='ltr'><strong>agitur,</strong></span> <span class='ocrx_word' id='word_1_483' title='bbox 600 3237 663 3293; x_wconf 90' lang='lat' dir='ltr'><strong>ideo</strong></span> <span class='ocrx_word' id='word_1_484' title='bbox 676 3254 725 3309; x_wconf 88' lang='lat' dir='ltr'><strong>per</strong></span> <span class='ocrx_word' id='word_1_485' title='bbox 739 3237 894 3292; x_wconf 74' lang='grc' dir='ltr'><strong><em>ἐνεστῶσαν</em></strong></span> <span class='ocrx_word' id='word_1_486' title='bbox 920 3234 1063 3303; x_wconf 81' lang='lat' dir='ltr'><strong>acceperis</strong></span> <span class='ocrx_word' id='word_1_487' title='bbox 1081 3251 1203 3303; x_wconf 82' lang='lat' dir='ltr'><strong>acorem,</strong></span> <span class='ocrx_word' id='word_1_488' title='bbox 1225 3252 1280 3289; x_wconf 90' lang='lat' dir='ltr'><strong>non</strong></span> <span class='ocrx_word' id='word_1_489' title='bbox 1291 3236 1428 3305; x_wconf 84' lang='lat' dir='ltr'><strong>peccasti,</strong></span> <span class='ocrx_word' id='word_1_490' title='bbox 1446 3244 1472 3290; x_wconf 83' lang='lat' dir='ltr'><strong>et</strong></span> <span class='ocrx_word' id='word_1_491' title='bbox 1483 3237 1510 3290; x_wconf 86' lang='lat' dir='ltr'><strong>ai</strong></span> <span class='ocrx_word' id='word_1_492' title='bbox 1525 3238 1652 3307; x_wconf 84' lang='lat' dir='ltr'><strong>aapsait</strong></span> <span class='ocrx_word' id='word_1_493' title='bbox 1664 3239 1754 3308; x_wconf 77' lang='lat' dir='ltr'><strong>sirpe,</strong></span> 
     </span>
     <span class='ocr_line' id='line_1_35' title="bbox 59 3320 1755 3395; baseline 0.001 -20"><span class='ocrx_word' id='word_1_494' title='bbox 59 3321 185 3393; x_wconf 76' lang='grc' dir='ltr'><strong><em>ἀνάγκην</em></strong></span> <span class='ocrx_word' id='word_1_495' title='bbox 204 3320 307 3376; x_wconf 87' lang='lat' dir='ltr'><strong>rectius</strong></span> <span class='ocrx_word' id='word_1_496' title='bbox 319 3322 514 3395; x_wconf 79' lang='lat' dir='ltr'><strong>intelliguntur</strong></span> <span class='ocrx_word' id='word_1_497' title='bbox 527 3322 652 3394; x_wconf 90' lang='lat' dir='ltr'><strong>pericula</strong></span> <span class='ocrx_word' id='word_1_498' title='bbox 662 3324 892 3394; x_wconf 88' lang='lat' dir='ltr'><strong>persecutionum,</strong></span> <span class='ocrx_word' id='word_1_499' title='bbox 920 3337 975 3374; x_wconf 89' lang='lat' dir='ltr'><strong>non</strong></span> <span class='ocrx_word' id='word_1_500' title='bbox 998 3322 1141 3391; x_wconf 82' lang='lat' dir='ltr'><strong>peccarit,</strong></span> <span class='ocrx_word' id='word_1_501' title='bbox 1173 3320 1382 3376; x_wconf 79' lang='lat' dir='ltr'><strong>tribulationem</strong></span> <span class='ocrx_word' id='word_1_502' title='bbox 1411 3330 1504 3378; x_wconf 91' lang='lat' dir='ltr'><strong>tamen</strong></span> <span class='ocrx_word' id='word_1_503' title='bbox 1532 3324 1629 3377; x_wconf 80' lang='lat' dir='ltr'><strong>camis</strong></span> <span class='ocrx_word' id='word_1_504' title='bbox 1654 3324 1700 3380; x_wconf 91' lang='lat' dir='ltr'><strong>vel</strong></span> <span class='ocrx_word' id='word_1_505' title='bbox 1725 3323 1755 3377; x_wconf 94' lang='lat' dir='ltr'><strong>in</strong></span> 
     </span>
     <span class='ocr_line' id='line_1_36' title="bbox 60 3407 1754 3482; baseline 0.001 -19"><span class='ocrx_word' id='word_1_506' title='bbox 60 3407 178 3480; x_wconf 86' lang='lat' dir='ltr'><strong>quadiu</strong></span> <span class='ocrx_word' id='word_1_507' title='bbox 191 3412 270 3462; x_wconf 89' lang='lat' dir='ltr'><strong>tanto</strong></span> <span class='ocrx_word' id='word_1_508' title='bbox 279 3407 450 3464; x_wconf 76' lang='lat' dir='ltr'><strong>iudaeorum</strong></span> <span class='ocrx_word' id='word_1_509' title='bbox 462 3415 492 3465; x_wconf 92' lang='lat' dir='ltr'><strong>et</strong></span> <span class='ocrx_word' id='word_1_510' title='bbox 499 3408 671 3465; x_wconf 83' lang='lat' dir='ltr'><strong>ethnicarum</strong></span> <span class='ocrx_word' id='word_1_511' title='bbox 680 3410 891 3482; x_wconf 83' lang='lat' dir='ltr'><strong>magistratuum</strong></span> <span class='ocrx_word' id='word_1_512' title='bbox 919 3423 1003 3461; x_wconf 90' lang='lat' dir='ltr'><strong>carne</strong></span> <span class='ocrx_word' id='word_1_513' title='bbox 1021 3407 1156 3462; x_wconf 77' lang='lat' dir='ltr'><strong>lababunt</strong></span> <span class='ocrx_word' id='word_1_514' title='bbox 1175 3408 1353 3477; x_wconf 78' lang='lat' dir='ltr'><strong>tiijaemadi,</strong></span> <span class='ocrx_word' id='word_1_515' title='bbox 1377 3424 1427 3477; x_wconf 81' lang='lat' dir='ltr'><strong>epa</strong></span> <span class='ocrx_word' id='word_1_516' title='bbox 1445 3417 1538 3464; x_wconf 86' lang='lat' dir='ltr'><strong>antem</strong></span> <span class='ocrx_word' id='word_1_517' title='bbox 1561 3410 1754 3482; x_wconf 81' lang='lat' dir='ltr'><strong>salisparsa.</strong></span> 
     </span>
     <span class='ocr_line' id='line_1_37' title="bbox 58 3492 1755 3567; baseline 0.001 -18"><span class='ocrx_word' id='word_1_518' title='bbox 58 3500 157 3549; x_wconf 71' lang='lat' dir='ltr'><strong>cenna</strong></span> <span class='ocrx_word' id='word_1_519' title='bbox 173 3492 309 3564; x_wconf 81' lang='lat' dir='ltr'><strong>evangelii</strong></span> <span class='ocrx_word' id='word_1_520' title='bbox 328 3494 482 3550; x_wconf 86' lang='lat' dir='ltr'><strong>doctrinam</strong></span> <span class='ocrx_word' id='word_1_521' title='bbox 500 3495 564 3551; x_wconf 92' lang='lat' dir='ltr'><strong>odio</strong></span> <span class='ocrx_word' id='word_1_522' title='bbox 580 3512 613 3550; x_wconf 86' lang='lat' dir='ltr'><strong>ec</strong></span> <span class='ocrx_word' id='word_1_523' title='bbox 625 3496 718 3552; x_wconf 84' lang='lat' dir='ltr'><strong>farore</strong></span> <span class='ocrx_word' id='word_1_524' title='bbox 730 3495 893 3552; x_wconf 77' lang='lat' dir='ltr'><strong>Christianis</strong></span> <span class='ocrx_word' id='word_1_525' title='bbox 920 3494 974 3548; x_wconf 87' lang='lat' dir='ltr'><strong>Per</strong></span> <span class='ocrx_word' id='word_1_526' title='bbox 1000 3492 1105 3564; x_wconf 72' lang='grc' dir='ltr'><strong><em>’θλίψιν</em></strong></span> <span class='ocrx_word' id='word_1_527' title='bbox 1132 3493 1264 3565; x_wconf 79' lang='lat' dir='ltr'><strong>intelligit</strong></span> <span class='ocrx_word' id='word_1_528' title='bbox 1290 3494 1431 3565; x_wconf 87' lang='lat' dir='ltr'><strong>apostolus</strong></span> <span class='ocrx_word' id='word_1_529' title='bbox 1452 3495 1618 3567; x_wconf 87' lang='lat' dir='ltr'><strong>multiplices</strong></span> <span class='ocrx_word' id='word_1_530' title='bbox 1642 3496 1755 3551; x_wconf 88' lang='lat' dir='ltr'><strong>calami-</strong></span> 
     </span>
     <span class='ocr_line' id='line_1_38' title="bbox 59 3579 1753 3654; baseline -0.001 -17"><span class='ocrx_word' id='word_1_531' title='bbox 59 3598 92 3637; x_wconf 86' lang='lat' dir='ltr'><strong>eo</strong></span> <span class='ocrx_word' id='word_1_532' title='bbox 114 3586 240 3651; x_wconf 88' lang='lat' dir='ltr'><strong>tempore</strong></span> <span class='ocrx_word' id='word_1_533' title='bbox 264 3579 388 3652; x_wconf 90' lang='lat' dir='ltr'><strong>quotidie</strong></span> <span class='ocrx_word' id='word_1_534' title='bbox 407 3580 548 3638; x_wconf 91' lang='lat' dir='ltr'><strong>timendae</strong></span> <span class='ocrx_word' id='word_1_535' title='bbox 567 3590 646 3638; x_wconf 90' lang='lat' dir='ltr'><strong>erant</strong></span> <span class='ocrx_word' id='word_1_536' title='bbox 670 3582 893 3654; x_wconf 85' lang='lat' dir='ltr'><strong>proscriptiones,</strong></span> <span class='ocrx_word' id='word_1_537' title='bbox 919 3583 991 3636; x_wconf 90' lang='lat' dir='ltr'><strong>tates</strong></span> <span class='ocrx_word' id='word_1_538' title='bbox 1007 3586 1036 3635; x_wconf 91' lang='lat' dir='ltr'><strong>et</strong></span> <span class='ocrx_word' id='word_1_539' title='bbox 1054 3580 1246 3650; x_wconf 85' lang='lat' dir='ltr'><strong>adversitates,</strong></span> <span class='ocrx_word' id='word_1_540' title='bbox 1264 3597 1337 3651; x_wconf 88' lang='lat' dir='ltr'><strong>quae</strong></span> <span class='ocrx_word' id='word_1_541' title='bbox 1355 3580 1384 3635; x_wconf 90' lang='lat' dir='ltr'><strong>in</strong></span> <span class='ocrx_word' id='word_1_542' title='bbox 1403 3581 1533 3652; x_wconf 79' lang='lat' dir='ltr'><strong>conjugio</strong></span> <span class='ocrx_word' id='word_1_543' title='bbox 1552 3581 1642 3637; x_wconf 92' lang='lat' dir='ltr'><strong>solent</strong></span> <span class='ocrx_word' id='word_1_544' title='bbox 1659 3582 1753 3652; x_wconf 90' lang='lat' dir='ltr'><strong>objici,</strong></span> 
     </span>
     <span class='ocr_line' id='line_1_39' title="bbox 59 3665 1754 3738; baseline 0.001 -16"><span class='ocrx_word' id='word_1_545' title='bbox 59 3666 230 3738; x_wconf 90' lang='lat' dir='ltr'><strong>direptiones</strong></span> <span class='ocrx_word' id='word_1_546' title='bbox 247 3665 426 3737; x_wconf 79' lang='lat' dir='ltr'><strong>facultatum,</strong></span> <span class='ocrx_word' id='word_1_547' title='bbox 445 3667 588 3735; x_wconf 84' lang='lat' dir='ltr'><strong>infamiae,</strong></span> <span class='ocrx_word' id='word_1_548' title='bbox 606 3669 717 3724; x_wconf 90' lang='lat' dir='ltr'><strong>vincula</strong></span> <span class='ocrx_word' id='word_1_549' title='bbox 735 3675 763 3724; x_wconf 91' lang='lat' dir='ltr'><strong>et</strong></span> <span class='ocrx_word' id='word_1_550' title='bbox 788 3668 893 3736; x_wconf 87' lang='lat' dir='ltr'><strong>exsilia,</strong></span> <span class='ocrx_word' id='word_1_551' title='bbox 919 3666 1016 3737; x_wconf 92' lang='lat' dir='ltr'><strong>quales</strong></span> <span class='ocrx_word' id='word_1_552' title='bbox 1036 3671 1102 3720; x_wconf 91' lang='lat' dir='ltr'><strong>sunt</strong></span> <span class='ocrx_word' id='word_1_553' title='bbox 1129 3666 1323 3722; x_wconf 84' lang='lat' dir='ltr'><strong>molestiaene</strong></span> <span class='ocrx_word' id='word_1_554' title='bbox 1350 3667 1458 3722; x_wconf 91' lang='lat' dir='ltr'><strong>dolores</strong></span> <span class='ocrx_word' id='word_1_555' title='bbox 1489 3672 1586 3738; x_wconf 91' lang='lat' dir='ltr'><strong>partus</strong></span> <span class='ocrx_word' id='word_1_556' title='bbox 1604 3667 1633 3721; x_wconf 92' lang='lat' dir='ltr'><strong>ln</strong></span> <span class='ocrx_word' id='word_1_557' title='bbox 1660 3684 1754 3737; x_wconf 88' lang='lat' dir='ltr'><strong>uxore,</strong></span> 
     </span>
     <span class='ocr_line' id='line_1_40' title="bbox 60 3751 1753 3827; baseline 0.001 -19"><span class='ocrx_word' id='word_1_558' title='bbox 60 3754 190 3825; x_wconf 89' lang='lat' dir='ltr'><strong>adeoque</strong></span> <span class='ocrx_word' id='word_1_559' title='bbox 207 3752 294 3809; x_wconf 90' lang='lat' dir='ltr'><strong>omnis</strong></span> <span class='ocrx_word' id='word_1_560' title='bbox 312 3754 422 3826; x_wconf 74' lang='lat' dir='ltr'><strong>generis</strong></span> <span class='ocrx_word' id='word_1_561' title='bbox 437 3755 657 3825; x_wconf 86' lang='lat' dir='ltr'><strong>persecutiones,</strong></span> <span class='ocrx_word' id='word_1_562' title='bbox 690 3773 772 3827; x_wconf 90' lang='lat' dir='ltr'><strong>quam</strong></span> <span class='ocrx_word' id='word_1_563' title='bbox 799 3771 893 3810; x_wconf 89' lang='lat' dir='ltr'><strong>neces·</strong></span> <span class='ocrx_word' id='word_1_564' title='bbox 920 3752 1034 3807; x_wconf 86' lang='lat' dir='ltr'><strong>sudores</strong></span> <span class='ocrx_word' id='word_1_565' title='bbox 1052 3751 1155 3807; x_wconf 88' lang='lat' dir='ltr'><strong>laboris</strong></span> <span class='ocrx_word' id='word_1_566' title='bbox 1174 3752 1203 3807; x_wconf 92' lang='lat' dir='ltr'><strong>in</strong></span> <span class='ocrx_word' id='word_1_567' title='bbox 1231 3753 1343 3822; x_wconf 89' lang='lat' dir='ltr'><strong>marito,</strong></span> <span class='ocrx_word' id='word_1_568' title='bbox 1372 3753 1482 3824; x_wconf 90' lang='lat' dir='ltr'><strong>utrique</strong></span> <span class='ocrx_word' id='word_1_569' title='bbox 1508 3753 1661 3810; x_wconf 90' lang='lat' dir='ltr'><strong>communis</strong></span> <span class='ocrx_word' id='word_1_570' title='bbox 1685 3752 1753 3809; x_wconf 77' lang='lat' dir='ltr'><strong>libe</strong></span> 
     </span>
     <span class='ocr_line' id='line_1_41' title="bbox 62 3837 1754 3913; baseline 0.001 -19"><span class='ocrx_word' id='word_1_571' title='bbox 62 3841 175 3895; x_wconf 85' lang='lat' dir='ltr'><strong>sitatem</strong></span> <span class='ocrx_word' id='word_1_572' title='bbox 202 3844 284 3896; x_wconf 90' lang='lat' dir='ltr'><strong>vocat</strong></span> <span class='ocrx_word' id='word_1_573' title='bbox 300 3841 473 3906; x_wconf 70' lang='grc' dir='ltr'><strong><em>ἐνεστῶσαν,</em></strong></span> <span class='ocrx_word' id='word_1_574' title='bbox 502 3840 568 3912; x_wconf 89' lang='lat' dir='ltr'><strong>quia</strong></span> <span class='ocrx_word' id='word_1_575' title='bbox 584 3840 710 3913; x_wconf 88' lang='lat' dir='ltr'><strong>pericula</strong></span> <span class='ocrx_word' id='word_1_576' title='bbox 735 3841 783 3896; x_wconf 92' lang='lat' dir='ltr'><strong>illa</strong></span> <span class='ocrx_word' id='word_1_577' title='bbox 802 3857 893 3912; x_wconf 89' lang='lat' dir='ltr'><strong>perse·</strong></span> <span class='ocrx_word' id='word_1_578' title='bbox 919 3854 1012 3892; x_wconf 91' lang='lat' dir='ltr'><strong>rorum</strong></span> <span class='ocrx_word' id='word_1_579' title='bbox 1037 3837 1180 3903; x_wconf 88' lang='lat' dir='ltr'><strong>educatio,</strong></span> <span class='ocrx_word' id='word_1_580' title='bbox 1206 3838 1328 3894; x_wconf 81' lang='lat' dir='ltr'><strong>familiae</strong></span> <span class='ocrx_word' id='word_1_581' title='bbox 1345 3838 1526 3910; x_wconf 79' lang='lat' dir='ltr'><strong>gubernatio,</strong></span> <span class='ocrx_word' id='word_1_582' title='bbox 1551 3839 1591 3895; x_wconf 89' lang='lat' dir='ltr'><strong>rei</strong></span> <span class='ocrx_word' id='word_1_583' title='bbox 1608 3839 1754 3896; x_wconf 85' lang='lat' dir='ltr'><strong>familiaris</strong></span> 
     </span>
     <span class='ocr_line' id='line_1_42' title="bbox 59 3923 1753 4000; baseline 0.001 -18"><span class='ocrx_word' id='word_1_584' title='bbox 59 3929 203 3982; x_wconf 88' lang='lat' dir='ltr'><strong>cationum</strong></span> <span class='ocrx_word' id='word_1_585' title='bbox 232 3925 348 3998; x_wconf 81' lang='lat' dir='ltr'><strong>singulis</strong></span> <span class='ocrx_word' id='word_1_586' title='bbox 372 3924 456 3991; x_wconf 90' lang='lat' dir='ltr'><strong>horis,</strong></span> <span class='ocrx_word' id='word_1_587' title='bbox 485 3927 540 3983; x_wconf 90' lang='lat' dir='ltr'><strong>imo</strong></span> <span class='ocrx_word' id='word_1_588' title='bbox 570 3930 718 3983; x_wconf 84' lang='lat' dir='ltr'><strong>momentis</strong></span> <span class='ocrx_word' id='word_1_589' title='bbox 740 3928 819 4000; x_wconf 88' lang='lat' dir='ltr'><strong>qnasi</strong></span> <span class='ocrx_word' id='word_1_590' title='bbox 844 3928 894 3983; x_wconf 91' lang='lat' dir='ltr'><strong>im·</strong></span> <span class='ocrx_word' id='word_1_591' title='bbox 920 3923 1067 3995; x_wconf 90' lang='lat' dir='ltr'><strong>acquisitio</strong></span> <span class='ocrx_word' id='word_1_592' title='bbox 1098 3929 1127 3978; x_wconf 92' lang='lat' dir='ltr'><strong>et</strong></span> <span class='ocrx_word' id='word_1_593' title='bbox 1156 3925 1328 3979; x_wconf 86' lang='lat' dir='ltr'><strong>conservatio</strong></span> <span class='ocrx_word' id='word_1_594' title='bbox 1354 3930 1407 3981; x_wconf 90' lang='lat' dir='ltr'><strong>ete.</strong></span> <span class='ocrx_word' id='word_1_595' title='bbox 1453 3925 1499 3981; x_wconf 88' lang='lat' dir='ltr'><strong>Ab</strong></span> <span class='ocrx_word' id='word_1_596' title='bbox 1534 3925 1589 3980; x_wconf 90' lang='lat' dir='ltr'><strong>illis</strong></span> <span class='ocrx_word' id='word_1_597' title='bbox 1625 3926 1753 3983; x_wconf 90' lang='lat' dir='ltr'><strong>omnibus</strong></span> 
     </span>
     <span class='ocr_line' id='line_1_43' title="bbox 59 4008 1754 4085; baseline 0 -16"><span class='ocrx_word' id='word_1_598' title='bbox 59 4012 223 4085; x_wconf 90' lang='lat' dir='ltr'><strong>pendebant</strong></span> <span class='ocrx_word' id='word_1_599' title='bbox 256 4011 474 4068; x_wconf 82' lang='lat' dir='ltr'><strong>Christianorum</strong></span> <span class='ocrx_word' id='word_1_600' title='bbox 510 4014 672 4070; x_wconf 86' lang='lat' dir='ltr'><strong>cervicibus.</strong></span> <span class='ocrx_word' id='word_1_601' title='bbox 725 4015 758 4069; x_wconf 95' lang='lat' dir='ltr'><strong>In</strong></span> <span class='ocrx_word' id='word_1_602' title='bbox 789 4014 894 4070; x_wconf 86' lang='lat' dir='ltr'><strong>talibas</strong></span> <span class='ocrx_word' id='word_1_603' title='bbox 920 4010 1029 4067; x_wconf 91' lang='lat' dir='ltr'><strong>coelebs</strong></span> <span class='ocrx_word' id='word_1_604' title='bbox 1054 4008 1126 4065; x_wconf 90' lang='lat' dir='ltr'><strong>liber</strong></span> <span class='ocrx_word' id='word_1_605' title='bbox 1148 4014 1191 4064; x_wconf 88' lang='lat' dir='ltr'><strong>est</strong></span> <span class='ocrx_word' id='word_1_606' title='bbox 1213 4026 1248 4065; x_wconf 91' lang='lat' dir='ltr'><strong>ac</strong></span> <span class='ocrx_word' id='word_1_607' title='bbox 1271 4010 1388 4081; x_wconf 90' lang='lat' dir='ltr'><strong>proinde</strong></span> <span class='ocrx_word' id='word_1_608' title='bbox 1419 4012 1524 4082; x_wconf 86' lang='lat' dir='ltr'><strong>majore</strong></span> <span class='ocrx_word' id='word_1_609' title='bbox 1551 4013 1754 4084; x_wconf 86' lang='lat' dir='ltr'><strong>tranquillitate</strong></span> 
     </span>
     <span class='ocr_line' id='line_1_44' title="bbox 58 4096 1753 4174; baseline -0.002 -17"><span class='ocrx_word' id='word_1_610' title='bbox 58 4100 181 4173; x_wconf 88' lang='lat' dir='ltr'><strong>publicis</strong></span> <span class='ocrx_word' id='word_1_611' title='bbox 207 4100 445 4171; x_wconf 85' lang='lat' dir='ltr'><strong>persecutionibus</strong></span> <span class='ocrx_word' id='word_1_612' title='bbox 468 4117 501 4155; x_wconf 91' lang='lat' dir='ltr'><strong>ac</strong></span> <span class='ocrx_word' id='word_1_613' title='bbox 526 4102 696 4173; x_wconf 81' lang='lat' dir='ltr'><strong>gravissimis</strong></span> <span class='ocrx_word' id='word_1_614' title='bbox 723 4102 893 4174; x_wconf 90' lang='lat' dir='ltr'><strong>temporibus</strong></span> <span class='ocrx_word' id='word_1_615' title='bbox 919 4097 1028 4153; x_wconf 82' lang='lat' dir='ltr'><strong>fruitur.</strong></span> <span class='ocrx_word' id='word_1_616' title='bbox 1073 4096 1118 4153; x_wconf 89' lang='lat' dir='ltr'><strong>De</strong></span> <span class='ocrx_word' id='word_1_617' title='bbox 1140 4096 1183 4151; x_wconf 90' lang='lat' dir='ltr'><strong>his</strong></span> <span class='ocrx_word' id='word_1_618' title='bbox 1207 4096 1329 4169; x_wconf 80' lang='lat' dir='ltr'><strong>conjugii</strong></span> <span class='ocrx_word' id='word_1_619' title='bbox 1349 4096 1530 4153; x_wconf 90' lang='lat' dir='ltr'><strong>incommodis</strong></span> <span class='ocrx_word' id='word_1_620' title='bbox 1553 4098 1686 4169; x_wconf 80' lang='lat' dir='ltr'><strong>graphice</strong></span> <span class='ocrx_word' id='word_1_621' title='bbox 1706 4099 1753 4154; x_wconf 92' lang='lat' dir='ltr'><strong>de·</strong></span> 
     </span>
     <span class='ocr_line' id='line_1_45' title="bbox 60 4182 1753 4305; baseline -0.002 -63"><span class='ocrx_word' id='word_1_622' title='bbox 60 4187 220 4259; x_wconf 79' lang='lat' dir='ltr'><strong>conjugatis</strong></span> <span class='ocrx_word' id='word_1_623' title='bbox 239 4186 318 4241; x_wconf 90' lang='lat' dir='ltr'><strong>dolor</strong></span> <span class='ocrx_word' id='word_1_624' title='bbox 334 4186 500 4257; x_wconf 89' lang='lat' dir='ltr'><strong>duplicatur,</strong></span> <span class='ocrx_word' id='word_1_625' title='bbox 520 4188 632 4259; x_wconf 89' lang='lat' dir='ltr'><strong>quando</strong></span> <span class='ocrx_word' id='word_1_626' title='bbox 650 4188 822 4244; x_wconf 90' lang='lat' dir='ltr'><strong>scilicetnon</strong></span> <span class='ocrx_word' id='word_1_627' title='bbox 840 4184 1068 4305; x_wconf 81' lang='lat' dir='ltr'><strong>ipsi,pingcndis</strong></span> <span class='ocrx_word' id='word_1_628' title='bbox 1087 4183 1196 4239; x_wconf 86' lang='lat' dir='ltr'><strong>laborat</strong></span> <span class='ocrx_word' id='word_1_629' title='bbox 1214 4182 1392 4238; x_wconf 88' lang='lat' dir='ltr'><strong>Bemhardns</strong></span> <span class='ocrx_word' id='word_1_630' title='bbox 1403 4188 1484 4238; x_wconf 90' lang='lat' dir='ltr'><strong>tract.</strong></span> <span class='ocrx_word' id='word_1_631' title='bbox 1502 4183 1537 4238; x_wconf 93' lang='lat' dir='ltr'><strong>de</strong></span> <span class='ocrx_word' id='word_1_632' title='bbox 1556 4200 1628 4255; x_wconf 90' lang='lat' dir='ltr'><strong>pass.</strong></span> <span class='ocrx_word' id='word_1_633' title='bbox 1640 4184 1753 4239; x_wconf 90' lang='lat' dir='ltr'><strong>Domini</strong></span> 
     </span>
     <span class='ocr_line' id='line_1_46' title="bbox 59 4269 1753 4345; baseline -0.001 -17"><span class='ocrx_word' id='word_1_634' title='bbox 59 4272 152 4328; x_wconf 87' lang='lat' dir='ltr'><strong>solum</strong></span> <span class='ocrx_word' id='word_1_635' title='bbox 176 4271 265 4326; x_wconf 86' lang='lat' dir='ltr'><strong>exsilii</strong></span> <span class='ocrx_word' id='word_1_636' title='bbox 283 4270 425 4329; x_wconf 83' lang='lat' dir='ltr'><strong>molestias</strong></span> <span class='ocrx_word' id='word_1_637' title='bbox 443 4274 544 4330; x_wconf 88' lang='lat' dir='ltr'><strong>sentire</strong></span> <span class='ocrx_word' id='word_1_638' title='bbox 562 4281 714 4345; x_wconf 85' lang='lat' dir='ltr'><strong>coguntur,</strong></span> <span class='ocrx_word' id='word_1_639' title='bbox 742 4275 792 4329; x_wconf 92' lang='lat' dir='ltr'><strong>scd</strong></span> <span class='ocrx_word' id='word_1_640' title='bbox 811 4274 893 4330; x_wconf 78' lang='lat' dir='ltr'><strong>efiam</strong></span> <span class='ocrx_word' id='word_1_641' title='bbox 921 4290 945 4328; x_wconf 93' lang='lat' dir='ltr'><strong>c.</strong></span> <span class='ocrx_word' id='word_1_642' title='bbox 963 4277 1004 4327; x_wconf 82' lang='lat'><strong>³0.</strong></span> <span class='ocrx_word' id='word_1_643' title='bbox 1022 4269 1073 4326; x_wconf 92' lang='lat' dir='ltr'><strong>col.</strong></span> <span class='ocrx_word' id='word_1_644' title='bbox 1095 4274 1168 4327; x_wconf 75' lang='grc'>1634.</span> <span class='ocrx_word' id='word_1_645' title='bbox 1210 4270 1281 4323; x_wconf 86' lang='lat' dir='ltr'><strong>Tria</strong></span> <span class='ocrx_word' id='word_1_646' title='bbox 1304 4269 1419 4340; x_wconf 91' lang='lat' dir='ltr'><strong>(inquit)</strong></span> <span class='ocrx_word' id='word_1_647' title='bbox 1444 4276 1509 4324; x_wconf 87' lang='lat' dir='ltr'><strong>eant</strong></span> <span class='ocrx_word' id='word_1_648' title='bbox 1528 4270 1704 4325; x_wconf 81' lang='lat' dir='ltr'><strong>incommoda</strong></span> <span class='ocrx_word' id='word_1_649' title='bbox 1723 4273 1753 4327; x_wconf 90' lang='lat' dir='ltr'><strong>in</strong></span> 
     </span>
     <span class='ocr_line' id='line_1_47' title="bbox 58 4312 1753 4433; baseline -0.001 -19"><span class='ocrx_word' id='word_1_650' title='bbox 58 4356 211 4429; x_wconf 78' lang='lat' dir='ltr'><strong>familiam,</strong></span> <span class='ocrx_word' id='word_1_651' title='bbox 241 4375 354 4414; x_wconf 87' lang='lat' dir='ltr'><strong>uxorem</strong></span> <span class='ocrx_word' id='word_1_652' title='bbox 372 4360 528 4433; x_wconf 77' lang='lat' dir='ltr'><strong>scilicetne</strong></span> <span class='ocrx_word' id='word_1_653' title='bbox 546 4361 662 4431; x_wconf 89' lang='lat' dir='ltr'><strong>liberos,</strong></span> <span class='ocrx_word' id='word_1_654' title='bbox 688 4361 894 4418; x_wconf 90' lang='lat' dir='ltr'><strong>circumducere</strong></span> <span class='ocrx_word' id='word_1_655' title='bbox 906 4312 1062 4430; x_wconf 51' lang='lat' dir='ltr'><strong>ypraesenti</strong></span> <span class='ocrx_word' id='word_1_656' title='bbox 1083 4356 1142 4409; x_wconf 85' lang='lat' dir='ltr'><strong>rita</strong></span> <span class='ocrx_word' id='word_1_657' title='bbox 1165 4356 1195 4409; x_wconf 88' lang='lat' dir='ltr'><strong>in</strong></span> <span class='ocrx_word' id='word_1_658' title='bbox 1213 4356 1385 4425; x_wconf 81' lang='lat' dir='ltr'><strong>conjapatis,</strong></span> <span class='ocrx_word' id='word_1_659' title='bbox 1407 4363 1529 4425; x_wconf 87' lang='lat' dir='ltr'><strong>propter</strong></span> <span class='ocrx_word' id='word_1_660' title='bbox 1547 4373 1619 4426; x_wconf 79' lang='lat' dir='ltr'><strong>qaas</strong></span> <span class='ocrx_word' id='word_1_661' title='bbox 1635 4357 1753 4412; x_wconf 83' lang='lat' dir='ltr'><strong>citanda</strong></span> 
     </span>
     <span class='ocr_line' id='line_1_48' title="bbox 59 4394 1753 4520; baseline 0.001 -23"><span class='ocrx_word' id='word_1_662' title='bbox 59 4451 88 4501; x_wconf 84' lang='lat' dir='ltr'><strong>et</strong></span> <span class='ocrx_word' id='word_1_663' title='bbox 105 4444 252 4516; x_wconf 88' lang='lat' dir='ltr'><strong>adspicere</strong></span> <span class='ocrx_word' id='word_1_664' title='bbox 271 4461 336 4500; x_wconf 90' lang='lat' dir='ltr'><strong>anos</strong></span> <span class='ocrx_word' id='word_1_665' title='bbox 353 4445 493 4517; x_wconf 89' lang='lat' dir='ltr'><strong>spoliatos,</strong></span> <span class='ocrx_word' id='word_1_666' title='bbox 512 4447 633 4517; x_wconf 91' lang='lat' dir='ltr'><strong>miseros,</strong></span> <span class='ocrx_word' id='word_1_667' title='bbox 650 4447 765 4503; x_wconf 86' lang='lat' dir='ltr'><strong>infamia</strong></span> <span class='ocrx_word' id='word_1_668' title='bbox 776 4453 894 4520; x_wconf 89' lang='lat' dir='ltr'><strong>notatos,</strong></span> <span class='ocrx_word' id='word_1_669' title='bbox 905 4394 909 4495; x_wconf 77' lang='lat' dir='ltr'><strong>i</strong></span> <span class='ocrx_word' id='word_1_670' title='bbox 920 4443 1071 4513; x_wconf 76' lang='lat' dir='ltr'><strong>sirpiculis</strong></span> <span class='ocrx_word' id='word_1_671' title='bbox 1090 4441 1206 4497; x_wconf 82' lang='lat' dir='ltr'><strong>castitas</strong></span> <span class='ocrx_word' id='word_1_672' title='bbox 1226 4449 1266 4495; x_wconf 85' lang='lat' dir='ltr'><strong>est</strong></span> <span class='ocrx_word' id='word_1_673' title='bbox 1284 4444 1452 4512; x_wconf 84' lang='lat' dir='ltr'><strong>appetenda.</strong></span> <span class='ocrx_word' id='word_1_674' title='bbox 1497 4442 1660 4498; x_wconf 84' lang='lat' dir='ltr'><strong>Praesentis</strong></span> <span class='ocrx_word' id='word_1_675' title='bbox 1678 4443 1753 4498; x_wconf 83' lang='lat' dir='ltr'><strong>uitae</strong></span> 
     </span>
     <span class='ocr_line' id='line_1_49' title="bbox 58 4510 1752 4605; baseline -0.001 -20"><span class='ocrx_word' id='word_1_676' title='bbox 58 4548 132 4604; x_wconf 90' lang='lat' dir='ltr'><strong>qnae</strong></span> <span class='ocrx_word' id='word_1_677' title='bbox 158 4530 292 4602; x_wconf 81' lang='lat' dir='ltr'><strong>cogitatio</strong></span> <span class='ocrx_word' id='word_1_678' title='bbox 321 4538 446 4602; x_wconf 90' lang='lat' dir='ltr'><strong>tempore</strong></span> <span class='ocrx_word' id='word_1_679' title='bbox 476 4533 674 4603; x_wconf 88' lang='lat' dir='ltr'><strong>persecutionis</strong></span> <span class='ocrx_word' id='word_1_680' title='bbox 700 4535 834 4605; x_wconf 89' lang='lat' dir='ltr'><strong>quosdam</strong></span> <span class='ocrx_word' id='word_1_681' title='bbox 861 4510 1096 4591; x_wconf 53' lang='lat' dir='ltr'><strong>cxiincommada</strong></span> <span class='ocrx_word' id='word_1_682' title='bbox 1114 4531 1172 4582; x_wconf 84' lang='lat' dir='ltr'><strong>dna</strong></span> <span class='ocrx_word' id='word_1_683' title='bbox 1190 4527 1320 4581; x_wconf 80' lang='lat' dir='ltr'><strong>tabernas</strong></span> <span class='ocrx_word' id='word_1_684' title='bbox 1334 4543 1367 4582; x_wconf 85' lang='lat' dir='ltr'><strong>ea</strong></span> <span class='ocrx_word' id='word_1_685' title='bbox 1384 4527 1598 4599; x_wconf 86' lang='lat' dir='ltr'><strong>maledictione,</strong></span> <span class='ocrx_word' id='word_1_686' title='bbox 1622 4546 1693 4599; x_wconf 82' lang='lat' dir='ltr'><strong>qaae</strong></span> <span class='ocrx_word' id='word_1_687' title='bbox 1711 4530 1752 4583; x_wconf 86' lang='lat' dir='ltr'><strong>ia·</strong></span> 
     </span>
     <span class='ocr_line' id='line_1_50' title="bbox 59 4582 1753 4689; baseline -0.002 -17"><span class='ocrx_word' id='word_1_688' title='bbox 59 4617 220 4689; x_wconf 82' lang='lat' dir='ltr'><strong>conjugatis</strong></span> <span class='ocrx_word' id='word_1_689' title='bbox 240 4616 310 4673; x_wconf 84' lang='lat' dir='ltr'><strong>iacit</strong></span> <span class='ocrx_word' id='word_1_690' title='bbox 327 4618 496 4673; x_wconf 86' lang='lat' dir='ltr'><strong>remissiores</strong></span> <span class='ocrx_word' id='word_1_691' title='bbox 517 4623 545 4673; x_wconf 90' lang='lat' dir='ltr'><strong>et</strong></span> <span class='ocrx_word' id='word_1_692' title='bbox 562 4618 711 4689; x_wconf 86' lang='lat' dir='ltr'><strong>tepidiores</strong></span> <span class='ocrx_word' id='word_1_693' title='bbox 724 4619 753 4674; x_wconf 93' lang='lat' dir='ltr'><strong>in</strong></span> <span class='ocrx_word' id='word_1_694' title='bbox 771 4621 893 4676; x_wconf 87' lang='lat' dir='ltr'><strong>veritatis</strong></span> <span class='ocrx_word' id='word_1_695' title='bbox 906 4582 909 4673; x_wconf 72' lang='lat' dir='ltr'><strong>l</strong></span> <span class='ocrx_word' id='word_1_696' title='bbox 916 4618 999 4686; x_wconf 83' lang='lat' dir='ltr'><strong>fliete</strong></span> <span class='ocrx_word' id='word_1_697' title='bbox 1017 4615 1074 4681; x_wconf 69' lang='lat' dir='ltr'><strong>ficit</strong></span> <span class='ocrx_word' id='word_1_698' title='bbox 1088 4615 1201 4685; x_wconf 86' lang='lat' dir='ltr'><strong>primae</strong></span> <span class='ocrx_word' id='word_1_699' title='bbox 1215 4614 1335 4683; x_wconf 88' lang='lat' dir='ltr'><strong>parenti</strong></span> <span class='ocrx_word' id='word_1_700' title='bbox 1350 4620 1464 4668; x_wconf 83' lang='lat' dir='ltr'><strong>nostrae</strong></span> <span class='ocrx_word' id='word_1_701' title='bbox 1480 4615 1560 4668; x_wconf 82' lang='lat' dir='ltr'><strong>Evae</strong></span> <span class='ocrx_word' id='word_1_702' title='bbox 1575 4622 1643 4684; x_wconf 85' lang='lat' dir='ltr'><strong>post</strong></span> <span class='ocrx_word' id='word_1_703' title='bbox 1662 4622 1753 4669; x_wconf 83' lang='lat' dir='ltr'><strong>trans·</strong></span> 
     </span>
     <span class='ocr_line' id='line_1_51' title="bbox 57 4680 1755 4795; baseline -0.002 -36"><span class='ocrx_word' id='word_1_704' title='bbox 57 4703 238 4775; x_wconf 84' lang='lat' dir='ltr'><strong>evangelicae</strong></span> <span class='ocrx_word' id='word_1_705' title='bbox 255 4702 436 4759; x_wconf 86' lang='lat' dir='ltr'><strong>confessione.</strong></span> <span class='ocrx_word' id='word_1_706' title='bbox 466 4704 529 4759; x_wconf 85' lang='lat' dir='ltr'><strong>Hoc</strong></span> <span class='ocrx_word' id='word_1_707' title='bbox 543 4722 610 4778; x_wconf 79' lang='lat' dir='ltr'><strong>crgo</strong></span> <span class='ocrx_word' id='word_1_708' title='bbox 623 4722 707 4761; x_wconf 90' lang='lat' dir='ltr'><strong>sensu</strong></span> <span class='ocrx_word' id='word_1_709' title='bbox 720 4712 749 4761; x_wconf 92' lang='lat' dir='ltr'><strong>et</strong></span> <span class='ocrx_word' id='word_1_710' title='bbox 766 4680 1088 4795; x_wconf 61' lang='lat' dir='ltr'><strong>respectuiyrsssienem</strong></span> <span class='ocrx_word' id='word_1_711' title='bbox 1104 4701 1231 4771; x_wconf 86' lang='lat' dir='ltr'><strong>peccati,</strong></span> <span class='ocrx_word' id='word_1_712' title='bbox 1262 4701 1327 4755; x_wconf 84' lang='lat' dir='ltr'><strong>Era</strong></span> <span class='ocrx_word' id='word_1_713' title='bbox 1345 4700 1418 4755; x_wconf 89' lang='lat' dir='ltr'><strong>enim</strong></span> <span class='ocrx_word' id='word_1_714' title='bbox 1437 4701 1559 4771; x_wconf 71' lang='lat' dir='ltr'><strong>dicatus,</strong></span> <span class='ocrx_word' id='word_1_715' title='bbox 1590 4700 1686 4754; x_wconf 83' lang='lat' dir='ltr'><strong>Adam</strong></span> <span class='ocrx_word' id='word_1_716' title='bbox 1703 4700 1755 4755; x_wconf 86' lang='lat' dir='ltr'><strong>ani</strong></span> 
     </span>
     <span class='ocr_line' id='line_1_52' title="bbox 58 4785 1828 4866; baseline -0.001 -21"><span class='ocrx_word' id='word_1_717' title='bbox 58 4789 202 4861; x_wconf 88' lang='lat' dir='ltr'><strong>apostolus</strong></span> <span class='ocrx_word' id='word_1_718' title='bbox 221 4788 383 4860; x_wconf 88' lang='lat' dir='ltr'><strong>pronuntiat</strong></span> <span class='ocrx_word' id='word_1_719' title='bbox 401 4806 461 4845; x_wconf 88' lang='lat' dir='ltr'><strong>essa</strong></span> <span class='ocrx_word' id='word_1_720' title='bbox 477 4788 565 4845; x_wconf 75' lang='lat' dir='ltr'><strong>satir</strong></span> <span class='ocrx_word' id='word_1_721' title='bbox 582 4794 627 4844; x_wconf 80' lang='lat' dir='ltr'><strong>sat</strong></span> <span class='ocrx_word' id='word_1_722' title='bbox 645 4796 808 4866; x_wconf 64' lang='grc' dir='ltr'><strong><em>συμφέρον,</em></strong></span> <span class='ocrx_word' id='word_1_723' title='bbox 834 4810 893 4849; x_wconf 92' lang='lat' dir='ltr'><strong>esse</strong></span> <span class='ocrx_word' id='word_1_724' title='bbox 920 4789 1114 4844; x_wconf 82' lang='lat' dir='ltr'><strong>maledictioni</strong></span> <span class='ocrx_word' id='word_1_725' title='bbox 1130 4786 1278 4856; x_wconf 80' lang='lat' dir='ltr'><strong>arsbjaeait.</strong></span> <span class='ocrx_word' id='word_1_726' title='bbox 1323 4785 1541 4842; x_wconf 79' lang='lat' dir='ltr'><strong>ltlaleetictianes</strong></span> <span class='ocrx_word' id='word_1_727' title='bbox 1558 4788 1639 4842; x_wconf 83' lang='lat' dir='ltr'><strong>Eece</strong></span> <span class='ocrx_word' id='word_1_728' title='bbox 1657 4795 1683 4841; x_wconf 85' lang='lat' dir='ltr'><strong>et</strong></span> <span class='ocrx_word' id='word_1_729' title='bbox 1699 4805 1753 4857; x_wconf 88' lang='lat' dir='ltr'><strong>per</strong></span> <span class='ocrx_word' id='word_1_730' title='bbox 1822 4830 1828 4843; x_wconf 97' lang='lat'><strong>.</strong></span> 
     </span>
     <span class='ocr_line' id='line_1_53' title="bbox 57 4871 1754 4949; baseline -0.002 -18"><span class='ocrx_word' id='word_1_731' title='bbox 57 4893 92 4931; x_wconf 89' lang='lat' dir='ltr'><strong>ac</strong></span> <span class='ocrx_word' id='word_1_732' title='bbox 109 4891 222 4931; x_wconf 92' lang='lat' dir='ltr'><strong>manere</strong></span> <span class='ocrx_word' id='word_1_733' title='bbox 242 4873 370 4949; x_wconf 75' lang='grc' dir='ltr'><strong><em>ἄγαμον,</em></strong></span> <span class='ocrx_word' id='word_1_734' title='bbox 398 4875 452 4930; x_wconf 92' lang='lat' dir='ltr'><strong>hoc</strong></span> <span class='ocrx_word' id='word_1_735' title='bbox 470 4881 512 4932; x_wconf 89' lang='lat' dir='ltr'><strong>est</strong></span> <span class='ocrx_word' id='word_1_736' title='bbox 528 4877 695 4934; x_wconf 88' lang='lat' dir='ltr'><strong>coelibatum</strong></span> <span class='ocrx_word' id='word_1_737' title='bbox 722 4878 750 4931; x_wconf 90' lang='lat' dir='ltr'><strong>in</strong></span> <span class='ocrx_word' id='word_1_738' title='bbox 769 4878 893 4949; x_wconf 90' lang='lat' dir='ltr'><strong>personis</strong></span> <span class='ocrx_word' id='word_1_739' title='bbox 920 4876 1013 4944; x_wconf 82' lang='lat' dir='ltr'><strong>ipsam</strong></span> <span class='ocrx_word' id='word_1_740' title='bbox 1042 4873 1163 4928; x_wconf 87' lang='lat' dir='ltr'><strong>omnium</strong></span> <span class='ocrx_word' id='word_1_741' title='bbox 1188 4871 1337 4927; x_wconf 72' lang='lat' dir='ltr'><strong>matema</strong></span> <span class='ocrx_word' id='word_1_742' title='bbox 1365 4880 1515 4943; x_wconf 67' lang='lat' dir='ltr'><strong>neptunum</strong></span> <span class='ocrx_word' id='word_1_743' title='bbox 1540 4875 1615 4928; x_wconf 81' lang='lat' dir='ltr'><strong>‹laae</strong></span> <span class='ocrx_word' id='word_1_744' title='bbox 1642 4881 1707 4928; x_wconf 83' lang='lat' dir='ltr'><strong>sant</strong></span> <span class='ocrx_word' id='word_1_745' title='bbox 1724 4876 1754 4929; x_wconf 89' lang='lat' dir='ltr'><strong>in</strong></span> 
     </span>
     <span class='ocr_line' id='line_1_54' title="bbox 57 4960 1755 5035; baseline 0.001 -19"><span class='ocrx_word' id='word_1_746' title='bbox 57 4961 167 5016; x_wconf 90' lang='lat' dir='ltr'><strong>idoneis</strong></span> <span class='ocrx_word' id='word_1_747' title='bbox 186 4960 228 5031; x_wconf 91' lang='lat' dir='ltr'><strong>(id</strong></span> <span class='ocrx_word' id='word_1_748' title='bbox 248 4961 324 5031; x_wconf 88' lang='lat' dir='ltr'><strong>qnod</strong></span> <span class='ocrx_word' id='word_1_749' title='bbox 343 4978 376 5015; x_wconf 87' lang='lat' dir='ltr'><strong>ex</strong></span> <span class='ocrx_word' id='word_1_750' title='bbox 393 4962 477 5018; x_wconf 87' lang='lat' dir='ltr'><strong>tertia</strong></span> <span class='ocrx_word' id='word_1_751' title='bbox 494 4963 682 5034; x_wconf 88' lang='lat' dir='ltr'><strong>propositione</strong></span> <span class='ocrx_word' id='word_1_752' title='bbox 700 4965 826 5035; x_wconf 90' lang='lat' dir='ltr'><strong>superins</strong></span> <span class='ocrx_word' id='word_1_753' title='bbox 846 4965 893 5021; x_wconf 91' lang='lat' dir='ltr'><strong>de·</strong></span> <span class='ocrx_word' id='word_1_754' title='bbox 916 4962 1062 5033; x_wconf 84' lang='lat' dir='ltr'><strong>praesenti</strong></span> <span class='ocrx_word' id='word_1_755' title='bbox 1080 4975 1236 5031; x_wconf 72' lang='lat' dir='ltr'><strong>expressae,</strong></span> <span class='ocrx_word' id='word_1_756' title='bbox 1253 4960 1360 5015; x_wconf 87' lang='lat' dir='ltr'><strong>scilicet</strong></span> <span class='ocrx_word' id='word_1_757' title='bbox 1378 4963 1455 5031; x_wconf 81' lang='lat' dir='ltr'><strong>quod</strong></span> <span class='ocrx_word' id='word_1_758' title='bbox 1472 4961 1502 5014; x_wconf 89' lang='lat' dir='ltr'><strong>in</strong></span> <span class='ocrx_word' id='word_1_759' title='bbox 1520 4961 1619 5016; x_wconf 84' lang='lat' dir='ltr'><strong>dolore</strong></span> <span class='ocrx_word' id='word_1_760' title='bbox 1634 4962 1755 5032; x_wconf 85' lang='lat' dir='ltr'><strong>pariant</strong></span> 
     </span>
     <span class='ocr_line' id='line_1_55' title="bbox 56 5047 1754 5127; baseline -0.001 -22"><span class='ocrx_word' id='word_1_761' title='bbox 56 5053 212 5105; x_wconf 73' lang='lat' dir='ltr'><strong>monamata</strong></span> <span class='ocrx_word' id='word_1_762' title='bbox 236 5064 345 5119; x_wconf 85' lang='lat' dir='ltr'><strong>semper</strong></span> <span class='ocrx_word' id='word_1_763' title='bbox 367 5049 537 5119; x_wconf 89' lang='lat' dir='ltr'><strong>addendum)</strong></span> <span class='ocrx_word' id='word_1_764' title='bbox 564 5066 624 5105; x_wconf 89' lang='lat' dir='ltr'><strong>esse</strong></span> <span class='ocrx_word' id='word_1_765' title='bbox 650 5050 847 5121; x_wconf 83' lang='lat' dir='ltr'><strong>expeditiorem</strong></span> <span class='ocrx_word' id='word_1_766' title='bbox 867 5049 1024 5127; x_wconf 68' lang='lat' dir='ltr'><strong>stliteraa</strong></span> <span class='ocrx_word' id='word_1_767' title='bbox 1053 5056 1079 5103; x_wconf 88' lang='lat' dir='ltr'><strong>et</strong></span> <span class='ocrx_word' id='word_1_768' title='bbox 1109 5048 1159 5102; x_wconf 72' lang='lat' dir='ltr'><strong>aab</strong></span> <span class='ocrx_word' id='word_1_769' title='bbox 1185 5054 1325 5116; x_wconf 84' lang='lat' dir='ltr'><strong>potestate</strong></span> <span class='ocrx_word' id='word_1_770' title='bbox 1354 5049 1478 5103; x_wconf 83' lang='lat' dir='ltr'><strong>uirorum</strong></span> <span class='ocrx_word' id='word_1_771' title='bbox 1507 5055 1579 5102; x_wconf 87' lang='lat' dir='ltr'><strong>snat.</strong></span> <span class='ocrx_word' id='word_1_772' title='bbox 1631 5047 1700 5112; x_wconf 82' lang='lat' dir='ltr'><strong>Quis</strong></span> <span class='ocrx_word' id='word_1_773' title='bbox 1728 5056 1754 5103; x_wconf 88' lang='lat' dir='ltr'><strong>ct</strong></span> 
     </span>
     <span class='ocr_line' id='line_1_56' title="bbox 56 5133 1754 5207; baseline -0.001 -17"><span class='ocrx_word' id='word_1_774' title='bbox 56 5135 273 5192; x_wconf 90' lang='lat' dir='ltr'><strong>commodiorem</strong></span> <span class='ocrx_word' id='word_1_775' title='bbox 288 5136 324 5191; x_wconf 89' lang='lat' dir='ltr'><strong>ud</strong></span> <span class='ocrx_word' id='word_1_776' title='bbox 338 5134 454 5191; x_wconf 86' lang='lat' dir='ltr'><strong>ferenda</strong></span> <span class='ocrx_word' id='word_1_777' title='bbox 467 5135 556 5192; x_wconf 85' lang='lat' dir='ltr'><strong>exsilii</strong></span> <span class='ocrx_word' id='word_1_778' title='bbox 574 5151 659 5191; x_wconf 89' lang='lat' dir='ltr'><strong>onera</strong></span> <span class='ocrx_word' id='word_1_779' title='bbox 678 5140 707 5191; x_wconf 92' lang='lat' dir='ltr'><strong>et</strong></span> <span class='ocrx_word' id='word_1_780' title='bbox 724 5137 891 5207; x_wconf 87' lang='lat' dir='ltr'><strong>persecutio·</strong></span> <span class='ocrx_word' id='word_1_781' title='bbox 906 5142 1041 5205; x_wconf 63' lang='lat' dir='ltr'><strong>quantae</strong></span> <span class='ocrx_word' id='word_1_782' title='bbox 1076 5134 1160 5188; x_wconf 84' lang='lat' dir='ltr'><strong>dolor</strong></span> <span class='ocrx_word' id='word_1_783' title='bbox 1194 5133 1231 5187; x_wconf 89' lang='lat' dir='ltr'><strong>sit</strong></span> <span class='ocrx_word' id='word_1_784' title='bbox 1261 5134 1432 5203; x_wconf 88' lang='lat' dir='ltr'><strong>parientiam</strong></span> <span class='ocrx_word' id='word_1_785' title='bbox 1461 5136 1630 5204; x_wconf 69' lang='lat' dir='ltr'><strong>mulierum,</strong></span> <span class='ocrx_word' id='word_1_786' title='bbox 1658 5135 1754 5189; x_wconf 76' lang='lat' dir='ltr'><strong>nullm</strong></span> 
     </span>
     <span class='ocr_line' id='line_1_57' title="bbox 56 5210 1753 5295; baseline -0.002 -18"><span class='ocrx_word' id='word_1_787' title='bbox 56 5240 126 5277; x_wconf 89' lang='lat' dir='ltr'><strong>num</strong></span> <span class='ocrx_word' id='word_1_788' title='bbox 158 5221 309 5277; x_wconf 91' lang='lat' dir='ltr'><strong>molestias.</strong></span> <span class='ocrx_word' id='word_1_789' title='bbox 361 5221 466 5278; x_wconf 79' lang='lat' dir='ltr'><strong>Alieni</strong></span> <span class='ocrx_word' id='word_1_790' title='bbox 497 5222 552 5277; x_wconf 91' lang='lat' dir='ltr'><strong>hue</strong></span> <span class='ocrx_word' id='word_1_791' title='bbox 587 5228 704 5295; x_wconf 89' lang='lat' dir='ltr'><strong>possunt</strong></span> <span class='ocrx_word' id='word_1_792' title='bbox 739 5210 1061 5278; x_wconf 51' lang='lat' dir='ltr'><strong>collationis&#39;lsomiaam</strong></span> <span class='ocrx_word' id='word_1_793' title='bbox 1078 5220 1163 5286; x_wconf 75' lang='lat' dir='ltr'><strong>amit,</strong></span> <span class='ocrx_word' id='word_1_794' title='bbox 1182 5219 1240 5273; x_wconf 86' lang='lat' dir='ltr'><strong>nisi</strong></span> <span class='ocrx_word' id='word_1_795' title='bbox 1256 5234 1327 5290; x_wconf 81' lang='lat' dir='ltr'><strong>qaae</strong></span> <span class='ocrx_word' id='word_1_796' title='bbox 1344 5226 1473 5291; x_wconf 73' lang='lat' dir='ltr'><strong>expertem</strong></span> <span class='ocrx_word' id='word_1_797' title='bbox 1493 5230 1558 5276; x_wconf 86' lang='lat' dir='ltr'><strong>eant</strong></span> <span class='ocrx_word' id='word_1_798' title='bbox 1575 5227 1626 5277; x_wconf 88' lang='lat' dir='ltr'><strong>etc.</strong></span> <span class='ocrx_word' id='word_1_799' title='bbox 1670 5222 1753 5275; x_wconf 88' lang='lat' dir='ltr'><strong>Hane</strong></span> 
     </span>
     <span class='ocr_line' id='line_1_58' title="bbox 56 5305 1752 5381; baseline -0.001 -19"><span class='ocrx_word' id='word_1_800' title='bbox 56 5308 152 5381; x_wconf 76' lang='lat' dir='ltr'><strong>gratia</strong></span> <span class='ocrx_word' id='word_1_801' title='bbox 178 5307 235 5363; x_wconf 83' lang='lat' dir='ltr'><strong>duo</strong></span> <span class='ocrx_word' id='word_1_802' title='bbox 251 5309 410 5378; x_wconf 74' lang='lat' dir='ltr'><strong>scripturae</strong></span> <span class='ocrx_word' id='word_1_803' title='bbox 433 5309 523 5379; x_wconf 76' lang='lat' dir='ltr'><strong>ueta,</strong></span> <span class='ocrx_word' id='word_1_804' title='bbox 554 5308 584 5361; x_wconf 86' lang='lat' dir='ltr'><strong>in</strong></span> <span class='ocrx_word' id='word_1_805' title='bbox 611 5308 713 5381; x_wconf 83' lang='lat' dir='ltr'><strong>quibus</strong></span> <span class='ocrx_word' id='word_1_806' title='bbox 740 5308 894 5364; x_wconf 82' lang='lat' dir='ltr'><strong>coelibatus</strong></span> <span class='ocrx_word' id='word_1_807' title='bbox 920 5307 1144 5363; x_wconf 80' lang='lat' dir='ltr'><strong>maledictionem</strong></span> <span class='ocrx_word' id='word_1_808' title='bbox 1179 5309 1300 5361; x_wconf 70' lang='lat' dir='ltr'><strong>solidant</strong></span> <span class='ocrx_word' id='word_1_809' title='bbox 1331 5305 1469 5377; x_wconf 83' lang='lat' dir='ltr'><strong>cirpines,</strong></span> <span class='ocrx_word' id='word_1_810' title='bbox 1507 5310 1629 5363; x_wconf 66' lang='lat' dir='ltr'><strong>madunt</strong></span> <span class='ocrx_word' id='word_1_811' title='bbox 1668 5308 1752 5362; x_wconf 81' lang='lat' dir='ltr'><strong>eliam</strong></span> 
     </span>
     <span class='ocr_line' id='line_1_59' title="bbox 57 5392 1755 5467; baseline -0.002 -16"><span class='ocrx_word' id='word_1_812' title='bbox 57 5395 235 5451; x_wconf 91' lang='lat' dir='ltr'><strong>commodum</strong></span> <span class='ocrx_word' id='word_1_813' title='bbox 266 5394 438 5467; x_wconf 89' lang='lat' dir='ltr'><strong>proponitur.</strong></span> <span class='ocrx_word' id='word_1_814' title='bbox 492 5397 593 5451; x_wconf 84' lang='lat' dir='ltr'><strong>Jerem.</strong></span> <span class='ocrx_word' id='word_1_815' title='bbox 633 5400 679 5460; x_wconf 84' lang='grc'><strong>16,</strong></span> <span class='ocrx_word' id='word_1_816' title='bbox 708 5410 735 5453; x_wconf 89' lang='lat' dir='ltr'><strong>v.</strong></span> <span class='ocrx_word' id='word_1_817' title='bbox 767 5400 790 5451; x_wconf 84' lang='lat'><strong>2.</strong></span> <span class='ocrx_word' id='word_1_818' title='bbox 828 5395 895 5451; x_wconf 88' lang='lat' dir='ltr'><strong>dicit</strong></span> <span class='ocrx_word' id='word_1_819' title='bbox 918 5395 1142 5449; x_wconf 81' lang='lat' dir='ltr'><strong>maledictionem</strong></span> <span class='ocrx_word' id='word_1_820' title='bbox 1173 5394 1341 5462; x_wconf 69' lang='lat' dir='ltr'><strong>amendant,</strong></span> <span class='ocrx_word' id='word_1_821' title='bbox 1373 5392 1480 5450; x_wconf 69' lang='lat' dir='ltr'><strong>sedicet</strong></span> <span class='ocrx_word' id='word_1_822' title='bbox 1511 5396 1589 5466; x_wconf 81' lang='lat' dir='ltr'><strong>qaod</strong></span> <span class='ocrx_word' id='word_1_823' title='bbox 1616 5393 1668 5449; x_wconf 87' lang='lat' dir='ltr'><strong>snb</strong></span> <span class='ocrx_word' id='word_1_824' title='bbox 1698 5392 1755 5448; x_wconf 87' lang='lat' dir='ltr'><strong>oiri</strong></span> 
     </span>
     <span class='ocr_line' id='line_1_60' title="bbox 55 5478 1753 5555; baseline -0.002 -19"><span class='ocrx_word' id='word_1_825' title='bbox 55 5481 197 5537; x_wconf 89' lang='lat' dir='ltr'><strong>Dominus</strong></span> <span class='ocrx_word' id='word_1_826' title='bbox 223 5478 260 5536; x_wconf 89' lang='lat' dir='ltr'><strong>ad</strong></span> <span class='ocrx_word' id='word_1_827' title='bbox 284 5481 461 5553; x_wconf 89' lang='lat' dir='ltr'><strong>prophetam:</strong></span> <span class='ocrx_word' id='word_1_828' title='bbox 483 5484 551 5537; x_wconf 88' lang='lat' dir='ltr'><strong>Non</strong></span> <span class='ocrx_word' id='word_1_829' title='bbox 580 5481 703 5555; x_wconf 83' lang='lat' dir='ltr'><strong>accipies</strong></span> <span class='ocrx_word' id='word_1_830' title='bbox 721 5498 850 5551; x_wconf 67' lang='lat' dir='ltr'><strong>moreni,</strong></span> <span class='ocrx_word' id='word_1_831' title='bbox 868 5490 894 5536; x_wconf 90' lang='lat' dir='ltr'><strong>et</strong></span> <span class='ocrx_word' id='word_1_832' title='bbox 919 5481 1047 5535; x_wconf 83' lang='lat' dir='ltr'><strong>martulis</strong></span> <span class='ocrx_word' id='word_1_833' title='bbox 1070 5486 1236 5551; x_wconf 87' lang='lat' dir='ltr'><strong>potestatem</strong></span> <span class='ocrx_word' id='word_1_834' title='bbox 1265 5499 1322 5537; x_wconf 73' lang='lat' dir='ltr'><strong>suaa</strong></span> <span class='ocrx_word' id='word_1_835' title='bbox 1354 5489 1418 5536; x_wconf 85' lang='lat' dir='ltr'><strong>eant</strong></span> <span class='ocrx_word' id='word_1_836' title='bbox 1440 5488 1492 5539; x_wconf 88' lang='lat' dir='ltr'><strong>etc.</strong></span> <span class='ocrx_word' id='word_1_837' title='bbox 1542 5481 1638 5537; x_wconf 85' lang='lat' dir='ltr'><strong>Tertia</strong></span> <span class='ocrx_word' id='word_1_838' title='bbox 1666 5498 1753 5534; x_wconf 81' lang='lat' dir='ltr'><strong>caasa</strong></span> 
     </span>
     <span class='ocr_line' id='line_1_61' title="bbox 55 5566 1753 5643; baseline -0.001 -18"><span class='ocrx_word' id='word_1_839' title='bbox 55 5586 115 5625; x_wconf 82' lang='lat' dir='ltr'><strong>aon</strong></span> <span class='ocrx_word' id='word_1_840' title='bbox 134 5575 216 5623; x_wconf 86' lang='lat' dir='ltr'><strong>erunt</strong></span> <span class='ocrx_word' id='word_1_841' title='bbox 231 5566 284 5623; x_wconf 83' lang='lat' dir='ltr'><strong>titi</strong></span> <span class='ocrx_word' id='word_1_842' title='bbox 300 5568 357 5637; x_wconf 78' lang='lat' dir='ltr'><strong>atii</strong></span> <span class='ocrx_word' id='word_1_843' title='bbox 370 5568 493 5637; x_wconf 73' lang='lat' dir='ltr'><strong>etsiliae</strong></span> <span class='ocrx_word' id='word_1_844' title='bbox 512 5570 542 5625; x_wconf 91' lang='lat' dir='ltr'><strong>in</strong></span> <span class='ocrx_word' id='word_1_845' title='bbox 559 5568 623 5626; x_wconf 88' lang='lat' dir='ltr'><strong>loco</strong></span> <span class='ocrx_word' id='word_1_846' title='bbox 640 5570 713 5643; x_wconf 86' lang='lat' dir='ltr'><strong>ista,·</strong></span> <span class='ocrx_word' id='word_1_847' title='bbox 737 5584 763 5629; x_wconf 76' lang='lat' dir='ltr'><strong>a.</strong></span> <span class='ocrx_word' id='word_1_848' title='bbox 785 5576 809 5631; x_wconf 84' lang='grc'><strong>3.</strong></span> <span class='ocrx_word' id='word_1_849' title='bbox 827 5569 892 5625; x_wconf 91' lang='lat' dir='ltr'><strong>sub·</strong></span> <span class='ocrx_word' id='word_1_850' title='bbox 919 5568 1092 5639; x_wconf 83' lang='lat' dir='ltr'><strong>appetendae</strong></span> <span class='ocrx_word' id='word_1_851' title='bbox 1126 5568 1299 5637; x_wconf 82' lang='lat' dir='ltr'><strong>airpinitatie</strong></span> <span class='ocrx_word' id='word_1_852' title='bbox 1324 5576 1364 5624; x_wconf 87' lang='lat' dir='ltr'><strong>est</strong></span> <span class='ocrx_word' id='word_1_853' title='bbox 1393 5570 1520 5625; x_wconf 72' lang='lat' dir='ltr'><strong>carniae</strong></span> <span class='ocrx_word' id='word_1_854' title='bbox 1552 5568 1753 5639; x_wconf 70' lang='lat' dir='ltr'><strong>multiprliciam</strong></span> 
     </span>
    </p>
   </div>
   <div class='ocr_carea' id='block_1_3' title="bbox 0 0 2016 6020">
    <p class='ocr_par' dir='ltr' id='par_1_3' title="bbox 0 0 2016 6020">
     <span class='ocr_line' id='line_1_62' title="bbox 0 0 2016 6020; baseline 0 0"><span class='ocrx_word' id='word_1_855' title='bbox 0 0 2016 6020; x_wconf 95' lang='lat' dir='ltr'><strong> </strong></span> 
     </span>
    </p>
   </div>
  </div>
 </body>
</html>
