4020 6022
174 263 220 323 te
753 260 876 319 DOCUS
893 256 1098 317 mersurus
1115 257 1284 326 QUINTUS

173 427 234 469 esse
256 415 396 485 eorunm,
424 431 508 485 quam
531 434 586 472 non
609 416 738 474 habuerit
761 416 791 470 in
815 415 850 472 V.
868 414 903 472 T.
928 413 1005 487 quod
1032 410 1102 469 dunt
1113 413 1394 486 exemplsaVslerio
1405 413 1515 468 Maxim.
1526 412 1820 470 hbetmcmorabc.
1836 418 1861 469 ³.

173 498 313 572 significet
330 501 556 572 conjunctionem
574 501 677 558 Christi
701 519 764 558 cum
782 501 914 571 ecclesia,
933 517 1004 580 'non-
1030 498 1091 554 libr.
1118 507 1143 556 5.
1166 518 1190 556 c.
1215 506 1237 556 l.
1262 500 1397 571 adducta,
1422 517 1474 556 uec
1492 499 1581 555 solum
1603 500 1632 555 in
1650 499 1780 570 ecclesi&
1810 498 1860 556 sed

173 585 240 640 dum
257 594 350 643 minen
368 587 489 643 evictum
500 586 580 657 foret,
598 605 658 645 esse
676 593 881 644 sacramentum
894 585 1005 659 proprie
1031 585 1115 641 etiam
1134 593 1212 642 extra
1227 587 1372 644 ecclesiam
1390 586 1592 642 matrimonium
1610 591 1652 642 est
1668 585 1723 642 Dei
1741 585 1862 653 donum,

174 670 293 740 dictum,
317 690 349 728 eo
368 674 473 729 scilieet
490 673 587 743 modo,
612 690 668 746 quo
684 673 841 745 baptismus
860 680 888 728 ot
906 671 1004 728 euche—
1016 747 1018 759 Ι
1031 672 1129 745 quodsi
1149 690 1215 745 ergo
1242 690 1275 729 ex
1294 672 1338 727 his
1357 673 1526 744 argumentis
1551 671 1639 728 evinci
1659 676 1767 744 posset,
1794 687 1861 726 con·

172 756 252 811 ristia
280 765 344 813 sunt
368 764 547 823 sacramenta,
578 759 644 830 qnia
669 759 705 813 ad
728 758 785 813 tale
802 759 1108 830 sacramentumtjugio
1127 776 1188 814 esse
1205 759 1328 814 additam
1348 757 1557 829 promissionem
1582 759 1689 830 gratias
1708 773 1863 812 sacramen·

172 858 229 898 nou
247 843 352 898 suflicit
370 845 555 916 quodcunque
574 862 625 901 nec
642 846 832 917 cujuscunque
849 844 890 901 rei
908 816 1108 914 sacraeitalis,
1131 846 1228 917 utique
1247 846 1329 900 suam
1350 851 1427 900 extra
1444 843 1589 900 ecclesiam
1607 844 1768 916 conjugium
1790 848 1863 899 esset

173 927 295 999 signum,
324 929 374 983 sed
393 929 503 1001 signum
523 930 671 998 exbibens,
697 930 839 1001 applicans
868 936 896 985 et
912 928 1004 1002 obsig·
1031 937 1240 987 sacramentum.
1279 937 1303 987 3.
1320 931 1398 987 Deus
1426 930 1480 1002 piis
1503 930 1632 1002 precibus
1658 929 1862 1001 aconjugibus

173 1031 242 1069 nans
270 1015 387 1086 gratiam
412 1016 558 1088 evangelio
582 1017 739 1088 propriam,
768 1023 800 1071 ut
821 1016 933 1088 saepius
951 1014 1006 1070 fuit
1033 1025 1059 1074 et
1071 1017 1188 1073 ecclesia
1199 1018 1342 1074 invocatus
1353 1035 1404 1073 sus
1417 1017 1510 1090 grstia
1523 1022 1552 1073 et
1568 1016 1761 1073 benedictione
1782 1015 1863 1071 adest

173 1098 286 1156 dictum.
1031 1105 1161 1176 conjugio
1173 1104 1290 1175 piorum,
1307 1103 1425 1176 largitur
1437 1103 1505 1174 ipsis
1518 1102 1739 1171 foecunditatem,
1754 1101 1863 1158 felicem

48 1176 162 1278 falfi
216 1192 260 1242 35.
291 1190 319 1243 3.
346 1188 565 1242 Promissioncm
592 1206 658 1258 erpo
684 1189 798 1257 proriae
834 1188 918 1260 (quod
945 1192 1005 1244 erat
1032 1208 1188 1247 successum
1205 1191 1233 1245 in
1252 1191 1424 1256 oeconomia,
1451 1207 1610 1262 prosperam
1626 1189 1775 1246 liberorum
1795 1188 1862 1247 edn-

47 1289 82 1329 ιιο
99 1298 149 1338 grs-
175 1272 286 1328 tertium
302 1274 474 1346 requisitum)
491 1273 621 1345 conjugio
639 1290 699 1330 esse
719 1273 861 1343 additam,
887 1280 1006 1346 quatuor
1032 1279 1167 1334 cntionem
1179 1283 1230 1334 etc.
1248 1278 1349 1335 Psalm.
1367 1284 1423 1345 128,
1435 1297 1461 1334 v.
1475 1283 1499 1334 2.
1508 1285 1536 1334 et
1545 1282 1570 1336 3.
1585 1276 1730 1350 conjungit
1738 1275 1862 1348 ipsorum

47 1343 143 1431 {2⁸⁸0ssss
174 1357 332 1430 Soripturae
361 1359 442 1414 dictis
459 1359 642 1415 Bellarminus
660 1358 812 1417 confirmat.
851 1367 871 1416 l.
890 1360 961 1433 Eph.
980 1367 1003 1416 5.
1031 1364 1144 1435 animos,
1164 1371 1197 1419 nt
1216 1364 1302 1419 velint
1319 1381 1351 1419 ac
1369 1365 1476 1435 possint
1493 1363 1666 1420 individuam
1682 1363 1756 1418 ritae
1776 1362 1863 1418 socie-

45 1443 128 1536 {1113223
172 1447 333 1514 conjugium
357 1447 491 1499 statuitur
508 1447 618 1516 signum
638 1446 842 1515 conjunctionis
856 1444 963 1500 Cisristi
979 1454 1005 1500 et
1030 1458 1116 1506 estem
1133 1452 1236 1517 solere,
1258 1450 1341 1506 fidem
1360 1451 1538 1522 conjugalem
1560 1467 1684 1519 servare,
1709 1466 1803 1505 amore
1819 1448 1859 1503 in·

172 1532 303 1586 rectoriae
320 1549 376 1585 non
393 1533 482 1585 solum
496 1548 552 1601 per
563 1541 682 1586 naturae
700 1533 933 1602 conformitatem,
953 1534 1005 1587 sed
1029 1537 1118 1592 ricem
1136 1536 1322 1608 conglutinari
1341 1542 1369 1593 et
1387 1537 1416 1590 in
1434 1536 1482 1590 illo
1499 1553 1572 1591 nexu
1597 1534 1782 1591 indissolubili
1799 1549 1861 1607 per-

171 1618 255 1671 atiam
268 1635 322 1689 per
341 1619 517 1688 spirituatem
533 1622 699 1689 caritatem,·
725 1628 755 1674 at
779 1639 835 1675 non
857 1630 952 1690 posset
969 1621 1004 1674 ici
1031 1640 1140 1679 manere
1151 1630 1202 1678 etc.
1214 1623 1264 1677 sed
1276 1623 1346 1678 haec
1361 1622 1453 1677 omnia
1462 1621 1585 1678 nondum
1596 1621 1769 1678 constituunt
1783 1620 1860 1676 illam

170 1704 339 1775 significare,
357 1707 415 1759 nisi
430 1707 504 1760 inter
522 1708 611 1761 uirum
631 1715 657 1761 et
675 1724 788 1761 imorem
802 1715 919 1778 praeter
937 1707 1002 1761 ciui·
1028 1708 1164 1780 gratiam,
1195 1709 1275 1778 cujus
1298 1708 1442 1780 promissio
1466 1707 1504 1762 sd
1530 1712 1731 1769 sacamentum
1749 1705 1862 1777 proprie

171 1789 225 1843 iem
246 1799 418 1845 contractum
437 1801 508 1847 esset
525 1792 610 1846 etiam
627 1794 694 1846 unio
713 1794 875 1862 spiritualis
892 1795 998 1848 animo·
1029 1795 1134 1850 dictum
1152 1793 1309 1866 requiritur,
1328 1794 1395 1866 quia
1414 1794 1491 1849 Deus
1511 1792 1594 1848 etiam
1610 1793 1672 1847 aliis
1689 1792 1763 1848 vitae
1782 1792 1860 1848 stati·

170 1893 240 1930 rum.
278 1876 387 1939 Quodsi
404 1880 484 1932 Deus
502 1879 592 1934 cirum
606 1887 632 1933 et
648 1880 786 1944 seminam
802 1881 945 1950 conjungit
962 1881 1004 1933 ad
1028 1881 1079 1936 bus
1099 1897 1133 1936 ae
1151 1879 1294 1935 ordinibus
1311 1879 1532 1936 benedictionem
1552 1896 1630 1934 susm
1646 1879 1786 1950 promisit,
1810 1880 1860 1952 qui

171 1962 244 2016 brasc
255 1965 351 2034 finem,
369 1973 399 2018 ut
411 1965 560 2034 spirituali
576 1984 630 2020 sua
647 1965 750 2021 unione
766 1966 897 2019 unionem
916 1965 1001 2036 spiri·
1027 1971 1120 2023 tamen
1135 1983 1191 2022 non
1208 1972 1274 2021 sunt
1285 1972 1464 2035 sacramenta,
1482 1966 1631 2039 requiritur
1647 1972 1741 2022 autem
1759 1966 1797 2020 ad
1816 1982 1861 2020 sa·

171 2048 275 2103 malem
295 2049 403 2105 Christi
427 2057 453 2104 et
477 2051 611 2105 ecclcsiae
635 2052 805 2121 significent,
834 2052 895 2106 aas
915 2052 1000 2105 dubio
1027 2060 1197 2110 crumentum
1233 2052 1344 2124 proprie
1375 2052 1479 2108 dictum
1513 2051 1658 2122 promissio
1693 2052 1728 2106 de
1767 2052 1860 2124 gratia

176 2132 238 2188 iliis
253 2138 378 2208 gratiam
396 2136 532 2207 largitur,
553 2139 613 2192 sine
637 2155 692 2207 qua
719 2137 896 2208 spiritualem
920 2137 1001 2191 iiiam
1027 2138 1172 2210 evangelio
1188 2137 1307 2210 propria,
1332 2137 1361 2193 id
1384 2146 1426 2193 est
1445 2137 1479 2193 de
1504 2137 1664 2194 remissione
1682 2145 1860 2209 peccatorum

171 2222 300 2279 unionem
314 2224 518 2278 santabareni.
551 2228 574 2278 2.
592 2222 1001 2287 1.Tin.2‚v.15:Saisaostur
1026 2224 1170 2297 perillum
1189 2223 1273 2280 ritum
1291 2223 1459 2296 applicanda
1473 2228 1502 2281 et
1520 2223 1703 2296 obsignandi,
1722 2223 1812 2295 qualis
1831 2222 1861 2279 in

171 2308 273 2363 mulier
287 2325 344 2378 per
360 2310 563 2378 imirationem
577 2311 712 2380 filiorum,
729 2309 952 2380 sipermanserit
971 2309 1001 2361 in
1027 2311 1151 2383 conjugii
1168 2310 1342 2366 institutione
1360 2328 1416 2366 non
1435 2316 1478 2366 est
1495 2327 1632 2383 expressa.
1663 2316 1687 2366 4.
1706 2309 1763 2367 Ubi
1780 2311 1861 2367 adest

170 2394 227 2459 fide
245 2403 272 2449 et
290 2395 447 2461 dilectione,
466 2396 515 2450 ubi
539 2405 661 2467 quatuor
690 2396 762 2449 bona
781 2382 924 2449 intimarat
943 2411 1001 2448 ma·
1027 2396 1172 2469 promissio
1200 2397 1325 2470 gabae,
1354 2396 1394 2452 ibi
1421 2397 1503 2452 datur
1528 2403 1730 2452 sacramentum
1747 2395 1859 2468 proprie

171 2480 298 2536 trimonii
319 2481 476 2536 Christiani
492 2490 589 2536 ronna
607 2490 729 2551 quatuor
746 2483 834 2545 mma,
852 2482 1001 2551 quaeriue
1028 2484 1143 2553 dietum,
1157 2482 1411 2554 juxtaBellarmini
1428 2482 1604 2554 hypothesin.
1640 2484 1695 2540 Sed
1713 2481 1859 2554 promissio

171 2567 266 2634 pratia
285 2567 345 2621 Dei
361 2568 391 2621 in
411 2567 589 2623 matrimonio
606 2568 710 2622 evitari
724 2574 925 2639 nonpossunt;
938 2567 1001 2637 pri·
1028 2570 1149 2644 padue,
1177 2585 1260 2642 quam
1288 2569 1473 2625 Bellarminns
1493 2587 1527 2625 er
1552 2567 1595 2623 his
1614 2569 1697 2624 dictis
1717 2567 1859 2633 describit,
1872 2582 1910 2625 xv
1930 2581 1959 2624 tt.

172 2668 244 2705 mum
270 2661 311 2706 cst
340 2670 396 2707 non
430 2669 543 2707 screare
573 2653 689 2722 conjugi
713 2654 819 2722 fidem·
851 2654 1002 2706 secundum
1027 2654 1215 2712 loeurnbabet
1231 2656 1387 2711 noneolum
1404 2655 1433 2710 in
1448 2654 1577 2728 conjugio
1589 2655 1697 2726 piorum
1710 2655 1738 2709 in
1750 2653 1794 2719 N,
1807 2655 1857 2710 sed

173 2738 268 2792 odium
288 2745 314 2791 ct
330 2740 418 2807 ricae,
438 2757 508 2809 errae
527 2739 643 2794 subinde
662 2741 736 2793 inter
759 2740 891 2810 coniuges
908 2740 1003 2792 oriun-
1029 2743 1111 2798 etiam
1129 2742 1202 2798 inv.
1214 2740 1248 2799 T.
1258 2741 1325 2814 quia
1332 2746 1511 2812 praeceptum
1524 2740 1712 2812 apostolicum,
1721 2741 1862 2809 quodsiri

172 2836 237 2897 tur,·
258 2831 369 2884 tertium
394 2831 572 2885 immunditia
598 2831 735 2900 amidam
762 2837 789 2884 et
805 2831 951 2900 turpitudo
970 2847 1003 2884 ec
1030 2830 1151 2899 diligere
1172 2829 1290 2883 demam
1308 2846 1375 2883 suas
1392 2845 1507 2897 mores,
1533 2827 1605 2880 sicut
1628 2826 1756 2882 Christus
1774 2827 1859 2882 eecle-

171 2915 321 2973 rebellione
333 2918 533 2986 membrorum,-
553 2926 683 2987 prsartum
696 2919 919 2988 intemperantia.
946 2918 1003 2971 His
1028 2916 1101 2970 siam
1119 2915 1230 2979 dilicit,
1249 2923 1273 2969 et
1293 2932 1392 2970 uxores
1411 2915 1480 2968 uiris
1498 2914 1622 2978 obedire,
1645 2914 1716 2967 meru
1741 2913 1860 2967 ecelesia

172 3004 280 3058 Paulus
298 3006 414 3074 opponit
431 3006 524 3073 fidem,
546 3004 736 3074 ditectionem,
756 3004 1002 3071 sanctificationem
1029 3003 1122 3058 obedit
1150 3001 1272 3067 Uirrium
1298 3000 1373 3072 quod
1390 3001 1522 3072 conjuges
1545 3000 1684 3054 abstinere
1707 3001 1825 3053 debeant
1841 3018 1861 3052 a

172 3100 200 3146 et
215 3093 405 3162 sobrietatem,
430 3091 460 3145 ia
480 3093 580 3161 quitus
600 3093 823 3165 permanendum
845 3091 1002 3156 acediosi,
1027 3089 1218 3157 fornicatione
1230 3095 1256 3141 et
1264 3104 1315 3141 cas
1328 3104 1408 3140 snum
1417 3086 1566 3155 possidere
1578 3087 1608 3140 s’n
1620 3087 1860 3152 sanctificatione,·

172 3186 304 3249 mapsam
326 3179 357 3233 in
380 3180 443 3249 ipsa
468 3180 641 3234 matrimonii
663 3179 848 3234 celebratione
873 3179 1002 3247 acceptis.
1030 3174 1184 3232 encomium
1195 3171 1370 3240 matrimonii,
1390 3171 1464 3244 quod
1479 3170 1516 3226 sit
1526 3171 1579 3226 Dei
1592 3171 1695 3226 donum
1709 3178 1861 3227 estsancta

172 3269 197 3319 3.
234 3270 257 3320 1.
275 3263 337 3322 Cor.
359 3271 381 3320 i.
399 3266 544 3334 apostolus
562 3266 666 3319 donum
685 3264 744 3318 Dei
762 3272 842 3319 uocat
859 3265 1002 3319 matrimo-
1030 3263 1089 3333 ejus
1109 3260 1259 3328 ordinatio,
1284 3259 1466 3333 παραμύθιον
1482 3257 1645 3328 Paulinum,
1665 3261 1742 3328 pisod
1759 3259 1860 3314 mulier

171 3350 248 3405 nium
263 3358 292 3403 ut
314 3352 405 3420 ipram
424 3351 619 3422 uirginitatem.
639 3356 664 3407 4.
682 3357 704 3408 1.
717 3348 814 3407 Thess.
821 3355 845 3407 4.
857 3368 883 3405 r.
896 3355 920 3406 3.
935 3357 964 3405 et
977 3356 1002 3406 t.
1029 3349 1152 3404 solamur
1165 3364 1220 3417 per
1236 3347 1360 3411 iliorum
1377 3345 1599 3417 perorationem,
1624 3345 1654 3400 id
1679 3351 1721 3400 est
1738 3346 1813 3416 quod
1830 3346 1859 3399 in

171 3437 302 3492 bortatur
310 3439 486 3507 conjurarat
494 3438 652 3493 abstineant
661 3454 718 3492 sea
724 3438 1002 3502 fornicationsetoas
1029 3441 1104 3490 statu
1121 3431 1287 3489 matrimonii
1305 3432 1363 3487 sive
1381 3430 1410 3485 iu
1431 3436 1505 3486 statu
1521 3430 1673 3503 generandi
1692 3429 1764 3486 filios
1782 3430 1862 3487 salsa

170 3541 252 3577 essum
266 3523 432 3592 possideant
442 3524 473 3578 in
486 3525 714 3594 sanctificatione,
732 3542 814 3594 quam
832 3524 940 3579 rcsiicst
948 3540 1003 3594 per
1029 3521 1065 3575 sit
1090 3521 1197 3589 futura,
1226 3518 1250 3573 si
1284 3519 1466 3590 permanserit
1492 3518 1521 3572 in
1548 3515 1617 3587 fide,
1653 3517 1800 3572 dilectione
1832 3524 1860 3574 et

172 3609 380 3664 matrimonium
399 3619 572 3681 acceperunt.
608 3611 830 3682 Respondemus:
851 3611 881 3665 in
900 3626 1002 3683 genere
1028 3604 1253 3675 sanctificatione,
1266 3604 1344 3673 baec,
1357 3604 1477 3676 inquam,
1490 3603 1583 3658 omnia
1594 3603 1734 3674 pertinent
1749 3603 1786 3658 ad
1798 3604 1860 3677 pios

175 3701 197 3751 l.
215 3694 280 3751 talis
299 3696 442 3765 promissio
459 3697 565 3768 gratim
591 3698 768 3753 sacramentis
787 3697 897 3768 propris
919 3697 1001 3752 dictis
1028 3695 1161 3764 conjuges
1174 3691 1273 3746 tamin
1285 3690 1319 3746 V.
1337 3706 1421 3761 quam
1438 3688 1467 3742 in
1484 3687 1518 3744 N.
1535 3688 1567 3742 T.
1604 3686 1678 3759 Ergo
1699 3689 1860 3760 conjugium

172 3788 214 3839 est
230 3782 341 3849 addita,
367 3800 418 3856 per
435 3800 517 3856 quam
535 3782 607 3838 fiunt
623 3783 757 3840 amaturis
774 3800 880 3857 organa
897 3789 926 3840 et
945 3799 1001 3838 me·
1028 3781 1135 3852 piorum
1153 3777 1182 3832 in
1198 3776 1234 3833 V.
1246 3777 1279 3831 Τ.
1291 3775 1375 3831 etiam
1386 3775 1440 3829 fuit
1451 3781 1661 3839 sacramentum,
1679 3775 1753 3848 qnod
1765 3781 1859 3831 tamen

171 3868 228 3940 dis,
246 3867 347 3940 quibus
365 3869 508 3939 promissio
533 3869 640 3941 gratias
665 3870 700 3925 de
725 3869 884 3925 remissione
903 3886 1000 3940 pecca·
1028 3865 1093 3921 totis
1104 3864 1209 3919 viribus
1222 3868 1306 3935 negat
1318 3859 1511 3916 Bellarminus.
1548 3866 1570 3915 5.
1594 3859 1667 3924 Quid
1689 3862 1763 3933 quod
1780 3879 1860 3933 pras·

171 3961 273 4024 torum,
291 3955 516 4012 reconciliatione
534 3974 597 4012 cum
615 3957 677 4012 Deo
696 3961 724 4012 et
748 3956 806 4012 rita
822 3962 936 4012 aeterna
953 3956 1001 4010 ho·
1028 3958 1138 4022 ceptum
1164 3949 1345 4021 apostolicum
1373 3954 1397 4003 t.
1416 3947 1512 4003 Thess.
1531 3953 1555 4017 t,
1582 3963 1609 4003 v.
1636 3953 1660 4003 4.
1674 3950 1755 4020 juxta
1772 3951 1858 4020 pluri·

172 4042 292 4101 minibus
303 4042 418 4098 offertur
429 4049 458 4098 et
469 4042 645 4100 credentibus
660 4044 816 4115 applicatur
830 4050 858 4100 et
874 4045 1001 4119 obsigna·
1028 4057 1134 4095 morum
1165 4037 1320 4108 opinionem
1347 4041 1389 4090 est
1412 4033 1543 4107 generals
1571 4034 1608 4089 ad
1631 4051 1724 4092 omnes
1747 4038 1858 4101 omnino

171 4135 233 4198 tur,
257 4136 289 4184 ut
313 4144 363 4183 suo
388 4128 449 4183 loco
474 4128 529 4185 fuit
546 4130 770 4186 demonstratum.
805 4130 870 4187 Jam
888 4147 953 4186 vero
972 4131 1002 4187 in
1027 4126 1160 4201 homines,
1177 4123 1260 4179 etiam
1274 4138 1330 4191 eos,
1348 4121 1396 4193 qui
1409 4124 1486 4177 extra
1503 4119 1665 4192 conjugium
1683 4123 1780 4177 visunt
1797 4142 1859 4194 per·

172 4216 302 4288 conjugio
320 4232 375 4270 nou
394 4221 439 4271 est
453 4215 516 4271 talis
535 4215 679 4287 promissio
690 4217 805 4288 gratiae,
824 4224 856 4271 ut
872 4216 925 4272 hoo
941 4217 1001 4289 ipso
1027 4212 1132 4281 tineus,
1162 4217 1195 4266 ut
1223 4209 1362 4282 colligitur
1391 4213 1450 4263 tum
1477 4222 1511 4260 ex
1536 4208 1718 4279 generalitate
1738 4209 1858 4280 subjecti

172 4301 201 4356 in
219 4300 280 4356 loco
300 4299 484 4357 Bellarminus
501 4302 620 4367 fatetur,
639 4300 679 4356 sic
703 4303 776 4357 enirn
801 4301 899 4357 scribit
916 4299 943 4376 ξ.
965 4302 1002 4357 Et
1029 4299 1141 4359 ἕκαστος
1169 4295 1256 4371 ὑμῶν,
1282 4301 1342 4351 tum
1369 4312 1402 4351 0¹
1428 4310 1497 4349 v0⁰6
1527 4301 1659 4366 πορνείας
1689 4313 1713 4349 v.
1738 4301 1761 4351 ³.
1779 4303 1808 4352 et
1825 4314 1860 4352 er

173 4385 372 4443 confirmatur:
385 4387 551 4442 Notandum
570 4395 610 4441 est
632 4387 717 4458 iilud,
739 4404 793 4459 per
810 4389 935 4454 fitiorum
956 4405 1001 4456 aa·
1028 4385 1115 4441 πάθει
1139 4385 1290 4458 ἐπιθυμίας
1314 4402 1340 4437 r.
1367 4389 1391 4439 5.
1418 4380 1630 4438 sanctificationi
1653 4381 1681 4436 in
1698 4382 1859 4453 praedicato

172 4474 359 4544 mationem,
386 4473 510 4546 positum
537 4489 596 4528 esse
613 4491 670 4543 pro
696 4475 726 4529 in
743 4475 866 4540 filiorum
884 4493 1001 4544 panera-
1028 4473 1168 4544 opposita,
1195 4488 1250 4543 qua
1269 4469 1374 4525 ratione
1392 4485 1443 4540 per
1460 4467 1491 4523 τὸ
1509 4473 1606 4530 σκεῦος
1629 4468 1793 4542 intelligitur
1812 4486 1859 4525 cu·

171 4561 261 4630 done,
278 4580 334 4616 non
352 4562 425 4616 enim
443 4560 604 4631 significare
622 4561 681 4615 suit
698 4562 855 4630 anomalus,
874 4563 1001 4632 filiorum
1025 4562 1128 4631 jusque
1145 4574 1254 4629 corpus,
1274 4556 1348 4628 quod
1365 4563 1407 4612 est
1418 4555 1525 4612 enimse
1538 4557 1758 4622 instrumentum,
1775 4573 1861 4627 quam

172 4648 378 4714 renuntiarem
398 4663 458 4702 esse
475 4664 590 4701 causam
608 4646 721 4715 salmis,
740 4648 793 4701 seri
810 4648 953 4703 mulierem
972 4650 1001 4702 in
1028 4645 1282 4716 interpretationem
1301 4649 1455 4715 sequuntur
1473 4642 1668 4709 Tertullianus,
1695 4641 1860 4698 Ambrosius

173 4740 249 4788 matu
266 4734 440 4788 matrimonii
455 4732 512 4787 sive
530 4733 560 4786 in
580 4739 657 4785 statu
672 4735 830 4801 generandi
853 4735 929 4796 iiiios
945 4735 1002 4788 sal·
1028 4740 1057 4788 et
1074 4728 1314 4802 Tbeophylactru,
1334 4746 1367 4784 ae
1386 4729 1422 4783 ad
1442 4746 1502 4785 eam
1527 4727 1735 4783 accommodant
1753 4727 1860 4783 dictum

172 4837 237 4875 ram
246 4819 322 4887 fore,
340 4821 368 4874 ri
372 4819 563 4889 permanserit
574 4819 604 4873 in
616 4820 681 4884 fide,
699 4822 773 4873 uncie
785 4820 922 4875 tolluntur
933 4820 1003 4876 illae
1029 4818 1209 4889 apostolicum
1223 4821 1247 4872 2.
1269 4814 1332 4871 Cor.
1351 4823 1380 4882 4,
1407 4831 1434 4871 v.
1457 4821 1481 4869 7.
1499 4815 1629 4867 habentes
1649 4813 1811 4867 thesaurum
1829 4815 1860 4868 in

174 4908 355 4977 armeniensi,
375 4925 447 4976 quas
463 4907 580 4976 quidam
593 4913 770 4976 proponunt,
787 4909 926 4976 quomado
945 4908 1002 4962 sat-
1029 4905 1105 4959 uasr's
1118 4902 1254 4973 fictilibus
1272 4904 1339 4970 (qua
1357 4900 1392 4954 de
1405 4917 1434 4956 re
1446 4900 1527 4970 plura
1544 4897 1680 4965 inferius).
1714 4899 1860 4964 Quomodo

174 4994 238 5049 aori
249 5000 383 5063 poterunt
393 4993 516 5063 uirgines
535 5000 562 5047 et
574 4991 692 5060 steriles,
713 4991 742 5045 si
758 4993 859 5048 mulier
875 4993 1003 5046 saluatur
1030 4991 1115 5063 igitur
1133 5005 1167 5043 ex
1185 4987 1233 5041 illo
1251 4987 1311 5041 loco
1325 4985 1417 5058 colligi
1436 4991 1535 5057 potest,
1554 4984 1685 5056 conjugio
1703 5002 1762 5040 esse
1782 4986 1859 5041 addi-

172 5097 226 5150 μοι·
249 5079 376 5150 filiorum
401 5077 617 5148 generationem,
651 5082 704 5135 ete.
741 5078 817 5152 Ergo
841 5078 1002 5149 conjugium
1029 5083 1087 5130 tam
1111 5072 1316 5144 promissionem
1336 5072 1442 5143 gratias
1458 5070 1677 5138 sacramentalis,
1702 5071 1859 5143 etquidem

126 5216 130 5222 .
175 5183 231 5223 non
247 5171 290 5222 est
306 5167 506 5220 sacramentnm
530 5167 640 5237 proprie
664 5165 775 5221 dictum.
811 5169 835 5220 2.
855 5163 928 5221 Unio
948 5164 1002 5235 spi·
1028 5179 1084 5218 non
1101 5160 1184 5229 omni,
1201 5156 1250 5215 sed
1268 5158 1401 5214 duntaxat
1418 5157 1453 5216 N.
1471 5157 1504 5211 Τ.
1524 5156 1673 5229 conjugio?

177 5251 284 5309 ritualis
302 5251 464 5317 animorum,
483 5249 511 5303 id
530 5256 572 5305 est
589 5251 689 5305 caritas
709 5251 871 5323 conjugalis,
891 5248 1004 5304 evitatio
1065 5253 1106 5303 36.
1141 5246 1267 5301 Alteram
1286 5251 1508 5314 argumentorum
1536 5243 1652 5298 classem
1676 5243 1891 5316 Bellanninus2
1906 5277 1937 5315 E,

177 5338 349 5396 scortationis
368 5341 397 5392 et
414 5334 553 5400 adulterii,
570 5337 599 5391 id
619 5342 660 5392 est
678 5337 747 5392 fides
767 5335 930 5407 conjugalis,
948 5351 1003 5390 non
1030 5352 1053 5390 c.
1073 5340 1097 5390 3.
1116 5330 1230 5389 deducit
1250 5348 1282 5383 eu
1296 5338 1412 5399 patrum
1430 5327 1602 5394 raimonis,
1619 5330 1666 5384 ubi
1685 5328 1766 5386 affert
1784 5333 1860 5387 dicta
1872 5332 1974 5420 {affl

177 5425 267 5483 solum
284 5424 314 5480 in
330 5422 459 5495 conjugio
475 5420 598 5477 fidelium
615 5422 643 5477 iu
663 5422 787 5492 ecclesia,
807 5421 958 5478 sedetiam
974 5421 1003 5477 in
1030 5421 1133 5476 Leoms
1152 5419 1177 5474 I.
1208 5417 1286 5488 epist.
1305 5422 1346 5473 92.
1361 5416 1397 5471 sd
1427 5413 1534 5470 Rustic.
1559 5416 1749 5484 chrysostomi
1765 5417 1857 5475 homil.
1872 5433 1924 5473 niu.

178 5513 307 5593 conjugio
324 5508 477 5569 infidelium
494 5509 584 5565 locum
601 5507 702 5565 babere
720 5514 844 5580 possiunt,
865 5514 895 5563 ut
914 5514 1004 5564 osten-
1033 5514 1074 5565 20.
1093 5506 1129 5561 ad
1149 5502 1219 5575 Eph.
1237 5502 1383 5558 Ambrosii
1398 5501 1447 5557 lib.
1467 5506 1489 5557 1.
1514 5500 1549 5556 de
1567 5501 1673 5559 Abruh.
1699 5519 1723 5558 c.
1742 5509 1765 5558 7.
1784 5510 1813 5558 et
1829 5503 1857 5558 in
