4020 6022
817 365 870 422 ΒΕ
889 363 1093 425 cortinam.
1729 380 1789 437 457

91 524 212 597 dignum
242 523 390 580 committit
418 540 451 578 aa
481 523 551 596 iuga
581 523 635 579 sibi
665 523 798 594 consulit,
830 524 875 580 vel
905 522 928 577 si
959 522 1065 580 liberet
1101 521 1135 577 In
1153 529 1296 580 comment
1322 541 1343 580 o.
1362 530 1387 580 4.
1413 523 1514 580 Genea
1537 524 1639 596 probat
1655 526 1685 580 id
1701 526 1793 597 ipsum

91 617 209 684 propter
236 611 306 667 illud
333 611 534 668 interveniente
559 610 732 682 mitigatione
758 611 928 683 deportatur,
957 610 1082 683 exemplo
1111 612 1211 666 ueorir
1250 610 1346 680 Caini,
1376 627 1448 683 quae
1480 611 1610 667 maritum
1643 612 1792 685 profugum

92 716 151 771 qna
167 699 274 755 ratione
291 698 365 770 perti
377 698 517 754 innocenti
534 698 754 754 consulendum?
772 698 928 770 anfugien·
957 704 1053 753 secuta
1082 706 1138 763 est,
1169 698 1204 753 de
1233 713 1289 769 quo
1317 697 1457 769 Josephus
1479 698 1564 754 etiam
1595 705 1791 755 commemorat

90 791 151 841 tem
175 793 226 841 aut
251 785 426 857 deportatum
444 785 523 857 sequi
542 791 665 853 tenetur,
690 802 728 839 an
754 784 818 840 novi
837 784 929 839 matri·
956 783 1005 841 lib.
1028 790 1050 840 l.
1076 784 1161 854 antiq.
1189 801 1250 855 cap.
1268 791 1292 840 4.
1324 785 1398 855 quod
1428 802 1490 839 cum
1507 803 1594 840 uuore
1616 803 1670 840 rua
1689 787 1793 841 multoe

91 871 178 927 monii
207 875 331 942 potestas
363 871 418 942 ipsi
448 871 644 928 concedenda?
682 872 759 943 Lege
793 870 866 926 civili
893 870 929 926 ob
957 887 1081 925 emensus
1104 871 1233 940 repioner
1272 872 1409 940 oppidum
1426 872 1495 926 Nod
1516 873 1684 927 condiderit.
1716 872 1791 927 Indi·

91 958 161 1013 talia
178 957 283 1015 delicta
302 957 452 1013 divortium
471 958 632 1013 comeditur
656 958 674 1011 l.
694 957 838 1013 Consensu
856 962 880 1013 8.
898 955 928 1011 (l.
957 973 1006 1011 cae
1018 956 1147 1012 mulieres
1159 974 1216 1012 non
1229 962 1359 1012 recusant
1372 959 1530 1014 maritorum
1547 959 1623 1030 rogis
1643 960 1792 1014 sesesisas

93 1045 129 1101 de
159 1045 258 1116 repud.
290 1043 486 1118 Remmingius
517 1062 583 1117 pag.
603 1051 661 1102 219.
688 1045 745 1101 tale
763 1044 931 1116 'suppeditat
956 1043 1096 1114 imponere
1124 1048 1195 1098 teste
1228 1043 1340 1099 Valerio
1382 1044 1429 1099 lib.
1462 1050 1485 1099 2.
1521 1060 1631 1100 memor.
1668 1061 1729 1115 cap.
1767 1050 1792 1100 6.

92 1132 254 1189 consilinm:
282 1133 388 1188 &deut
405 1133 536 1186 inuocem
551 1149 677 1203 persona
695 1150 785 1186 annos
802 1133 930 1203 quiaque,
958 1136 986 1184 et
1012 1128 1169 1184 Christiana
1194 1129 1297 1184 femina
1325 1129 1465 1185 recusabit
1498 1130 1627 1185 maritum
1654 1131 1732 1202 sequi
1763 1130 1792 1184 in

92 1221 171 1288 qaod
207 1227 299 1273 tamen
336 1227 443 1289 tempus
480 1237 616 1274 mmmurn
648 1220 844 1288 mapistratum
879 1237 929 1273 ruo
957 1215 1103 1269 exsilium?
1134 1215 1208 1280 Quid
1226 1215 1304 1287 quod
1320 1233 1372 1271 nec
1390 1216 1466 1286 ipsae
1482 1216 1559 1287 leges
1577 1215 1672 1271 civiles
1690 1217 1791 1287 depor-

92 1307 216 1361 arbilrio
238 1308 387 1362 medeor-i
405 1324 490 1379 porse
516 1306 610 1376 addit,
634 1313 665 1360 ut
694 1307 722 1359 ri
743 1306 789 1360 uel
812 1307 929 1374 breniae
956 1302 1061 1357 tatione
1087 1303 1290 1358 matrimonium
1314 1303 1383 1357 solvi
1401 1304 1578 1376 permittant,
1596 1303 1620 1358 si
1640 1319 1735 1370 casus,
1763 1303 1792 1358 in

90 1394 138 1447 nel
154 1394 281 1464 lonpius,
303 1395 400 1463 iuqeut
421 1394 612 1461 infortunium
629 1394 769 1463 eonjupis,
792 1394 867 1446 vivut
884 1395 930 1448 lo·
958 1405 1038 1460 quem
1060 1389 1176 1444 maritus
1196 1388 1302 1458 incidit,
1320 1407 1375 1444 non
1397 1395 1485 1445 mutet
1504 1390 1596 1444 uxoris
1618 1389 1792 1445 affectionem

91 1488 169 1535 neue
187 1489 213 1535 st
227 1481 345 1551 pudiea,
362 1488 458 1535 caueto
477 1480 666 1550 quinquennio
688 1481 781 1533 ueniat
798 1482 839 1533 od
850 1481 930 1549 judi·
957 1474 975 1530 l.
993 1474 1200 1531 Matrimonium
1224 1481 1245 1531 1.
1263 1474 1294 1530 0.
1315 1475 1350 1530 de
1368 1476 1465 1546 repud.
1483 1476 1502 1530 l.
1523 1492 1568 1531 res
1585 1475 1679 1530 uxoris
1698 1481 1739 1532 24.
1759 1474 1790 1530 C.

93 1583 166 1634 eene,
192 1574 275 1636 petat
303 1584 371 1622 suae
400 1567 577 1634 infirmitatis
595 1566 860 1635 nomenclatori,
886 1565 931 1620 hio
957 1559 993 1616 de
1015 1561 1106 1618 donat.
1131 1562 1204 1617 inter
1230 1560 1320 1616 sirum
1343 1566 1373 1616 et
1395 1580 1470 1618 uxor.
1492 1561 1511 1619 1.
1530 1560 1585 1617 Sed
1610 1562 1633 1616 si
1657 1579 1730 1616 mors
1750 1568 1790 1619 1³.

93 1653 235 1711 emrtimat
248 1654 377 1723 jadicem
397 1670 483 1723 porse
510 1654 652 1708 innocenti
675 1661 701 1706 et
719 1651 851 1708 honesta
865 1671 929 1724 per-
957 1646 986 1702 ff.
1011 1648 1070 1702 eod.
1108 1648 1190 1713 Quod
1214 1664 1281 1720 ergo
1305 1649 1502 1718 deportatione
1525 1648 1640 1717 nuptiae
1659 1648 1791 1703 dicuntur

93 1757 181 1795 ranae
208 1740 284 1795 alias
314 1742 431 1811 nuptiae
458 1742 623 1808 concedere,
653 1757 686 1795 re
715 1758 776 1794 eum
801 1757 929 1810 eupremo
958 1734 1083 1791 ducatui.
1119 1734 1137 1789 l.
1152 1735 1181 1791 Si
1200 1734 1262 1806 quis
1281 1739 1322 1790 56.
1341 1735 1370 1788 ff.
1389 1735 1469 1790 solut
1489 1735 1643 1790 matrimon.
1663 1735 1692 1790 id
1713 1735 1793 1792 intel·

93 1829 265 1899 mamaea
286 1827 372 1897 prim
393 1829 605 1883 communicata,
640 1828 716 1881 Nam
737 1834 763 1880 ae
779 1827 812 1898 ie,
830 1827 881 1897 qm·
896 1827 930 1880 ob
957 1819 1099 1891 ligandum
1116 1820 1223 1876 ratione
1233 1821 1315 1888 jurio
1332 1821 1434 1889 ciariis,
1449 1822 1532 1891 juxta
1544 1821 1618 1893 quod
1632 1821 1792 1893 deportatus

94 1932 176 1969 marn
195 1915 348 1979 infamiam
371 1914 455 1983 obiit,
478 1914 599 1968 ciuiliter
621 1922 745 1968 mortam
767 1921 808 1968 est
831 1922 857 1968 ee
878 1932 928 1968 ruo
957 1906 1058 1961 desinit
1077 1923 1137 1962 esso
1155 1907 1223 1962 civis
1240 1907 1390 1967 Romanus.
1408 1922 1464 1961 non
1484 1912 1577 1962 autem
1593 1908 1704 1962 ratione
1711 1908 1793 1978 juris

94 2002 200 2056 rooles-e
224 2003 302 2071 quod
334 2003 413 2054 Deae
444 2001 595 2070 iiqouerat,
628 2001 776 2070 abrupisse
811 2002 930 2056 videm.
956 1994 1093 2061 qentiam,
1117 2011 1152 2049 er
1170 2011 1224 2067 quo
1242 1994 1368 2049 oriuntur
1387 1993 1509 2065 nuptiae.
1547 1994 1626 2050 Idem
1643 2002 1702 2050 esto
1717 1995 1792 2066 judi-

93 2105 160 2160 psg.
179 2092 239 2144 223.
257 2085 406 2158 distinguit
419 2087 493 2140 inter
509 2087 887 2142 homicidiumeolantariam
904 2096 930 2142 er
958 2080 1032 2134 cium
1050 2080 1086 2135 de
1105 2080 1167 2134 aliis
1184 2080 1307 2149 delictis,
1331 2085 1427 2151 utpote
1451 2081 1473 2134 si
1493 2080 1608 2136 maritus
1624 2097 1737 2137 uxorem
1755 2082 1791 2137 ad

94 2175 323 2230 involuntarium.
357 2174 391 2229 ss·
402 2173 623 2228 involuntarium
632 2175 706 2244 suit,
726 2182 805 2228 cetra
818 2176 930 2246 cuipam
955 2167 1045 2236 furia,
1074 2167 1109 2221 ad
1128 2174 1336 2238 praeposteram
1353 2167 1498 2236 Venerem,
1515 2167 1552 2222 ad
1568 2170 1699 2238 poculum
1712 2168 1793 2224 abor-

94 2262 203 2316 eenreri
219 2262 319 2316 debere
338 2261 398 2330 ait,
418 2261 469 2330 qui
484 2260 612 2329 ausuqit,
629 2261 740 2330 juratum
764 2262 852 2329 igitur
870 2279 930 2317 aare
957 2253 1040 2308 tionis
1060 2270 1160 2325 cogere
1179 2253 1261 2318 velit,
1290 2254 1314 2308 si
1337 2270 1406 2310 uxor
1431 2253 1530 2308 marito
1556 2254 1643 2309 inscio
1665 2254 1791 2310 abortum

95 2348 181 2417 M,
211 2356 242 2401 aa
266 2365 337 2402 „aar
363 2348 407 2402 „el
438 2355 557 2417 quaerar
584 2349 717 2402 mariam
741 2349 785 2403 „el
811 2350 931 2419 innupta
956 2346 1099 2411 procuret,
1125 2341 1149 2394 si
1168 2340 1329 2410 mentiatur,
1357 2357 1388 2396 so
1407 2356 1467 2395 esse
1485 2339 1630 2411 gravidam
1649 2347 1678 2396 et
1695 2349 1793 2413 postea

95 2443 210 2490 maneat
234 2436 390 2504 deplorare
416 2442 442 2489 et
467 2436 513 2488 erui
533 2442 560 2488 et
577 2435 677 2489 mariti
701 2436 852 2490 miseriam,
899 2436 933 2491 si
958 2427 1100 2497 supposito
1120 2426 1211 2481 alieno
1230 2434 1312 2496 partu
1331 2426 1461 2481 maritum
1479 2426 1567 2495 fallat,
1586 2427 1610 2482 si
1628 2426 1791 2484 veneficium

94 2539 161 2577 mo
183 2528 224 2575 err
248 2520 430 2575 nonieidium
451 2521 641 2576 voluntarium
667 2530 695 2577 ea
726 2541 787 2576 eum
809 2524 932 2588 infamia
957 2512 1071 2584 conjugi
1086 2517 1115 2567 et
1128 2511 1222 2567 liberis
1233 2512 1335 2567 infame
1353 2518 1440 2582 paret
1472 2512 1665 2585 Hemmingius
1679 2515 1791 2586 quidem

95 2609 288 2678 conjunctum,
306 2608 420 2678 statuit,
438 2626 552 2663 uxorem
569 2609 740 2663 innocentem
756 2628 811 2664 non
830 2611 930 2664 debere
957 2618 984 2671 p.
1004 2605 1063 2655 231.
1083 2599 1232 2654 divortium
1244 2599 1274 2653 in
1286 2599 1446 2670 hujusmodi
1465 2599 1576 2655 casibus
1593 2601 1728 2666 coneedit,
1742 2602 1791 2657 eod

93 2697 229 2750 man
255 2696 392 2767 usonem
421 2704 448 2751 et
475 2697 673 2766 uapabundurn
703 2713 852 2767 quaerere,
879 2701 931 2753 aad
955 2686 1094 2742 Lutherus
1120 2686 1148 2743 d.
1172 2685 1190 2741 l.
1215 2686 1316 2742 rectius
1345 2686 1415 2742 illud
1441 2694 1528 2758 negat
1557 2686 1655 2743 addita
1676 2689 1792 2754 ratione,

93 2791 192 2837 meto
206 2782 409 2852 pedamento,
438 2783 465 2836 ei
481 2782 620 2837 emim
637 2799 667 2836 ,ρ
683 2801 740 2837 non
754 2791 861 2854 poem,
879 2801 929 2839 ,κο
955 2776 1032 2844 quod
1050 2790 1130 2828 nemo
1148 2775 1191 2827 ad
1203 2781 1353 2842 peecatum
1380 2774 1501 2828 alterurn
1519 2791 1618 2843 cepere
1633 2776 1739 2845 poerit,
1767 2785 1792 2830 et

91 2886 123 2924 re
140 2869 219 2924 uere
234 2869 295 2923 ene
311 2869 410 2923 marei
426 2868 714 2940 amitarumque
731 2888 751 2923 a
763 2871 930 2939 nequeam
955 2862 1033 2930 ruod
1059 2861 1193 2930 conjaqes
1219 2860 1337 2914 sewun
1367 2860 1507 2932 pennen
1535 2861 1620 2915 enni
1646 2871 1792 2932 nequeant,

91 2955 176 3009 asnia
202 2973 264 3010 ean
292 2956 397 3010 natae
419 2972 505 3024 pone
533 2960 635 3011 censet
684 2956 720 3011 si
747 2956 929 3012 lemmatum
954 2948 1116 3017 manifestis
1133 2950 1418 3018 vesanentuuper
1429 2949 1791 3020 napinruanvetcopna-

89 3044 201 3108 saelum
220 3049 261 3096 ert
284 3042 345 3097 eine
368 3042 509 3110 infamia,
538 3049 569 3096 ut
596 3043 625 3096 si
641 3044 705 3113 queis
722 3044 753 3096 in
764 3045 846 3113 jacto
865 3062 929 3100 oon·
954 3043 998 3090 ⁸⁰⁸
1016 3035 1130 3089 00011111
1142 3035 1244 3102 mii·

91 3129 172 3195 piretu
190 3127 387 3183 adunsariam
408 3127 525 3192 oceidit,
543 3130 640 3182 sedeat
661 3147 733 3184 uuor
748 3133 929 3201 septennium,

91 3224 122 3270 et
138 3215 166 3269 ei
183 3216 290 3270 interea
306 3232 363 3269 non
383 3214 557 3285 aequauerit,
580 3215 630 3268 ati
651 3217 689 3269 sit
718 3219 851 3287 muritta,
879 3237 929 3274 nec

91 3303 194 3356 literas
211 3303 247 3355 ab
268 3319 300 3357 eo
313 3302 468 3371 occeperit,
485 3307 582 3374 putat,
600 3320 620 3355 a
636 3321 743 3357 mmrno
759 3306 929 3376 magistrata
1163 3308 1198 3369 K
1214 3309 1240 3369 E
1256 3308 1291 3369 K
1307 3309 1332 3368 B
1348 3307 1378 3368 Β,
1393 3308 1422 3368 li
1438 3309 1472 3370 H
1509 3308 1579 3370 ΙΙΙ.

91 3390 219 3443 nubendi
243 3396 406 3458 poteriutem
447 3389 476 3443 ei
514 3392 730 3446 eoncedendum.
776 3391 830 3447 Sed
858 3392 928 3447 haec

91 3474 928 3551 omniaproceduntoxcahypothesi,quodHemmingiue
1018 3468 1152 3531 ΠΕΡΙ
1213 3467 1326 3531 ΤΟΥ
1343 3467 1470 3552 ΠΩΣ,
1507 3465 1630 3546 QUIS
1672 3467 1728 3533 IN

92 3563 247 3627 0111ῒὶ11111,
285 3581 341 3618 11011
379 3563 467 3618 solum
505 3563 684 3635 adulterium,
727 3567 777 3622 sed
812 3567 928 3637 quodvis
968 3567 1223 3636 DIVORTIO
1272 3567 1651 3636 OBSERVANDUS
1693 3569 1776 3635 SIT

92 3651 226 3706 delictum
243 3648 380 3705 adultedo
405 3651 623 3721 comparandum
650 3669 763 3707 causam
783 3652 929 3709 divortiia
1063 3669 1240 3737 MODUS
1274 3671 1338 3738 AO
1372 3671 1683 3739 PROOESSUS,

90 3737 203 3794 Christo
224 3737 321 3806 statui,
349 3753 404 3807 qua
424 3737 458 3791 de
476 3755 506 3793 rs
531 3738 600 3809 quid
619 3739 792 3794 sentiendum
811 3740 859 3809 sit,
882 3757 928 3795 ex-

88 3824 234 3896 posuimus
260 3822 394 3893 superius.
437 3823 563 3878 Dicimus
581 3842 662 3896 ergo,
689 3842 752 3880 cum
770 3826 843 3881 duae
858 3826 928 3880 dun-
989 3830 1049 3880 692.
1084 3823 1414 3894 Exposuimushactenus
1429 3830 1450 3880 l.
1471 3827 1502 3879 τὸ
1520 3825 1562 3878 ὅτι
1576 3824 1695 3891 divortii,
1713 3827 1788 3897 quod
1801 3831 1874 3874 essex

88 3917 170 3967 taret
197 3910 254 3965 sint
281 3910 392 3965 divortii
419 3926 532 3977 causae,
561 3911 727 3966 adulterium
757 3919 785 3967 et
810 3912 928 3968 desertio
955 3911 1036 3967 detur
1054 3910 1168 3982 aliquod
1187 3917 1299 3966 vereat
1318 3911 1428 3981 proprie
1449 3911 1488 3965 sic
1507 3911 1613 3967 dictum
1631 3911 1788 3981 divortium,
1801 3894 1919 3977 pppppp

89 3997 247 4066 malitiosa,
266 3996 330 4052 ideo
348 4013 462 4051 uxorem
479 4014 534 4052 non
552 4014 633 4069 posse
650 3998 686 4052 ob
703 3998 800 4070 fugam
821 4001 865 4056 vel
881 4001 928 4056 de·
953 3997 1006 4053 hoc
1024 4004 1066 4052 est
1091 3996 1256 4052 matrimonii
1280 3997 1373 4069 quoad
1400 3997 1541 4052 vinculum
1569 3997 1685 4070 solutio;
1715 4005 1748 4055 2.·
1757 3998 1789 4054 τὸ
1801 3988 1907 4028 '¹¹⁸¹'¹”¹¹·

90 4084 279 4156 portationem
315 4083 406 4139 mariti
444 4092 557 4154 propter
591 4091 782 4155 antegressum
815 4086 928 4158 aliquod
954 4083 1025 4139 διότι
1051 4082 1176 4151 divortii,
1198 4091 1318 4153 propter
1343 4099 1414 4152 qaas
1437 4102 1541 4138 enasor
1566 4084 1713 4141 divortium
1728 4084 1789 4141 fieri

92 4170 220 4241 ejusdem
256 4170 386 4226 delictum
416 4175 593 4226 consecutam
621 4171 702 4227 alteri
729 4172 847 4239 nubere,
876 4164 1055 4247 nisiffpossit3
1080 4175 1168 4226 restat
1193 4175 1225 4224 ut
1251 4176 1275 4227 3.
1297 4167 1327 4224 ri
1345 4173 1405 4231 πῶς
1432 4171 1558 4241 ejusdem
1581 4178 1788 4242 pertractemus,

92 4262 218 4326 uonna,
251 4256 296 4312 vel
334 4257 462 4312 maritum
498 4257 649 4328 fugitivum
686 4258 789 4314 alienos
823 4250 1017 4365 amorequuis
1036 4256 1143 4312 seilicet
1159 4256 1258 4311 modus
1275 4272 1308 4310 ae
1331 4272 1476 4327 processus
1502 4256 1532 4311 in
1549 4258 1667 4313 divortio
1687 4259 1723 4313 sit
1741 4259 1789 4315 ob-

93 4343 196 4399 seetari
228 4344 272 4400 vel
302 4345 425 4400 animum
456 4345 610 4400 maritalem
643 4345 755 4417 penitus
784 4344 1115 4459 abjecissepservandus.
1151 4343 1222 4399 Cum
1241 4359 1305 4399 vero
1322 4343 1352 4397 in
1370 4343 1490 4398 divortio
1507 4343 1655 4399 solenniter
1666 4360 1699 4400 ac
1713 4345 1789 4415 judi·

94 4432 195 4503 Neque
213 4430 286 4487 enim
303 4431 425 4487 humana
444 4432 608 4488 auctoriate
626 4449 723 4488 causas
741 4433 809 4488 alias
829 4433 943 4541 adderel
956 4431 1064 4487 cialiter
1084 4431 1215 4486 faciendo
1227 4429 1282 4485 duo
1293 4429 1478 4501 requiruntur,
1494 4429 1623 4486 videlicet
1634 4440 1790 4502 competenr

93 4520 162 4575 licet
179 4518 251 4589 illis,
279 4535 350 4590 quae
376 4518 521 4574 schristo
545 4523 573 4574 et
597 4520 685 4574 Paulo
703 4526 769 4575 sunt
786 4521 1041 4597 expressae3y'uden
1058 4526 1086 4571 et
1103 4518 1245 4586 lepitimuo
1269 4517 1376 4586 judicii
1397 4534 1562 4586 praecem,
1581 4517 1644 4573 ideo
1667 4518 1789 4574 adhaec

94 4610 208 4678 propter
235 4604 402 4660 exclusivam
427 4621 445 4659 a
463 4604 606 4660 Salvatore
630 4613 758 4661 notanter
781 4607 928 4676 adjectam.
940 4628 943 4687 f
956 4605 1011 4660 duo
1030 4603 1124 4674 capita
1143 4602 1297 4657 doctrinam
1315 4602 1351 4657 da
1362 4602 1444 4657 modo
1462 4602 1572 4657 divortii
1589 4604 1788 4670 revocabimus,

95 4692 174 4748 Uxor
195 4690 281 4762 igitur
305 4698 355 4747 aut
372 4676 503 4746 maritum
520 4690 669 4763 fugitivum
689 4693 733 4747 vel
755 4693 929 4764 deportatum
940 4694 943 4811 Ῑ
955 4699 986 4747 ut
1008 4697 1030 4749 1.
1049 4690 1084 4745 de
1099 4689 1212 4760 judice,
1231 4694 1255 4744 2.
1274 4688 1310 4744 de
1328 4705 1458 4760 processu
1475 4688 1575 4760 judicii
1592 4689 1715 4746 breviter
1734 4691 1789 4746 dis-

95 4783 237 4850 sequatur,
254 4785 303 4832 aut
320 4777 438 4848 innupta
455 4784 574 4833 maneat.
607 4778 713 4834 Eadem
732 4775 775 4835 est
791 4781 930 4835 sententia
957 4792 1088 4834 seramus.
1128 4776 1173 4831 De
1190 4774 1287 4845 judice
1317 4791 1465 4831 causarum
1494 4775 1736 4832 matrimonialium
1759 4780 1789 4832 in

95 4864 213 4920 Lutheri
230 4863 259 4918 in
277 4863 324 4919 lib.
346 4863 381 4918 de
398 4879 475 4921 caus.
493 4863 611 4918 matrim.
631 4869 697 4921 tom
716 4871 740 4922 5.
753 4865 816 4921 Jen.
836 4865 929 4921 Germ.
954 4882 1070 4935 penere,
1097 4864 1132 4918 ad
1162 4880 1244 4935 quem
1264 4862 1374 4918 divortii
1403 4862 1565 4919 instituendi
1582 4866 1707 4935 quaestio
1726 4882 1789 4921 con·

94 4952 142 5008 iol
161 4957 225 5007 25¹1:
245 4951 308 5020 uuir,
328 4959 404 5006 menn
423 4951 466 5007 ter
479 4950 569 5007 diana
588 4951 649 5007 obet
661 4952 712 5009 bat
725 4952 797 5008 uuiti
816 4953 928 5023 acfteupt
941 4982 942 4989 1
955 4958 1102 5025 sequenter
1119 4956 1148 5005 et
1171 4953 1202 5004 in
1221 4951 1314 5020 speeie
1332 4956 1454 5021 spectet,
1487 4951 1623 5022 quaedam
1646 4952 1676 5006 in
1693 4957 1790 5030 npoir·

95 5039 158 5095 obet
175 5037 221 5092 bei
233 5036 337 5093 iuneti
356 5037 493 5107 enutrita
512 5036 608 5106 nurse,
627 5037 673 5107 lcii
691 5039 742 5094 bui
763 5040 858 5095 unbem
873 5039 930 5107 anit,
940 5002 944 5117 1
956 5043 1086 5114 popinae
1100 5037 1228 5107 diximus,
1248 5054 1364 5108 quorum
1380 5036 1503 5094 omnium
1520 5054 1628 5093 summa
1645 5038 1699 5095 huc
1711 5041 1790 5105 redit,

94 5125 158 5182 obet
184 5122 283 5179 licitur
307 5122 361 5179 aab
383 5122 428 5193 iad>
451 5122 617 5180 betiniaci
665 5125 802 5193 inmoti,
834 5125 1030 5198 iolqmiquod
1048 5141 1099 5181 nec
1122 5131 1352 5198 παποκαισαρίαν
1372 5123 1789 5195 Pontificiam,quecausaru1n

57 5228 81 5273 r.
94 5211 188 5280 unfait
206 5210 284 5280 [airu
302 5210 336 5279 lie
353 5208 403 5266 urit
423 5209 548 5267 einanter
566 5213 659 5281 tropen
677 5211 732 5266 unb
750 5212 818 5283 uidit
835 5214 929 5268 aaran
941 5182 944 5263 1
956 5210 1197 5269 matrimonialium
1220 5211 1356 5282 judicium
1383 5210 1420 5266 ed
1439 5210 1578 5281 pontificis
1597 5217 1626 5268 et
1647 5214 1788 5285 episcopo-

94 5312 150 5357 uun
174 5297 299 5354 nunciet
324 5296 440 5367 ldeibtn.
481 5298 562 5355 §Deua
587 5298 662 5368 ultim
689 5298 738 5354 teia
755 5299 790 5368 fae
808 5299 848 5355 rin
868 5300 928 5356 aas
955 5316 1017 5353 rum
1037 5315 1148 5353 suorum
1170 5297 1293 5353 tribunal
1318 5296 1398 5354 unice
1416 5303 1561 5370 revocant,
1586 5316 1637 5356 nec
1661 5316 1789 5375 reconpa-

92 5385 229 5456 geresten
242 5384 307 5455 ilnb,
325 5383 351 5453 [a
369 5384 468 5453 milita
483 5383 517 5453 fia
533 5385 592 5454 aud
605 5382 678 5454 piniti
688 5384 731 5439 ein
747 5384 807 5441 urii
821 5386 927 5456 lieibcn,
954 5391 1063 5440 nentur
1095 5385 1268 5456 quorundam
1302 5385 1491 5456 politicorum,
1523 5403 1579 5457 qua
1614 5386 1788 5458 magistratui

92 5478 123 5528 es
150 5472 247 5527 ianne
277 5471 345 5541 tite
377 5470 438 5527 oter
470 5470 603 5540 edente,
636 5469 693 5527 (iat
719 5469 782 5528 obet
807 5473 927 5544 tinnuli.
955 5472 1066 5527 excluso
1097 5471 1208 5542 penitus
1238 5470 1391 5528 ministerio
1420 5472 1606 5529 eedesiastieo
1639 5463 1785 5528 causarum

90 5558 167 5615 Illud
185 5557 285 5630 probat
312 5573 346 5612 ex
364 5573 424 5626 cap.
449 5561 488 5612 18.
511 5555 612 5612 Matth.
633 5557 681 5612 ubi
702 5572 798 5612 servus
818 5558 927 5615 debitor
953 5557 1196 5615 matrimonialium
1235 5558 1419 5631 cognitionem
1449 5567 1478 5616 et
1509 5559 1675 5617 decisionem
1705 5560 1787 5615 unice

88 5662 207 5701 auarenr
224 5652 250 5699 et
264 5644 369 5700 liberos
389 5642 507 5715 jubetur
523 5644 657 5711 maere,
683 5647 714 5698 ut
741 5643 834 5701 debito
857 5662 918 5702 sese
937 5634 942 5689 1
954 5646 1117 5716 vendicant,
1146 5645 1308 5716 probemus,
1333 5662 1397 5701 cum
1418 5646 1586 5703 contrarium
1616 5645 1787 5703 demonstret
