4020 6022
786 268 838 325 DE
857 268 1057 331 consueto.
1695 280 1756 339 tot
1788 226 1792 233 ι

61 442 152 499 eaque
176 424 220 482 vel
247 428 388 496 pentilitia
410 427 452 481 rel
480 428 640 483 domesticu.
683 426 800 482 Publica
818 432 897 482 erant
923 428 1031 482 Mulier
1047 428 1179 492 familiae
1194 446 1262 483 suae
1281 435 1306 483 et
1323 436 1408 500 caput
1426 437 1452 483 et
1468 428 1533 493 puts
1550 436 1600 484 est.
1634 434 1656 484 t.
1677 428 1758 494 Quod

61 513 114 570 toti
131 513 238 585 populo
256 514 412 569 communia
438 519 466 568 et
481 515 510 569 in
531 513 645 586 publico
664 513 822 569 solennibus
840 513 897 567 riti·
922 528 990 567 uxor
1020 515 1056 569 sit
1078 530 1270 570 aerumnarum
1304 522 1333 571 et
1361 514 1543 572 afflictionum
1567 514 1659 570 mariti
1683 515 1759 570 socia

61 600 115 653 bus
141 598 356 672 peragebantur.
398 600 498 655 Festus
525 599 585 655 libr.
607 606 646 657 lt.
677 598 823 655 Gentilitis
847 599 897 654 toti
923 598 939 652 l.
960 597 1082 670 Nuptiae
1108 607 1128 657 1,
1155 601 1183 655 ff.
1210 604 1244 658 de
1262 603 1306 658 rit.
1326 610 1418 673 nupt:
1451 604 1575 672 Nuptiae
1601 609 1667 656 sunt
1693 618 1757 657 con·

61 686 207 757 agnatiom
231 693 260 742 et
281 687 358 759 genti
384 695 463 743 erant
490 689 648 744 communia
676 695 703 743 et
728 688 764 742 ad
783 686 1040 742 heredetoriam
1057 688 1147 741 omnis
1165 688 1244 744 ritae.
1263 687 1280 744 l
1299 687 1328 743 Si
1348 705 1411 742 cum
1431 689 1522 743 dotem
1543 694 1584 746 22.
1601 684 1629 763 ξ.
1653 688 1682 744 si
1699 704 1757 742 ma·

62 773 295 837 devolvebantur,
324 773 399 829 dicta
426 775 461 830 ob
480 774 509 829 id
527 764 701 831 hereditaria
740 772 900 829 Domestica
924 771 993 826 ritus
1015 780 1037 828 7.
1054 771 1082 826 ff.
1107 774 1187 829 solut.
1212 775 1382 830 matrimon:
1413 774 1495 828 Nilu'l
1520 783 1578 829 tam
1605 776 1757 828 numanam

62 858 260 915 etfamiliaris
279 866 372 928 mant,
398 860 540 932 quaesibi
561 861 677 933 quisque
697 858 898 931 proprioarbi—
926 867 984 927 est,
1017 879 1100 930 quam
1128 863 1257 925 fortuitis
1284 863 1395 916 casibus
1416 863 1542 917 mulieris
1564 863 1696 915 maritum
1713 862 1757 915 oei

10 949 48 992 ¹1⁵·
63 946 116 1000 trio
135 945 266 1016 privatim
285 945 443 1001 instituerat
481 962 514 1002 ac
544 946 617 1000 domi
637 964 704 1002 suae
732 962 765 1001 ea
783 960 899 1016 perege-
927 963 1037 1000 acorem
1054 948 1111 1001 oiri
1125 949 1293 1018 participem
1311 965 1378 1014 esse,
1397 948 1471 1003 unde
1489 948 1618 1018 inferunt,
1645 962 1757 1002 uxorem

62 1031 128 1097 bet,
152 1032 228 1087 unde
254 1032 372 1104 quilibet
397 1034 543 1099 samona,
564 1032 616 1089 hoc
642 1039 685 1088 est
702 1032 771 1100 loca,
789 1031 837 1086 ubi
855 1047 898 1085 res
925 1033 1012 1087 teneri
1031 1034 1159 1089 maritum
1176 1035 1263 1106 sequi,
1287 1034 1310 1089 si
1329 1035 1497 1090 domicilium
1514 1041 1621 1089 mutare
1641 1034 1685 1089 rel
1703 1033 1758 1088 alio

60 1133 160 1172 sacrae
182 1124 381 1190 reponerentur
406 1126 435 1174 et
460 1126 634 1174 servarentur
661 1136 694 1174 ac
719 1118 758 1173 dii
781 1124 896 1189 penates
926 1119 1044 1191 migrare
1070 1120 1198 1179 voluerit.
1240 1122 1361 1186 Quidam
1386 1139 1419 1177 er
1441 1121 1645 1192 jurisconsultis
1663 1137 1756 1174 nume·

61 1204 232 1273 colerentur,
261 1205 334 1261 domi
354 1221 420 1261 suae
444 1204 535 1261 habeb
542 1212 588 1271 at,
619 1210 651 1260 ut
668 1222 701 1261 ex
719 1202 898 1275 scriptoribus
925 1210 988 1259 rent
1005 1206 1055 1261 hos
1075 1208 1198 1279 conjugii
1210 1207 1341 1263 effectus:
1365 1213 1386 1264 l.
1400 1210 1478 1277 meod
1494 1210 1625 1277 conjuper
1641 1208 1756 1261 inuicem

60 1289 194 1345 Romanis
223 1292 403 1348 notissimum.
446 1290 508 1348 Vid.
527 1292 626 1346 Festus
657 1291 718 1347 libr.
742 1297 782 1347 Π.
802 1290 898 1345 Cicero
925 1294 1081 1361 oblipentur
1114 1296 1156 1347 acl
1183 1295 1411 1348 consuetudinem
1448 1295 1626 1365 conjupulem
1661 1303 1687 1348 et
1718 1296 1759 1347 ad

60 1375 110 1432 lib.
119 1382 143 1432 2.
156 1378 308 1450 d.legibus,
326 1377 432 1433 Plinius
442 1376 470 1431 in
481 1394 579 1449 paneg.
589 1377 634 1433 ad.
644 1376 756 1448 Trajan.
770 1376 898 1431 Valerius
925 1381 1141 1434 communionem
1154 1397 1311 1451 corporum,
1329 1398 1425 1434 rerum
1436 1398 1471 1434 ac
1481 1381 1627 1445 bmsorum3
1646 1384 1671 1435 2.
1682 1383 1759 1450 quod

61 1551 275 1604 communicatio
305 1550 377 1606 inter
399 1549 527 1606 maritum
556 1557 584 1606 et
602 1567 715 1605 uxorem
736 1548 795 1603 fieri
815 1548 897 1619 inque
923 1553 1043 1606 nominis
1067 1570 1101 1607 ac
1118 1553 1258 1621 familiae
1284 1554 1458 1606 conservatio
1464 1574 1475 1622 ;
1495 1556 1522 1608 3.
1544 1557 1620 1623 quod
1639 1553 1758 1607 maritus

60 1637 223 1691 societatem
241 1637 354 1692 diuinae
374 1640 472 1693 domem
491 1654 559 1692 uxor
579 1637 699 1708 suscipi,
721 1635 788 1707 quia
807 1633 896 1705 priva·
923 1645 1051 1692 teneatur
1068 1657 1180 1693 acorem
1208 1648 1234 1694 et
1250 1639 1396 1704 familiam
1418 1640 1495 1694 alere
1519 1658 1553 1693 ac
1573 1640 1675 1694 liberor
1692 1642 1757 1693 edu-

61 1728 154 1777 tornm
185 1722 294 1779 illorum
317 1740 457 1780 sacrorum
481 1729 538 1779 tam
565 1723 780 1795 gentilitiorum,
814 1736 897 1791 quam
923 1743 1005 1794 care,·
1025 1730 1048 1781 4.
1067 1728 1145 1795 quod
1161 1744 1232 1780 uror
1250 1730 1291 1780 ari
1307 1726 1491 1781 reverentiam
1509 1734 1535 1780 et
1552 1728 1636 1793 fidem
1655 1726 1758 1780 marito

62 1808 277 1865 domesticorum
297 1809 383 1865 fiebat
407 1810 555 1881 particeps.
594 1813 620 1865 2.
639 1810 780 1878 Respecto
802 1807 897 1860 babilo
923 1813 1044 1868 debitam
1073 1814 1276 1884 obstrinpatur;
1307 1821 1332 1870 ὁ.
1352 1817 1429 1884 quod
1452 1814 1555 1866 mulier
1572 1821 1698 1867 teneatur
1717 1829 1758 1866 ee·

61 1898 104 1949 ad
124 1915 213 1951 rames
248 1897 481 1951 Cirristicnorum.
532 1895 602 1952 Cum
627 1896 699 1950 enim
726 1892 897 1949 ethnicorum
923 1901 974 1970 qui
995 1901 1127 1954 mandam
1140 1892 1371 1973 proficiscentem,
1389 1901 1472 1954 etiam
1489 1900 1686 1970 oopabundum
1709 1916 1757 1953 eeu

62 1998 204 2038 sacrorum
231 1982 276 2039 vel
298 1984 393 2054 potius
420 1982 654 2038 idololatrioomm
680 1981 806 2036 cultuum
823 1988 897 2034 tene
923 1985 1088 2057 supitiuum5
1114 1989 1139 2042 6.
1158 1991 1236 2057 quod
1254 2006 1326 2041 uror
1342 1988 1492 2055 redipatur
1508 1988 1538 2040 in
1558 1987 1614 2039 riri
1629 1994 1754 2055 potestu-

64 2069 134 2123 brae
152 2068 278 2126 coelestis
301 2070 444 2125 doctrinae
468 2070 530 2126 luce
549 2087 600 2141 per
618 2068 670 2124 Dei
686 2066 804 2138 gratiam
821 2064 897 2135 apud
923 2080 992 2143 tem;
1021 2076 1042 2129 7.
1067 2076 1144 2142 quod
1164 2082 1230 2144 post
1253 2076 1409 2144 inpressum
1433 2075 1501 2128 lecti
1521 2070 1682 2142 conjupaiis
1704 2073 1759 2125 sibi

61 2172 113 2209 nos
133 2155 216 2212 bodie
244 2157 301 2211 sint
319 2157 470 2222 discussae,
496 2156 559 2211 ideo
578 2160 686 2227 partem
707 2153 782 2208 illam
802 2150 897 2209 defini·
923 2160 1040 2214 invicem
1062 2162 1091 2213 in
1111 2160 1189 2215 bonis
1212 2162 1383 2230 succedant,·
1409 2163 1432 2217 8.
1452 2162 1529 2229 qaod
1543 2177 1598 2229 per
1616 2159 1757 2212 marrim.

62 2242 147 2296 tionis
168 2243 204 2298 od
227 2248 335 2298 nostros
361 2260 449 2303 mores
472 2259 505 2298 sc
530 2242 599 2297 ritus
616 2240 827 2297 accommodant
845 2239 898 2294 hoc
923 2247 999 2300 mium
1018 2246 1103 2300 tiberi
1122 2245 1324 2315 lepitimentur,
1348 2246 1384 2301 de
1409 2244 1874 2317 qualegitimstionolatest.s1n.

61 2344 161 2396 sensu,
186 2330 260 2401 quod
284 2346 353 2384 uxor
372 2329 460 2385 eidem
485 2328 634 2400 parochiae
650 2329 687 2384 sit
703 2327 830 2400 subdita,
853 2324 898 2382 eui
923 2336 1044 2387 nectant
1062 2331 1193 2403 Klingius
1217 2331 1265 2387 lib.
1291 2333 1325 2386 de
1350 2348 1424 2387 caus.
1450 2332 1604 2386 matrimon.
1630 2348 1695 2403 pag.
1714 2335 1756 2386 85.

62 2416 195 2481 maritus,
217 2424 251 2471 ut
272 2416 311 2472 ibi
334 2416 466 2470 audiendi
494 2415 608 2472 verbum
627 2415 683 2471 Dei
698 2420 727 2471 et
744 2429 898 2470 sacramen·
923 2417 1053 2474 Bomtim
1073 2419 1108 2472 de
1126 2419 1243 2473 matrim.
1261 2434 1324 2489 esp.
1344 2423 1386 2474 66.
1423 2416 1541 2482 Quidam
1570 2436 1601 2473 er
1623 2417 1757 2488 theologis

61 2510 157 2557 torum
194 2501 359 2558 utendorum
384 2503 431 2572 jus
461 2501 565 2557 habeat
601 2501 718 2573 aliisque
747 2498 897 2557 commodis
924 2505 1046 2578 quinque
1075 2509 1222 2559 numerant
1247 2503 1371 2575 conjugii
1394 2503 1524 2569 effectus,
1554 2512 1574 2559 1.
1601 2511 1656 2569 est,
1683 2503 1757 2574 quod

65 2589 192 2655 fruatur,
224 2605 295 2660 quae
325 2587 406 2643 ailert
437 2588 569 2656 ecclesis,
601 2589 723 2660 itemque
750 2595 782 2642 nt
807 2585 898 2658 sepul·
924 2591 1086 2663 eonjugium
1105 2590 1141 2645 sit
1158 2590 1340 2644 seminarium
1365 2590 1499 2645 ecclesiae
1518 2608 1552 2643 ac
1570 2590 1757 2661 respublicae,-

62 2674 195 2730 ebrorum
225 2677 273 2746 jus
301 2673 405 2731 ibidem
433 2675 564 2732 obtineat.
595 2694 618 2731 c.
641 2675 834 2746 Unaquaeque
860 2679 898 2728 13.
924 2682 952 2735 2.
976 2681 1146 2734 comuetudo
1172 2678 1349 2746 eonjupalis5
1378 2681 1406 2733 3.
1432 2677 1552 2731 nominis
1576 2684 1601 2730 et
1619 2675 1758 2744 familiae

62 2782 91 2836 q.
115 2768 141 2819 t.
175 2761 340 2832 Accurrius,
370 2761 450 2828 Piso,
480 2761 610 2817 Soaccius
636 2760 731 2818 etalii
751 2761 898 2814 communi·
924 2767 1050 2835 tepitima
1070 2766 1243 2821 conservatio
1250 2789 1259 2831 ,·
1278 2768 1302 2820 i.
1318 2764 1509 2818 benedictioet
1523 2763 1689 2832 praesentia
1701 2763 1761 2815 Dei

60 2850 202 2904 cntionem
225 2849 317 2903 diuini
337 2848 412 2917 p'uris
434 2847 558 2904 referunt
581 2849 619 2902 ad
647 2847 771 2918 ejusdem
786 2846 897 2918 religio·
924 2853 955 2906 in
973 2858 1025 2907 noe
1050 2852 1124 2905 uitae
1147 2860 1242 2921 statn;
1276 2856 1301 2907 5.
1316 2852 1449 2921 praemia
1476 2851 1562 2919 huius
1590 2856 1615 2903 et
1642 2849 1759 2914 mutuae

63 2936 110 2991 nis
128 2934 327 3007 professionem
352 2941 437 3007 atque
461 2952 495 2991 er
512 2952 544 2991 eo
566 2935 722 3005 deducunt,
747 2932 823 3005 quod
842 2949 898 2986 non
925 2939 999 2994 „1300
1016 2938 1070 3010 9112
1089 2937 1257 3010 conjugibus
1272 2938 1414 3009 promtam,

61 3023 102 3077 sit
127 3020 255 3077 ducenda
280 3038 350 3076 uxor
375 3021 501 3079 diversae
531 3020 657 3092 religioni
685 3020 811 3085 addicta,
844 3034 900 3089 qus
960 3030 1018 3084 429,
1054 3024 1095 3083 Ut
1115 3024 1271 3080 distinctius
1295 3024 1323 3078 in
1349 3021 1529 3079 enumerandi
1552 3021 1675 3092 conjugii
1693 3019 1757 3076 effe.
1772 3021 1871 3063 erectus

63 3108 101 3163 (le
133 3124 162 3163 re
190 3106 257 3179 quid
283 3108 461 3164 statuendum
491 3106 542 3176 sit,
573 3105 748 3177 exposuimus
774 3104 900 3177 superius
925 3110 977 3166 etia
991 3110 1182 3182 procedamus,
1200 3110 1321 3183 primum
1339 3110 1392 3166 hoe
1406 3124 1557 3171 monemus,
1575 3106 1650 3179 quod
1664 3123 1757 3179 quem·
1771 3074 1871 3165 1⁰:⁰³3„

64 3192 94 3270 ξ.
111 3200 170 3250 est.
255 3214 260 3223 ·
422 3208 427 3218 ·
517 3192 523 3205 ’
925 3197 1074 3253 admodum
1093 3198 1122 3252 in
1140 3199 1201 3252 loco
1216 3197 1251 3251 de
1269 3195 1419 3251 ministerio
1436 3194 1624 3251 ecclesiastico
1643 3192 1758 3248 effectas
1772 3178 1867 3217 '‘'¹“²²⁰'

99 3286 160 3338 428.
198 3280 478 3337 Communicotionem
497 3281 573 3348 iuris
596 3280 713 3333 transumi
736 3279 765 3333 in
783 3295 816 3333 eo
835 3294 899 3332 0011·
925 3283 1070 3339 ministerii
1090 3284 1118 3337 in
1139 3284 1280 3338 abstracto
1299 3280 1466 3338 considerati
1486 3279 1607 3334 distincti
1626 3278 1704 3335 suere
1721 3277 1758 3333 ab

62 3368 163 3423 sistere
182 3372 325 3436 statuunt,
356 3374 378 3424 1.
401 3367 474 3439 quod
495 3383 563 3421 uxor
584 3366 718 3421 bonorum
736 3372 765 3419 ct
783 3364 899 3420 faculta·
925 3369 1071 3426 effectibus
1091 3370 1216 3441 ejusdem
1242 3371 1271 3423 in
1289 3376 1418 3424 canneto
1443 3367 1588 3438 spectatis,
1610 3368 1664 3421 hoc
1681 3371 1760 3421 ests

60 3464 124 3510 tum
142 3454 236 3509 mariti
250 3452 301 3510 fist
318 3453 472 3525 particeps,
497 3453 572 3509 unde
591 3452 696 3507 Paulus
715 3452 733 3509 l.
751 3451 855 3507 Rerum
877 3456 898 3507 l·
926 3458 1112 3513 ministrorum
1137 3455 1272 3512 eeclesiae
1299 3453 1416 3525 officiis3
1446 3455 1486 3508 its
1515 3470 1627 3526 quoque
1652 3453 1705 3507 hoc
1730 3452 1759 3506 in

62 3542 95 3597 a.
124 3541 160 3597 de
191 3540 299 3596 actione
329 3557 420 3596 rerum
438 3545 521 3596 emet.
549 3544 697 3610 memorat,
722 3537 843 3595 Nervam
872 3542 900 3595 et
925 3544 986 3599 loeo
1005 3543 1195 3616 distinguendi
1213 3543 1269 3597 sint
1286 3541 1403 3598 effectus
1432 3540 1556 3612 conjugii
1575 3539 1603 3593 in
1622 3539 1760 3594 abstracto

64 3628 193 3685 Cassium
217 3626 388 3684 existimasse
410 3634 523 3700 propter
540 3627 613 3681 nanc
641 3628 714 3681 vitat
742 3625 899 3680 summatem
926 3630 962 3686 ab
980 3629 1078 3685 officiis
1097 3631 1247 3702 conjugum
1264 3630 1293 3683 in
1319 3634 1456 3684 concreto.
1496 3625 1620 3681 Effectus
1638 3624 1760 3696 conjugii

60 3733 176 3771 morena
197 3717 261 3783 pieri
286 3717 426 3769 eleusinam
452 3716 602 3785 donorum,
623 3732 659 3769 ac
678 3713 803 3784 proinde
820 3714 901 3780 furti
926 3716 954 3771 in
969 3717 1109 3772 abstracto
1138 3714 1304 3770 considerati
1334 3713 1456 3770 revocari
1485 3719 1601 3783 possunt
1626 3712 1663 3765 ad
1689 3730 1759 3764 conr·

61 3804 201 3858 actionum
232 3803 381 3857 conutituto
406 3803 475 3872 jure
500 3804 636 3856 &uersus
663 3816 725 3854 eam
750 3818 806 3853 non
832 3815 898 3855 esec.
925 3804 1136 3858 munerationem
1163 3802 1221 3857 sive
1249 3801 1465 3856 communiones
1494 3816 1526 3853 ex
1557 3797 1711 3853 metbsima
1734 3804 1760 3850 et

61 3896 87 3947 2.
115 3888 196 3953 Quod
225 3905 293 3943 uxor
321 3887 412 3943 meriti
442 3886 612 3942 domicilium
638 3891 770 3958 sequetur
795 3901 854 3957 arg.
880 3885 898 3938 l.
926 3888 1112 3945 indissolubili
1135 3887 1184 3943 ills
1209 3886 1416 3957 conjunctione,
1447 3901 1519 3956 quae
1548 3890 1591 3938 est
1607 3881 1760 3938 essentialis

59 3994 127 4031 cum
145 3975 281 4047 quaedem
303 3981 341 4032 19.
360 3973 389 4031 ff.
410 3974 445 4029 de
470 3974 609 4045 jurisdict
630 3979 658 4029 et
677 3972 767 4029 forum
784 3988 847 4027 cum
867 3988 901 4028 es
925 3975 1050 4048 conjugii
1066 3974 1171 4039 forms,
1193 3979 1281 4028 ortam
1300 3978 1379 4028 etex
1397 3988 1431 4027 es
1450 3970 1531 4026 unior
1550 3968 1759 4041 dependentem.

63 4078 213 4119 commune
224 4061 326 4116 habeat
338 4061 355 4117 l.
370 4061 480 4132 erigere
494 4066 534 4118 65.
549 4060 578 4116 ff.
588 4060 624 4116 de
633 4059 761 4133 judiciis:
776 4060 900 4131 Enipcre
926 4065 999 4131 Quia
1018 4063 1091 4118 enim
1113 4064 1195 4134 juxta
1222 4059 1345 4114 divinam
1372 4057 1574 4113 ordinationem
1598 4072 1650 4128 per
1671 4055 1760 4126 legiti-

63 4153 157 4205 dotem
181 4149 282 4203 mulier
309 4149 388 4203 debet
414 4147 489 4212 illic,
516 4148 565 4201 ubi
587 4148 706 4202 maritus
725 4147 900 4202 domicilium
926 4168 1001 4206 mum
1018 4165 1182 4206 eonsensum
1201 4164 1259 4202 mas
1287 4152 1316 4203 et
1339 4146 1444 4203 femina
1460 4144 1614 4201 arctissima
1631 4147 1660 4199 et
1676 4141 1760 4196 indis-

62 4237 177 4304 tabuit,
204 4253 259 4289 non
291 4235 340 4288 nbi
363 4237 573 4289 instrumentum
594 4235 690 4290 dotale
715 4234 900 4304 conscriptum
927 4235 1039 4292 solubili
1056 4236 1158 4292 amone
1177 4236 1206 4289 in
1226 4249 1338 4291 carnem
1356 4250 1439 4290 unam
1459 4232 1576 4289 invicem
1589 4231 1759 4302 conjungun-

62 4331 117 4394 est,
128 4324 253 4393 spectari
266 4325 338 4378 enim
349 4323 430 4376 ‹iebet
442 4324 568 4392 isicem,
586 4323 616 4376 in
629 4322 708 4390 eujus
727 4322 900 4376 domicilium
927 4330 981 4395 tur,
998 4324 1062 4380 ideo
1074 4341 1107 4380 ex
1123 4324 1172 4379 illa
1188 4323 1384 4395 conjunctione
1396 4319 1518 4376 nascitur
1534 4318 1671 4391 quaedem
1689 4317 1760 4371 inter

39 4479 42 4483 ‚
60 4418 89 4466 et
100 4412 167 4482 ipra
178 4410 280 4464 mulier
293 4426 347 4479 per
359 4411 547 4464 conditionem
561 4410 735 4464 nmtrimonii
751 4417 814 4464 erat
826 4410 900 4463 redi·
926 4414 1060 4484 conjuges
1078 4411 1305 4475 communicatio,
1333 4426 1403 4481 quae
1425 4414 1466 4463 est
1485 4404 1621 4478 genuinus
1642 4421 1674 4459 ac
1695 4420 1759 4475 pro·

62 4508 139 4552 tura.
174 4496 193 4552 l.
222 4496 408 4567 Imperatores
439 4502 479 4554 38.
504 4497 533 4553 ff.
559 4498 595 4551 ad
614 4496 810 4568 municipalem
827 4493 855 4571 ξ,
877 4501 901 4550 3.
926 4502 1003 4573 prius
1034 4499 1157 4572 conjugii
1189 4498 1319 4565 effectus,
1351 4496 1387 4551 ad
1419 4512 1500 4568 quem
1527 4493 1621 4549 referri
1644 4496 1758 4563 possunt

60 4582 224 4638 Antoninus
236 4588 265 4638 et
276 4581 368 4640 Verus
381 4585 589 4655 rescripserunt,
608 4585 751 4638 mulierem
766 4585 902 4653 quamdiu
926 4587 1012 4643 rerba
1032 4587 1059 4640 in
1079 4585 1239 4641 definitione
1265 4582 1438 4655 imperatoris
1466 4581 1551 4636 instit
1570 4580 1605 4635 de
1624 4583 1694 4650 patr.
1712 4594 1759 4648 po·

58 4677 153 4741 nupta
170 4677 224 4735 eet,
248 4669 370 4724 incolam
392 4671 519 4740 ejusdem
542 4671 664 4725 ciuitatis
685 4672 791 4739 videri,
819 4670 901 4739 mjus
926 4679 989 4728 test.
1016 4673 1091 4744 quod
1120 4671 1324 4726 matrimonium
1351 4669 1387 4723 sit
1416 4669 1479 4723 talis
1505 4666 1640 4739 quaedam
1660 4664 1710 4718 riri
1732 4670 1760 4719 et

58 4758 184 4812 maritus
203 4756 264 4825 ejus
283 4764 330 4813 eet.
378 4763 401 4813 3.
421 4757 501 4823 Quod
527 4774 596 4813 uxor
614 4758 748 4813 honorum
766 4764 795 4813 et
813 4756 901 4829 digni·
927 4758 1050 4814 mulieris
1068 4758 1241 4828 conjunctio,
1267 4775 1337 4827 quac
1361 4757 1538 4810 indiuiduam
1556 4753 1630 4806 uitae
1648 4768 1759 4805 consue·

58 4850 153 4901 tatum
170 4843 262 4899 mariti
280 4844 330 4900 fiet
348 4846 497 4917 particeps.
515 4844 533 4901 l.
552 4844 581 4900 Si
600 4845 728 4902 libertam
750 4852 791 4903 28.
814 4843 844 4898 C.
866 4845 901 4900 de
927 4846 1051 4901 tudinem
1068 4846 1224 4909 continuent,
1243 4843 1296 4899 hoc
1314 4850 1357 4898 est
1375 4842 1449 4914 qnod
1469 4858 1501 4898 ex
1519 4837 1643 4910 legitima
1661 4836 1713 4892 viri
1732 4844 1760 4891 et

58 4937 142 5003 nupt
160 4931 284 4987 decernit
308 4932 498 4987 lastinianus:
528 4934 603 4987 licor
620 4935 722 4987 morito
743 4940 902 4989 cone-ucat
930 4931 1051 4989 mulieris
1087 4930 1282 5003 conjunctione
1317 4928 1461 4984 individua
1488 4926 1562 4981 ritae
1591 4923 1760 4981 consuetudo

56 5018 197 5090 (dignitas
214 5019 308 5074 uxoris
326 5036 388 5075 cum
417 5019 509 5076 mariti
529 5019 665 5091 dignitate
683 5020 765 5076 simul
784 5024 901 5089 crescat)
913 5054 916 5097 5
928 5019 1032 5077 oriatur
1049 5035 1082 5073 ac
1101 5016 1287 5074 contrahatur.
1318 5016 1442 5086 Itemque
1459 5011 1545 5069 rerba
1562 5011 1591 5067 in
1603 5009 1761 5067 definitione

59 5115 87 5162 et
112 5106 214 5160 sentiat
240 5106 303 5174 eius
325 5106 478 5177 fulporern.
520 5106 658 5178 Ulpianus
685 5107 704 5163 1.
728 5107 855 5164 feminae.
876 5114 900 5166 8,
927 5105 1121 5181 jurisconsulti
1145 5103 1293 5161 Modestini
1316 5103 1335 5160 l.
1358 5100 1473 5173 nuptiae
1498 5097 1528 5156 ff.
1553 5099 1588 5155 de
1615 5098 1659 5154 rit.
1683 5106 1760 5169 nupt.

58 5193 90 5251 ff.
124 5192 159 5248 de
194 5190 390 5250 Senatoribus:
435 5195 568 5250 Feminae
599 5202 703 5265 nuptae
734 5194 903 5250 clarissimis
928 5196 1003 5269 quod
1021 5194 1136 5265 nuptiae
1153 5192 1209 5249 sint
1226 5190 1291 5247 talis
1309 5188 1467 5260 conjunctio
1484 5187 1567 5243 maris
1585 5203 1618 5242 sc
1634 5185 1761 5254 feminae,

52 5280 192 5355 personne
229 5280 451 5336 clarissimarum
482 5299 673 5354 personarum
710 5232 1000 5354 appetmrimeimm
1019 5282 1189 5336 consentium
1209 5279 1298 5333 omnis
1312 5278 1394 5347 uitae,
1412 5275 1503 5331 diuini
1514 5282 1540 5329 ct
1557 5273 1673 5329 leumani
1682 5272 1762 5342 juria

56 5368 256 5437 eontinentur,
283 5368 400 5435 feminis
428 5368 500 5423 enim
526 5367 691 5440 dipns'tatern
711 5369 902 5424 clarissimam
929 5369 1203 5426 communicationem
1223 5382 1317 5423 secum
1343 5361 1437 5419 mahat
1460 5368 1545 5434 atque
1564 5360 1672 5417 inierat.
1707 5356 1762 5414 Hic

55 5456 162 5515 mariti
184 5456 317 5512 uibratur.
351 5464 377 5514 l.
403 5454 487 5520 Quod
510 5474 580 5513 uxor
604 5457 633 5512 in
660 5456 752 5513 mariti
768 5455 901 5511 familiam
928 5455 1052 5529 conjugii
1082 5454 1197 5511 effectus
1221 5450 1336 5525 exprimi
1364 5449 1475 5507 ridetur
1501 5448 1531 5504 in
1557 5447 1624 5521 ipsis
1652 5445 1762 5503 divinae
1891 5494 1895 5509 ,

52 5552 189 5603 manum
208 5546 224 5601 l.
242 5545 430 5616 pronuntiatio
446 5551 502 5601 195.
523 5542 551 5620 ξ.
571 5554 595 5602 5.
616 5546 643 5603 ff.
666 5547 701 5601 de
720 5544 795 5600 verb.
816 5544 903 5616 sign:
930 5543 1109 5599 institutionis
1120 5542 1222 5613 verbis,
1240 5539 1341 5597 Genea.
1360 5543 1393 5606 2,
1418 5554 1444 5593 v.
1466 5542 1517 5594 24:
1542 5536 1657 5591 Idcirco
1675 5532 1762 5591 relin-
1821 5510 1912 5670 Α
