4028 6030
819 280 871 335 DE
889 278 1089 337 conanum.
1747 294 1805 350 105

100 430 238 497 flammas,
251 449 325 503 quae
342 448 397 485 non
416 432 446 485 iu
462 432 607 503 superficie
618 436 726 486 tantum
744 442 880 504 pungunt,
893 434 943 488 sed
969 433 1168 490 Praescribunt
1198 442 1291 491 autem
1320 435 1390 491 haec
1426 435 1512 491 verba
1541 436 1695 507 posteriora
1725 436 1806 492 simul

99 516 178 571 velut
200 517 330 573 incendio
356 518 478 590 quodam
507 535 554 574 cor
581 525 742 588 penetrant,
772 520 884 591 quaudo
912 527 943 574 ut
969 518 1104 575 rationem
1123 536 1156 576 ac
1174 521 1294 590 modum,
1315 539 1396 593 quem
1409 529 1550 592 superstes
1570 523 1672 592 conjux
1689 523 1718 575 in
1733 539 1805 578 novo

99 610 185 673 poeta
198 604 275 658 cauit
294 604 341 661 lib.
355 611 379 661 4.
395 606 466 660 Aen.
496 607 550 659 Eu
566 606 658 659 satollia
666 607 785 674 flamma
804 606 942 659 libidinis.
969 606 1099 677 conjugio
1125 608 1245 663 ineundo
1266 609 1367 663 debeat
1391 608 1551 677 observare,
1579 608 1710 663 videlicet
1727 613 1759 663 ut
1777 609 1806 663 in

101 688 148 745 Sic
179 706 248 761 ergo
285 691 476 747 concludimus
514 710 548 746 ex
585 691 719 762 apostolo.
775 678 1087 761 QuicunqueiDomino
1106 692 1209 760 nnbat,
1228 693 1256 747 id
1277 693 1365 748 estin
1383 711 1447 750 vero
1466 692 1518 748 Dei
1539 693 1647 757 timore,
1669 692 1806 765 praemis-

102 781 236 845 urantur,
260 776 315 831 illis
340 778 490 833 necessitas
521 778 644 848 conjugii
675 783 808 848 tanquam
828 778 940 832 romedii
968 777 1004 831 sis
1024 778 1102 831 seriis
1120 779 1156 832 ad
1174 778 1265 833 Deum
1283 778 1428 849 precibus,
1449 779 1595 835 observato
1615 779 1745 834 mandato
1765 776 1805 831 di·

103 858 240 916 divinitus
259 863 379 918 ordinati
398 863 556 933 imponitur.
603 863 658 918 Sed
677 862 792 933 quidam
812 863 888 916 vidui
909 880 941 917 ae
969 863 1034 918 vino
1058 863 1093 918 de
1118 864 1286 919 honorandis
1305 865 1482 936 parentibus,
1499 883 1554 920 non
1571 865 1759 920 contrahendo
1777 865 1805 918 in

101 944 203 1001 viduae
231 953 354 1003 uruntur.
402 948 477 1020 Ergo
495 948 550 1002 illis
576 948 699 1018 conjugii
723 949 874 1003 necessitas
894 949 940 1001 im·
952 998 955 1045 Ι
967 949 1101 1019 gradibus
1128 949 1276 1019 prohibitis
1297 957 1351 1008 cte.
1378 951 1524 1005 observata
1548 950 1632 1005 etiam
1661 950 1805 1005 honestate

102 1031 231 1102 ponitur,
260 1034 310 1089 ubi
341 1039 433 1089 tamen
463 1033 629 1102 notandum,
657 1034 769 1104 quando
790 1035 1089 1107 {apostoluajpublica
1105 1052 1140 1089 ne
1158 1036 1265 1091 scilicet
1284 1036 1312 1089 in
1331 1051 1398 1106 rogo
1417 1037 1543 1107 conjugis
1556 1036 1694 1090 maritales
1707 1053 1804 1091 accen-

101 1125 218 1189 propter
248 1120 371 1175 ustiones
410 1127 438 1176 ct
473 1121 697 1175 incontinentiam
735 1110 1016 1174 matrimonium¹dat
1034 1120 1122 1190 faces,
1147 1122 1195 1176 sed
1223 1128 1254 1176 ut
1282 1122 1378 1176 debito
1406 1128 1529 1192 tempore
1555 1121 1653 1192 prioris
1676 1122 1829 1193 conjugis·

100 1203 238 1275 imperat,
263 1221 439 1277 nequaquam
466 1206 534 1260 illud
565 1205 704 1277 prohiberi
731 1211 843 1275 propter
870 1205 939 1259 alias
966 1206 1071 1261 obitum
1091 1206 1194 1277 lugeat.
1226 1208 1402 1279 Augustinus
1421 1208 1469 1263 lib.
1488 1216 1510 1264 1.
1530 1209 1564 1264 de
1583 1210 1669 1263 adult.
1689 1209 1801 1279 conjug.

100 1289 186 1344 etiam
218 1306 319 1345 causas
355 1291 514 1346 ineundum.
570 1292 702 1356 Quamvis
730 1308 797 1362 crgo
826 1291 939 1362 quidmn
964 1309 1021 1362 cap.
1042 1298 1083 1350 21.
1103 1292 1275 1358 Ambrosius,
1303 1293 1540 1364 Theophylactns,
1570 1294 1738 1349 Anshelmus
1770 1295 1800 1348 in

101 1375 179 1430 vidui
201 1374 246 1430 vel
264 1376 366 1432 viduae
382 1377 419 1431 ob
443 1395 528 1432 unum
548 1378 626 1431 illum
646 1378 742 1446 tinem,
767 1362 1018 1432 scortationisfhoc
1037 1380 1099 1434 loco
1119 1380 1158 1432 sic
1177 1386 1325 1450 exponunt,
1345 1381 1431 1432 ambert
1450 1381 1481 1433 in
1498 1382 1635 1448 Domino,
1662 1381 1696 1433 s'd
1715 1381 1804 1434 estin

102 1461 211 1516 scilicet
239 1462 433 1531 evitationem,
460 1480 514 1518 non
540 1467 686 1518 teneantur
710 1464 778 1519 inire
803 1464 937 1517 matrimo·
950 1456 953 1527 ξ
967 1465 1086 1518 Domini
1112 1466 1232 1519 ecclesia
1263 1474 1288 1517 et
1317 1466 1545 1530 Christianismo,
1575 1466 1711 1536 quomodo
1734 1466 1803 1521 haec

103 1547 191 1616 nium,
210 1554 303 1603 tamen
322 1548 438 1603 libertas
453 1548 576 1620 conjugii
594 1550 631 1604 ob
649 1550 718 1604 fines
736 1550 857 1620 reliquos
877 1549 938 1603 illos
967 1549 1077 1618 phrasis
1095 1550 1185 1621 accipi
1204 1551 1314 1605 videtur
1334 1552 1361 1604 in
1376 1550 1429 1606 hoc
1449 1551 1510 1621 ipso
1530 1551 1623 1622 capite
1635 1569 1661 1607 v.
1682 1558 1723 1607 22.
1742 1568 1804 1606 sen·

102 1650 159 1687 non
188 1632 333 1703 adimitur,
362 1634 437 1707 qnod
464 1635 661 1706 opponendum
689 1642 731 1690 est
759 1635 940 1698 Tertulliano,
966 1652 1012 1689 sus
1032 1636 1119 1707 igitur
1133 1642 1189 1700 cst,
1216 1637 1289 1707 qnod
1317 1653 1372 1689 uon
1399 1637 1434 1691 sit
1454 1637 1615 1692 nubendum
1636 1654 1698 1691 cum
1720 1637 1803 1693 abne·

102 1720 150 1789 qui
178 1720 208 1773 in
233 1718 296 1774 libr.
320 1720 355 1774 de
374 1738 482 1791 monog.
509 1722 618 1777 scribit:
647 1723 738 1784 (laete
765 1739 866 1790 qiracso
889 1721 940 1774 lroc
968 1723 1081 1793 gatione
1096 1721 1161 1776 fidei
1181 1728 1208 1776 et
1226 1722 1436 1783 Christianismi,
1455 1722 1683 1794 quodiaeiebant
1696 1723 1804 1791 viduae,

103 1806 204 1859 bonam
223 1814 277 1871 est,
305 1809 382 1875 quod
410 1809 584 1877 cornparntin
609 1810 680 1862 rurali
704 1810 891 1877 commendat,
910 1814 939 1859 nt
967 1808 1003 1862 de
1032 1807 1133 1878 quibus
1158 1808 1335 1879 conqueritur
1363 1808 1505 1878 apostolus
1535 1815 1556 1863 1.
1574 1809 1646 1862 Tim.
1665 1815 1695 1873 5,
1719 1826 1742 1863 v.
1766 1814 1805 1863 13.

102 1893 169 1945 ideo
187 1892 288 1945 acelina
305 1893 343 1945 sit
364 1893 481 1959 nubem,
505 1895 572 1963 quia
596 1896 720 1948 deterius
745 1895 783 1947 sit
802 1894 856 1946 uri.
893 1893 955 1961 ste,
969 1894 1070 1949 Gracci
1094 1899 1187 1965 patres
1211 1893 1335 1948 referunt
1360 1893 1395 1948 ad
1423 1893 1476 1947 Dei
1500 1894 1605 1964 legem,
1629 1910 1701 1963 quac
1715 1894 1805 1964 jubet,

103 1978 227 2047 alicdnr,
243 1979 344 2031 melius
363 1987 405 2032 sat
422 1997 477 2033 arno
497 1981 578 2033 ocrrlo
598 1997 695 2034 carere
714 1999 797 2049 piram
817 1963 999 2047 atrarbna;int
1029 1997 1092 2034 eum
1119 1980 1304 2051 temperantia
1331 1986 1360 2033 et
1379 1980 1472 2049 prolis,
1499 1997 1554 2033 non
1575 1979 1699 2034 libidinis
1719 1996 1804 2035 causa

102 2063 172 2117 item
193 2063 378 2135 Hieronymo,
397 2066 444 2136 qni
463 2066 491 2119 in
511 2065 628 2136 epistola
645 2067 680 2120 ad
699 2066 839 2122 Salviuam
860 2042 1173 2121 dicitz¹matrimonium
1215 2065 1402 2120 contrahatur.
1459 2065 1649 2120 Tertullianus
1684 2065 1732 2121 lib.
1770 2066 1804 2121 de

107 2149 200 2216 Tolle,
219 2152 296 2218 quod
302 2151 388 2222 pejus
407 2159 446 2204 est
465 2153 519 2215 nri,
539 2160 565 2204 et
576 2168 630 2221 per
644 2170 673 2206 se
695 2153 794 2205 bonum
814 2170 869 2205 non
889 2130 1079 2223 sra'timonog.
1098 2169 1121 2206 c.
1142 2158 1181 2208 ll.
1200 2169 1226 2221 p.
1247 2158 1305 2205 576.
1324 2156 1425 2222 negat,
1449 2152 1588 2205 licentiam
1614 2151 1728 2205 secundi
1748 2168 1804 2207 ma·

10 2246 25 2287 r.
39 2246 90 2287 ros.
102 2236 207 2288 nssbm
221 2241 272 2291 etc.
310 2236 398 2307 Atqui
418 2254 472 2291 non
490 2237 579 2291 solnm
602 2239 631 2292 in
650 2237 719 2305 illis,
746 2238 794 2309 qui
815 2244 941 2299 uruntur,
953 2268 956 2273 ·
969 2238 1090 2292 trimonii
1112 2237 1163 2294 hoc
1184 2237 1244 2291 loeo
1263 2237 1298 2291 ab
1313 2237 1439 2307 apostolo
1461 2237 1584 2303 concedi,
1600 2236 1669 2290 alias
1685 2253 1805 2307 namque

101 2328 243 2390 κρεῖσσον,
261 2323 368 2392 melissa,
388 2331 429 2376 est
445 2325 547 2376 nederc
566 2340 650 2391 qnam
668 2324 727 2388 nri,
746 2322 795 2378 sed
812 2324 895 2378 etiam
912 2323 941 2377 in
952 2298 956 2401 i
967 2323 1058 2394 ipsum
1071 2323 1123 2377 sibi
1136 2323 1195 2378 iore
1211 2323 1388 2385 contrarium,
1405 2339 1469 2376 cum
1483 2322 1549 2377 alibi
1563 2323 1676 2377 iteratas
1692 2323 1803 2392 nuptias

103 2407 171 2472 illis,
190 2408 239 2477 qui
257 2425 313 2462 non
331 2414 458 2477 uruntur,
477 2410 586 2477 bonum,
605 2416 636 2463 nt
654 2426 687 2464 ex
706 2408 754 2464 illo
772 2410 832 2479 ipso
849 2409 941 2479 capite
953 2404 956 2434 ¹
969 2410 1105 2480 improbet
1131 2426 1164 2464 ac
1190 2409 1315 2472 damnet,
1345 2409 1394 2463 sed
1420 2408 1448 2461 id
1474 2407 1628 2461 rationibus
1653 2409 1803 2463 admodum

100 2494 379 2551 medicanimum:
401 2494 941 2565 Siaacepers'saserenanonpeccasti.
967 2495 1072 2551 frivolis
1104 2496 1218 2566 probat,
1254 2495 1291 2548 ad
1320 2511 1389 2565 quas
1419 2492 1534 2547 inferius
1567 2493 1802 2563 respondebimus.

954 662 957 675 i

100 2598 128 2637 r.
152 2585 200 2635 38:
221 2581 277 2643 Qui
294 2581 472 2636 nmmnonio
485 2582 583 2650 jnnps't
600 2584 750 2651 cirpinem,
772 2583 838 2635 bane
856 2564 939 2645 subit.
968 2582 1127 2637 Geuuinnm
1151 2589 1245 2635 autem
1271 2581 1338 2635 dicti
1361 2579 1505 2650 apostolici
1532 2596 1643 2634 sensum
1669 2598 1701 2635 ex
1719 2596 1803 2650 scopo

100 2666 183 2720 idem
212 2666 364 2722 ostendunt
392 2683 493 2722 causae
522 2673 550 2722 et
578 2668 736 2722 essentialia
765 2667 940 2724 matrimonii.
968 2673 997 2722 et
1016 2667 1229 2722 circumstantiis
1244 2667 1352 2722 illorum
1364 2673 1520 2736 temporum
1537 2665 1725 2736 colligendum
1743 2682 1804 2721 esse

101 2752 306 2824 cujuscunque
323 2753 396 2807 enim
409 2770 504 2808 omnes
517 2769 618 2807 causac
635 2762 663 2807 et
680 2754 772 2807 omnia
784 2752 941 2808 essentialia
952 2730 955 2807 ¹
967 2754 1054 2808 addit.
1094 2755 1243 2807 Rationem
1261 2751 1388 2823 (inquit),
1409 2769 1459 2805 car
1477 2752 1623 2823 apostolas
1642 2752 1715 2805 talio
1734 2752 1802 2805 scri-

102 2843 173 2893 sunt
191 2838 279 2909 bona,
303 2839 370 2893 illud
397 2856 448 2909 per
470 2857 500 2894 se
524 2846 552 2893 ct
575 2856 626 2894 sua
650 2845 750 2893 natura
768 2840 871 2893 bonum
891 2846 939 2894 cst
952 2812 1073 2909 ipses-it,
1101 2841 1257 2911 potes-imas
1288 2841 1318 2893 s'n
1349 2840 1414 2907 apsa
1444 2839 1566 2891 laeteris
1598 2854 1803 2906 rccopnosrere.

100 2925 171 2981 Jam
199 2941 265 2980 vero
293 2925 417 2996 conjugii
445 2925 537 2980 iterati
562 2942 656 2979 omnes
678 2942 778 2980 causae
803 2933 831 2981 et
848 2906 955 3039 omnia*
970 2926 1047 2989 Quae
1076 2925 1133 2978 ista
1158 2926 1279 2978 materia
1306 2925 1435 2994 apostolo
1456 2925 1521 2992 salt
1544 2925 1688 2978 scribendi
1711 2925 1804 2977 talia!

101 3010 265 3065 essentialia
290 3015 356 3065 sunt
381 3010 463 3065 bona.
499 3010 574 3082 Ergo
601 3012 683 3065 otiam
710 3012 872 3082 conjugium
891 3029 941 3081 per
967 3012 1128 3066 tiroeinium
1145 3028 1233 3064 novae
1255 3018 1377 3079 atquem
1389 3010 1507 3063 manime
1524 3010 1640 3063 omentis
1659 3011 1803 3079 ecclesias,

100 3113 136 3151 se
157 3101 186 3150 et
200 3114 252 3151 sna
268 3103 368 3151 natura
384 3103 428 3150 est
445 3096 555 3161 bonum,
575 3112 607 3150 ac
626 3113 676 3165 per
695 3113 867 3168 consequens
886 3112 941 3151 non
952 3126 955 3183 Ι
968 3116 1052 3167 param
1075 3099 1149 3151 lacte
1168 3098 1274 3150 scilicet
1300 3096 1452 3163 educabat,
1477 3098 1600 3149 nondam
1628 3096 1722 3149 solido
1741 3097 1803 3150 cibo

100 3188 214 3238 tantum
234 3182 329 3238 habito
351 3183 386 3236 ad
406 3184 542 3237 ustionem
561 3189 688 3252 respectu
707 3183 808 3236 dicitur
828 3182 938 3236 bonnm.
967 3184 1120 3238 validioris
1137 3183 1302 3250 doctrinae,
1330 3184 1404 3234 adeo
1436 3189 1466 3233 nt
1490 3197 1565 3251 prae
1594 3182 1646 3236 illa
1677 3184 1804 3245 infandis

100 3267 135 3323 Si
150 3269 232 3337 juxta
254 3268 457 3323 Tertullianum
485 3268 590 3321 nubere
614 3268 715 3322 dicitnr
733 3269 846 3336 brintam,
875 3269 1036 3339 quiarfidai
1063 3271 1229 3338 ipnorarent
1253 3268 1361 3331 acllsnc,
1390 3268 1460 3337 qnid
1486 3268 1543 3321 sibi
1568 3270 1708 3336 aspendum
1732 3279 1803 3325 ercet

102 3353 172 3407 mali
188 3356 358 3425 comparatio
385 3354 455 3408 illud
478 3355 667 3415 commendat,
695 3361 840 3424 sequetur,
866 3355 939 3425 quod
967 3357 1044 3410 cirea
1064 3356 1160 3409 caratis
1178 3363 1204 3408 et
1221 3370 1302 3407 senate
1315 3355 1506 3407 necessitatem
1520 3361 1569 3409 stc.
1583 3370 1644 3408 eam
1658 3357 1804 3411 molismen

101 3440 268 3510 conjuginm
293 3440 401 3495 dicatur
418 3441 534 3509 bonum,
559 3439 622 3494 ideo
646 3440 712 3511 quia
729 3442 820 3495 minus
838 3441 940 3494 malum
967 3446 1140 3496 demonstrat
1164 3440 1326 3511 (apostolus)
1350 3441 1575 3509 intells'qcndam,
1597 3458 1668 3509 qaae
1695 3452 1720 3497 et
1738 3444 1803 3514 apsa
1815 3460 1917 3505 lutto.

101 3530 150 3578 est
166 3542 250 3595 quam
267 3525 410 3593 scortatio,
437 3531 465 3581 et
492 3526 559 3596 quia
582 3526 786 3596 comparativus
808 3543 940 3596 pracsup-
966 3531 1007 3583 sic
1018 3530 1115 3597 faerit
1136 3529 1262 3591 inventa,
1284 3528 1379 3580 solata
1396 3545 1414 3578 a
1438 3529 1515 3591 arira,
1542 3531 1681 3596 peramans
1705 3538 1732 3583 et
1753 3532 1799 3585 nir

104 3612 189 3682 ponit
205 3612 411 3682 superlativum,
430 3612 482 3666 crit
499 3620 573 3667 corte
590 3613 700 3668 malum.
733 3612 761 3668 Si
780 3613 939 3683 conjuginm
953 3596 1074 3670 ¹solutns
1093 3616 1129 3668 ab
1146 3630 1233 3667 neore
1249 3631 1303 3682 per
1323 3621 1445 3677 mortem,
1464 3612 1558 3681 atiquo
1578 3632 1633 3666 non
1648 3632 1703 3684 per
1720 3633 1802 3685 repa-

104 3705 151 3752 est
170 3697 288 3761 malum,
317 3698 393 3753 Deus
413 3699 464 3753 erit
482 3699 547 3753 mali
575 3706 684 3767 auctor,
711 3704 740 3753 et
765 3716 858 3753 omnes
886 3717 941 3754 non
968 3703 1045 3754 aliam
1062 3703 1144 3764 facta
1161 3700 1313 3767 satanicas,
1337 3699 1406 3767 qnia
1431 3699 1592 3767 rependistis
1615 3716 1672 3752 non
1687 3703 1802 3769 permit·

103 3782 197 3837 solum
214 3784 306 3850 vidui,
325 3785 373 3839 sed
392 3784 474 3839 etiam
493 3783 596 3858 ἄγαμοι
619 3785 654 3838 ab
674 3801 706 3838 eo
721 3791 802 3839 erunt
819 3786 941 3839 arcendi·
967 3795 1036 3841 teret
1064 3787 1165 3840 nubere
1191 3787 1326 3838 calamum
1349 3792 1538 3854 praeceptam.
1573 3786 1675 3853 Itaque
1691 3788 1802 3853 mulier,

103 3868 238 3933 Quinimo
257 3870 280 3922 si
293 3870 336 3923 vel
349 3870 466 3925 maxime
483 3878 591 3924 tantum
606 3879 766 3941 eorssparate
781 3870 941 3941 conjugium
967 3873 995 3926 si
1013 3873 1152 3941 nupserit,
1177 3888 1232 3924 non
1250 3871 1406 3938 (taliaque,
1432 3871 1498 3938 qnia
1522 3887 1571 3923 nce
1594 3870 1639 3923 laic
1664 3875 1803 3925 sectandas

104 3954 247 4009 diceretur
270 3955 386 4024 bonum,
409 3963 536 4027 respectu
563 3957 670 4011 scilicet
695 3957 730 4010 ad
757 3957 893 4011 ustionem
914 3964 942 4012 at
968 3960 1086 4012 maritus
1108 3957 1296 4026 depatnbitnr,
1316 3957 1365 4025 qni
1378 3965 1419 4010 est
1436 3975 1455 4009 a
1473 3958 1530 4019 ficte
1548 3957 1666 4025 primate,
1685 3964 1711 4010 et
1730 3961 1803 4013 adeo

103 4048 222 4096 naturae
239 4040 378 4097 humanae
401 4052 465 4113 post
482 4044 590 4114 lapsum
615 4043 824 4097 imbecillitates
846 4042 940 4098 habito
953 4064 955 4075 ·
967 4045 1008 4098 sr'c
1028 4052 1082 4106 eat,
1108 4051 1138 4097 nt
1151 4050 1305 4113 propterea
1323 4043 1476 4111 adjecerat,
1497 4050 1604 4096 tarnum
1619 4044 1649 4096 s'n
1670 4045 1803 4111 Domino,

101 4127 191 4198 (quod
211 4134 302 4183 tamen
326 4146 406 4183 nemo
435 4130 613 4192 concesserit,
640 4129 687 4201 qui
714 4130 742 4182 in
770 4135 843 4183 statu
864 4088 1035 4199 inno-iqnia
1061 4132 1096 4183 de
1122 4146 1156 4183 ea
1185 4130 1332 4196 apebatnr,
1362 4146 1433 4197 qaae
1459 4128 1595 4182 etlrnicmn
1617 4129 1753 4183 habuerat
1778 4140 1803 4183 et

102 4213 214 4267 cantiae
237 4214 398 4284 conjugium
422 4214 577 4269 institutum
601 4215 735 4282 noverit),
764 4215 832 4269 nihil
853 4232 886 4270 cx
907 4233 940 4271 oo
966 4217 1071 4270 amisso
1090 4232 1122 4268 eo
1146 4216 1324 4281 crediderat,
1347 4230 1381 4267 ne
1402 4215 1509 4269 scilicet
1533 4218 1618 4269 ctiam
1633 4223 1699 4285 post
1717 4219 1802 4279 fidem

103 4299 253 4354 decederet
277 4305 370 4354 nostro
394 4308 563 4371 argumento.
601 4302 670 4357 Cum
688 4302 761 4357 enim
780 4303 875 4373 negari
894 4320 939 4357 nc·
966 4303 1074 4357 ethnico
1105 4318 1133 4354 sa
1164 4301 1265 4353 nidere
1291 4316 1377 4367 posse
1404 4310 1606 4369 praenuntiaret.
1664 4301 1803 4369 Seianam,

103 4392 205 4456 queat,
234 4386 367 4456 quosdam
385 4386 483 4441 viduos
501 4404 534 4442 ac
552 4388 650 4443 viduas
668 4407 698 4443 se
718 4406 772 4443 non
792 4391 940 4453 continere,
963 4390 1052 4458 plane
1069 4405 1126 4440 non
1145 4388 1186 4439 m'c
1206 4403 1264 4439 esse
1282 4387 1311 4438 in
1335 4385 1446 4440 Graeco
1466 4386 1637 4458 authentico,
1663 4390 1802 4455 quomado

104 4472 135 4525 id
167 4480 210 4527 est
240 4472 312 4527 dono
345 4472 392 4527 illo
420 4474 605 4530 continentiae
634 4474 766 4545 peculiari
796 4492 851 4528 nou
880 4475 997 4529 esse=in
1014 4490 1095 4527 smum
1113 4473 1178 4525 faciit
1188 4489 1243 4540 per
1257 4474 1379 4524 duarum
1392 4472 1569 4539 syllabarum
1586 4479 1635 4524 nat
1656 4472 1802 4536 callidam,

103 4559 269 4635 instructos,
295 4560 392 4614 saltem
418 4559 472 4613 illis
494 4561 576 4630 juxta
598 4561 753 4631 apostolum
773 4562 871 4614 aeolias
890 4564 944 4615 crit
968 4570 1017 4615 anst
1042 4560 1197 4628 sisnplicem
1223 4560 1401 4613 eversionem.
1446 4560 1482 4614 Si
1505 4559 1651 4613 dormierit
1670 4559 1714 4612 eir
1733 4560 1802 4627 ejas,

106 4646 210 4699 nubem
231 4662 315 4718 quam
333 4646 474 4716 perpetuis
493 4647 630 4701 nationum
650 4647 767 4701 flammis
786 4649 915 4718 torqueri.
969 4649 1054 4717 mansi
1072 4649 1107 4700 ale
1126 4648 1225 4711 futarro
1245 4655 1330 4715 sciret,
1351 4665 1385 4699 ae
1399 4664 1455 4718 per
1473 4647 1523 4700 boe
1541 4647 1672 4699 videatur
1689 4646 1730 4698 ad
1742 4661 1802 4697 eum

10 4728 92 4775 ³⁰¹·7·
146 4738 199 4788 191.
237 4737 262 4786 2.
284 4731 318 4786 In
344 4732 404 4789 eod.
427 4749 488 4803 cap.
506 4751 531 4785 v.
552 4738 600 4787 aa:
625 4736 734 4788 rilnals'ar
756 4735 877 4801 nllipata
904 4726 1115 4802 serpentinam,
1135 4748 1208 4800 qaanc
1220 4733 1287 4799 jam
1304 4733 1334 4784 z'n
1348 4735 1409 4799 fida
1424 4734 1514 4785 virum
1532 4730 1666 4784 ammarit.
1698 4730 1804 4785 Similia

10 4782 56 4873 hir
110 4819 189 4888 leye,
210 4820 346 4887 maenidia
377 4819 444 4872 sinit
471 4820 515 4871 eir
541 4819 613 4886 ejas,
639 4822 691 4873 sed
709 4821 736 4873 si
761 4818 1052 4897 obdarmicm'tthabet
1069 4817 1255 4886 Hieronymus
1287 4816 1315 4869 in
1342 4817 1420 4886 epist.
1444 4817 1480 4871 ad
1500 4816 1615 4872 Geront.
1643 4820 1671 4871 et
1689 4818 1708 4873 l.
1732 4824 1752 4872 1.
1775 4818 1803 4870 in

10 4888 77 4987 ἔπε’,
107 4906 153 4958 ss'r
170 4906 231 4973 ejus
243 4908 303 4974 (per
314 4910 438 4974 mortem,
448 4905 552 4958 usitata
564 4904 722 4974 Scripturas
734 4905 827 4975 phrasi
843 4913 864 4959 l.
880 4902 1061 4962 Cor.²·lovin.
1087 4922 1113 4974 p.
1144 4909 1183 4957 10.
1219 4901 1443 4972 Respondemus:
1469 4918 1613 4972 negamus,
1633 4908 1800 4973 potestatem

10 4990 83 5079 w
110 4996 155 5060 u,
184 4996 263 5046 att).
286 4996 309 5046 1.
330 4988 427 5043 Thess.
448 4996 478 5058 t,
508 5007 535 5046 v.
564 4996 603 5045 13.
622 4996 697 5060 etc),
725 4993 818 5045 libera
845 4999 886 5043 est
904 4989 1211 5063 artliterandinuptias
1229 4995 1345 5042 amorte
1363 4987 1491 5059 conjugis
1508 4988 1647 5059 pertinere
1665 4989 1803 5045 duntaxat

10 5100 28 5133 s.
107 5078 273 5143 numerem,
292 5077 429 5145 crsivcls't,
447 5077 594 5129 tardantia
615 5078 744 5129 Ilarnino.
774 5077 829 5130 llic
842 5077 943 5131 diserte
970 5077 1006 5130 ad
1025 5094 1095 5141 eam,
1113 5092 1186 5145 quae
1197 5074 1337 5128 ethnicum
1349 5072 1484 5128 habuerat
1504 5080 1532 5129 ct
1548 5074 1649 5129 amisso
1668 5091 1701 5129 eo
1715 5075 1802 5130 credi-

106 5168 226 5219 testatur
252 5163 401 5231 apostolus,
425 5178 475 5231 per
497 5170 611 5216 mortem
631 5163 777 5231 conjugale
793 5162 942 5232 vinculum,
970 5162 1063 5227 derat,
1084 5161 1151 5233 quia
1168 5160 1254 5215 verba
1272 5160 1390 5229 apostoli
1409 5165 1474 5213 sunt
1492 5159 1685 5231 generalised
1708 5177 1802 5215 omnes

106 5265 162 5320 quo
186 5249 267 5303 relnt
291 5248 354 5318 lege
382 5250 501 5319 quadam
522 5254 639 5319 uterquc
663 5248 813 5317 conjugum
833 5255 942 5303 tenetur
968 5249 1078 5302 omnino
1096 5247 1238 5314 mulieres,
1258 5246 1316 5298 sive
1334 5250 1400 5299 ante
1430 5262 1508 5299 snam
1528 5246 1563 5299 ad
1583 5244 1721 5300 Christum
1739 5263 1803 5301 con·
1897 5302 1903 5311 ,

103 5335 283 5401 constrictus,
310 5333 422 5388 dissolvi
447 5350 481 5387 ac
512 5335 584 5404 parti
608 5332 749 5402 superstiti
777 5335 1121 5409 potestatemtversionem
1137 5334 1165 5386 in
1181 5331 1351 5400 ethnicismo,
1364 5330 1422 5386 sive
1439 5337 1503 5402 post
1523 5348 1600 5385 suam
1616 5330 1652 5384 ad
1663 5330 1803 5386 Christum

102 5419 163 5475 dari
183 5420 222 5474 ssi
241 5418 367 5475 secunda
383 5426 447 5475 vota
466 5418 635 5485 transeundi,
653 5417 738 5488 idque
759 5419 787 5469 in
806 5421 939 5485 Domino,
966 5420 1172 5475 conversionem
1182 5418 1210 5471 in
1221 5415 1544 5473 Christianismo'maritis
1551 5416 1656 5473 inerim
1663 5416 1802 5472 viduatae.

99 5506 128 5561 id
147 5506 254 5563 estDei
273 5505 415 5562 voluntate
427 5505 641 5578 etbeneplacite
659 5504 718 5561 fieri
738 5520 817 5575 posse
828 5505 935 5562 asserit.
969 5506 1121 5577 Postquam
1138 5504 1210 5560 enim
1228 5504 1256 5557 in
1276 5503 1509 5573 praecedentibus
1533 5521 1613 5560 suum
1631 5502 1667 5557 de
1690 5502 1803 5573 virgini·
