4028 6030
771 224 822 281 DE
839 224 1039 285 OONJUGIO.
1689 237 1747 295 159

53 378 193 451 polluisti
214 384 333 433 numum
359 396 458 435 meam.
504 380 585 447 Quod
608 380 692 436 Dent.
715 384 763 450 tt,
795 399 822 437 r.
845 376 991 451 ttitsrea
1009 398 1073 437 eum
1092 389 1146 449 ιιι
1166 380 1304 455 significet
1320 390 1457 454 pannum,
1471 390 1553 483 ,πῂ-ι
1575 384 1748 456 potestrerti

58 464 174 521 rationis
192 464 253 521 loco
270 464 381 521 ridetur
398 465 542 535 additum,
571 466 739 521 maledictus
757 468 808 537 eui
825 484 891 519 con·
916 484 966 537 per
982 468 1110 536 amitam,
1135 486 1230 525 sensus
1250 469 1336 541 igitur
1353 470 1421 533 erit,
1447 471 1585 526 abstineas
1610 472 1646 527 ab
1664 484 1749 525 uxore

58 551 163 605 candit
179 568 242 605 cnm
260 568 346 605 neore
358 552 455 623 putris
472 553 532 621 nti,
547 554 593 618 ⁸23,
614 554 681 622 qnia
700 551 891 621 discooperuit
916 554 1009 624 patrui
1029 555 1092 621 tui,
1122 556 1188 626 quia
1206 572 1270 610 cum
1288 574 1338 625 per
1355 555 1516 627 conjugium
1540 556 1615 612 facta
1634 556 1671 611 sit
1693 572 1749 611 una

58 638 129 712 ηὲζ,
150 636 339 706 clemputris
356 638 410 704 sai,
423 636 452 689 id
462 636 604 709 Pagninus
614 638 719 708 accipit
727 638 890 707 ἐξηγητικοῖς
917 656 981 693 caro
996 658 1060 695 cum
1078 646 1177 712 patruo
1194 647 1260 709 tuo,
1278 642 1341 697 ideo
1358 647 1401 696 est
1418 641 1470 696 tibi
1489 642 1551 697 loco
1573 642 1688 711 amima,
1715 658 1748 697 ac

58 733 87 777 et
113 724 306 793 discooperuit
335 724 414 777 etam
439 725 540 793 petris,
572 724 695 781 continet
712 725 784 780 enim
808 724 890 779 hone·
917 728 1033 796 proinde
1057 744 1112 781 non
1141 727 1230 782 minus
1255 728 1291 782 ab
1317 745 1351 782 ea
1379 728 1576 785 abstinendum
1602 744 1687 797 qnam
1712 726 1749 781 ab

58 818 132 863 atam
155 810 439 879 circumscriptionem
469 809 631 865 concubitus
649 827 699 866 seu
718 809 891 866 revelationis
918 814 981 885 ipsa
1010 813 1110 878 amita,
1142 830 1213 885 quae
1241 813 1373 883 peculiari
1398 815 1461 885 lege
1492 814 1557 868 duci
1585 812 1749 884 prohibetur

58 894 204 963 nuditatis,
223 896 303 964 cujus
322 894 351 949 in
367 896 599 965 praecedentibus
620 896 694 951 facta
705 901 766 951 erat
778 896 890 951 mento.
919 920 945 955 v.
964 906 1003 956 12.
1039 898 1169 970 Denique
1188 899 1228 953 sic
1242 900 1355 970 procedi
1365 906 1467 969 potest,
1486 918 1559 954 anor
1572 900 1675 970 patrui
1687 900 1749 967 mei,

60 983 120 1055 ηξξ
143 979 328 1051 metaphorice
348 979 487 1051 significat
509 982 665 1050 finitriom,
695 982 891 1035 enormitatem
919 1003 981 1039 eum
1005 985 1042 1039 sit
1065 1002 1121 1039 una
1146 1001 1210 1039 caro
1233 1002 1297 1039 cum
1320 992 1434 1055 patruo,
1463 986 1548 1041 debet
1574 985 1711 1041 abstinere
1729 1000 1748 1039 a

59 1066 426 1135 nestr'sinferiorem,Deut.
446 1072 487 1135 22,
500 1084 527 1121 v.
548 1072 588 1121 12.
601 1067 892 1137 Discooperireaicm
919 1071 1129 1142 consanguineis
1164 1071 1207 1125 sni
1254 1070 1360 1139 mariti,
1408 1071 1524 1141 proinde
1569 1088 1624 1125 non
1659 1075 1751 1141 potest

62 1153 159 1221 neatis,
177 1153 408 1207 udreoelondem
424 1151 530 1207 seilicet
548 1154 711 1222 eruditatem,
732 1160 775 1209 cet
785 1152 893 1221 phrasis
919 1156 1025 1211 nubere
1056 1156 1130 1225 mibi,
1161 1156 1209 1227 qui
1228 1174 1288 1211 sum
1317 1155 1390 1210 filius
1419 1156 1513 1211 fratris
1538 1157 1630 1211 mariti
1655 1156 1750 1227 ipsius,

61 1244 168 1307 nupta,
195 1254 267 1310 quae
285 1254 320 1293 ex
340 1238 520 1293 antecedente
538 1238 746 1312 intelligendum
764 1238 895 1309 relinquit
920 1259 985 1314 ergo
1024 1260 1075 1298 nec
1110 1242 1177 1297 mihi
1210 1260 1271 1298 eam
1308 1242 1336 1297 in
1373 1259 1485 1297 uxorem
1516 1244 1617 1297 ducere
1647 1242 1751 1298 licebit.

59 1340 249 1394 consequens,
281 1324 310 1378 in
342 1340 397 1395 qua
427 1323 630 1395 significatione
660 1327 744 1381 etiam
768 1326 894 1395 usurpari
920 1328 1026 1394 Quodsi
1056 1344 1111 1383 non
1141 1329 1207 1383 licet
1236 1330 1327 1399 patrui
1356 1344 1469 1383 uxorem
1505 1330 1606 1384 ducere
1639 1334 1752 1398 propter

61 1410 326 1481 viderenturne,
355 1429 380 1467 v.
401 1418 426 1467 9.
465 1410 546 1465 LXX
575 1412 756 1468 reddiderunt
791 1410 894 1465 inona-
921 1415 1095 1483 affinitatem,
1115 1416 1202 1469 multo
1218 1416 1308 1469 minus
1321 1414 1417 1470 licebit
1434 1422 1534 1486 patruo
1553 1415 1646 1471 fratris
1667 1414 1752 1469 filiam

62 1495 178 1553 trinrser
195 1498 383 1569 ovynritvppn
405 1497 576 1571 τοῦπατρὸς,
593 1498 734 1553 Letherus
752 1500 800 1555 ben
812 1498 894 1569 gitta
921 1501 1023 1557 ducere
1044 1508 1158 1573 propter
1175 1500 1453 1571 consanguinitatem.
1479 1501 1615 1573 Exempla
1631 1500 1753 1555 nunnae

61 1584 111 1639 bet
131 1584 231 1641 arens
251 1584 390 1653 aufbtdtn.
429 1584 471 1638 Ex
492 1584 555 1655 lege
573 1584 696 1655 generali
716 1593 807 1655 potest
826 1584 896 1639 haec
922 1587 995 1641 illius
1020 1586 1219 1643 commixtionis
1243 1586 1315 1641 inter
1340 1594 1471 1658 patruum
1497 1598 1526 1643 et
1552 1588 1644 1643 fratris
1668 1587 1753 1642 filiam

61 1670 132 1725 addi
155 1670 240 1725 ratio:
271 1671 353 1725 Pater
378 1676 443 1724 tuus
467 1676 497 1725 ct
519 1687 637 1725 autema
662 1679 800 1725 suntuna
819 1688 896 1739 caro,
923 1680 988 1729 sunt
1018 1674 1130 1727 Durine
1160 1691 1208 1728 rex
1236 1674 1384 1729 Persarum
1410 1674 1503 1729 fratris
1527 1674 1640 1730 Atarnis
1669 1673 1754 1728 filiam

62 1757 181 1829 perinde
203 1763 236 1811 ut
259 1762 339 1827 pater
365 1762 429 1811 tuus
456 1762 486 1811 et
503 1763 590 1811 mater
609 1763 658 1811 tua
675 1756 801 1823 fuerunt,
830 1773 896 1829 ergo
923 1762 1124 1828 Pbretupinem
1167 1762 1286 1829 ducens,
1328 1762 1473 1815 montane
1512 1778 1560 1815 rex
1601 1760 1754 1832 Spartanus

63 1854 96 1899 nt
122 1862 141 1898 a
163 1850 251 1899 matre
275 1850 325 1898 tua
341 1851 455 1914 prepter
472 1843 625 1913 proximum
650 1842 896 1914 consanguinitatis
926 1846 1022 1913 Geryo
1046 1846 1133 1901 filiam
1156 1847 1250 1902 tratris
1269 1846 1422 1903 Cleomenis
1442 1848 1495 1902 sibi
1510 1848 1645 1919 jungens,
1678 1848 1754 1916 Tyro

63 1929 194 2002 gradum
211 1930 252 1985 ita
270 1946 288 1984 a
306 1946 425 1985 noverca
442 1934 492 1985 tua
505 1940 618 1999 prepter
634 1930 789 1999 proximum
809 1928 896 1983 affini·
923 1930 1068 1988 Salmonei
1087 1932 1144 1987 filia
1162 1933 1257 2003 nupsit
1281 1940 1382 2004 patruo
1409 1932 1539 1998 Lbettmo,
1568 1936 1754 1987 Andromeda

63 2019 132 2073 tatis
166 2017 285 2087 gradm
314 2018 399 2074 debes
427 2017 573 2073 abstinere.
623 2016 757 2087 Exempla
774 2016 897 2071 nolanae
923 2016 1027 2087 Cephei
1044 2024 1073 2073 et
1093 2017 1267 2091 Cassippeiae
1284 2018 1343 2073 filia
1356 2026 1455 2089 patruo
1467 2020 1574 2074 Phineo
1589 2019 1754 2091 desponsata

63 2104 270 2173 conjunctionis
302 2104 373 2159 inter
403 2120 548 2159 novercam
578 2112 607 2160 et
642 2103 799 2174 privignum
834 2119 897 2173 pre·
923 2102 990 2173 iuit3
1015 2104 1155 2158 titudine
1178 2106 1328 2175 imperator
1346 2107 1537 2178 *lysippinom
1560 2104 1645 2159 filiam
1659 2104 1753 2159 fratris

65 2198 209 2262 ponuntur
242 2191 270 2245 in
287 2193 385 2245 Itutcn
409 2199 436 2245 et
459 2191 565 2245 Bilbeis
585 2188 656 2245 Gen.
682 2196 730 2255 35,
759 2206 785 2243 v.
809 2196 850 2244 22.
868 2188 896 2242 in
924 2188 1083 2244 Germanici
1098 2190 1151 2246 sibi
1169 2192 1291 2261 socians,
1323 2192 1397 2262 qued
1428 2193 1590 2264 conjugium
1608 2190 1752 2247 Cornelius

65 2278 208 2333 Amotom
238 2295 300 2331 crem
326 2278 452 2331 Decidit
480 2276 566 2348 patris
598 2277 641 2331 sui
670 2276 803 2330 erroribus
831 2292 897 2329 con·
923 2276 1038 2331 Tacitus
1067 2276 1226 2331 describens
1253 2277 1346 2331 addit:
1376 2278 1467 2332 Nullo
1485 2278 1611 2347 eaernpto
1630 2280 1752 2331 deductu

64 2363 216 2420 cumbente
235 2370 259 2421 2.
277 2364 348 2421 Sam.
372 2370 411 2419 te.
430 2380 456 2418 v.
477 2369 516 2419 22.
536 2364 566 2417 in
586 2362 731 2417 Corinthio
743 2365 897 2417 incestuoso
924 2362 955 2415 in
973 2365 1084 2417 domurn
1098 2364 1201 2431 patriti
1212 2365 1324 2431 fratris
1335 2364 1413 2432 filia.
1450 2363 1560 2419 Poenae
1577 2363 1753 2417 comminatio

68 2458 90 2507 1.
109 2450 173 2506 Cor.
193 2456 227 2513 5,
252 2468 277 2503 v.
308 2458 328 2507 1.
354 2452 384 2506 in
401 2451 540 2505 Antiocho
557 2450 669 2506 Seleuci
689 2452 764 2518 repis
786 2450 845 2515 titio
869 2454 899 2503 et
924 2448 1014 2503 Lavit
1032 2454 1074 2516 tu,
1087 2467 1111 2504 v.
1126 2456 1167 2505 2⁰.
1185 2449 1359 2505 additahaec
1371 2458 1428 2505 est:
1446 2450 1606 2503 Morientur
1621 2449 1753 2525 ῺῚἼἭ

66 2538 228 2591 Stratonice
252 2536 387 2592 Demetrii
412 2536 484 2601 lilia,
515 2536 623 2594 Seleuci
648 2552 746 2604 uxore,
776 2553 859 2608 quam
881 2552 899 2589 a
924 2536 1049 2603 steriles,
1066 2536 1127 2589 sinc
1145 2536 1255 2605 literis,
1273 2530 1397 2606 ireneus,
1414 2542 1446 2590 ut
1464 2534 1548 2589 LXX
1564 2535 1753 2599 reddiderunt,

64 2622 172 2677 nestum
198 2621 253 2677 isto
285 2623 435 2678 concubitu
463 2640 527 2677 cum
553 2622 680 2693 privigno
707 2621 898 2677 abhorrentem
924 2620 969 2675 vel
991 2621 1064 2692 quot
1082 2622 1178 2676 nullos
1196 2624 1379 2691 procreaturi
1393 2624 1449 2675 sint
1476 2622 1591 2691 liberos,
1616 2622 1661 2677 vel
1678 2621 1753 2692 quod

61 2710 146 2780 jubet
163 2707 296 2765 Seleucus
325 2709 426 2775 doceri,
444 2710 562 2763 benecia
589 2718 615 2763 et
639 2710 719 2777 justa
736 2726 803 2771 esec,
826 2726 897 2777 qaue
925 2726 1019 2762 eorum
1034 2710 1141 2773 sunere
1158 2708 1264 2762 intueri
1279 2710 1336 2761 uiui
1352 2716 1497 2778 copmdur,
1515 2708 1559 2763 vel
1579 2708 1654 2779 qued
1671 2708 1755 2762 liberi

65 2796 132 2865 reni
146 2796 264 2865 placent
282 2804 308 2849 et
324 2812 413 2863 repro
428 2796 512 2849 utilio
531 2812 591 2850 esse
611 2795 753 2864 videntur,
771 2794 898 2850 Valerius
925 2811 958 2847 ea
981 2794 1035 2848 tuli
1051 2796 1231 2849 matrimonio
1254 2796 1317 2847 noti
1337 2796 1394 2849 sint
1413 2812 1470 2863 pro
1492 2794 1647 2864 illepitimir
1672 2802 1698 2847 ct
1713 2795 1754 2847 in·

66 2882 140 2937 tlax.
159 2882 209 2937 lib.
228 2888 253 2937 5.
271 2899 296 2937 c.
316 2888 341 2939 1.
359 2882 518 2937 Alexander
537 2881 573 2935 ab
585 2882 664 2936 Alex.
684 2881 729 2936 lib.
751 2887 775 2936 1.
796 2882 898 2952 genial.
926 2881 1056 2934 aestuosis
1078 2880 1208 2935 tradendi.
1252 2879 1372 2943 Quidam
1404 2886 1435 2934 ut
1458 2881 1490 2936 R.
1518 2878 1647 2935 Salomon
1676 2880 1752 2950 apud

63 2988 89 3025 c.
120 2974 164 3025 21.
198 2970 228 3023 in
251 2968 396 3022 Bassiano
427 2968 583 3023 Caracalla
613 2970 725 3023 Jutr'em
752 2986 899 3023 novercam
925 2966 1068 3037 Lyranum
1087 2973 1115 3021 et
1132 2966 1180 3021 alii
1198 2965 1362 3033 existimant,
1381 2966 1549 3020 incestuosas
1567 2965 1630 3019 illas
1641 2967 1753 3035 nuptias

63 3072 146 3109 suam
165 3054 301 3120 ducente,
334 3054 464 3109 Aurelius
491 3053 589 3110 Victor
612 3055 641 3108 in
659 3056 763 3110 Anton.
802 3054 981 3149 Carae.'non
1007 3051 1109 3121 subjici
1136 3068 1243 3122 poenae
1267 3051 1460 3121 magistratus,
1495 3052 1545 3106 sed
1571 3051 1624 3107 Dei
1646 3051 1755 3121 judicio

62 3142 154 3213 Apud
192 3140 324 3197 Ovidium
360 3140 389 3194 in
426 3141 506 3209 epist.
542 3142 679 3195 Phaedra
714 3142 900 3213 Hippolytum
926 3138 1058 3209 relinqui,
1098 3138 1147 3208 qui
1175 3154 1226 3208 per
1254 3137 1448 3192 immissionem
1483 3136 1634 3193 sterilitatis
1672 3136 1755 3193 bene·

63 3230 226 3302 privignum
246 3244 327 3281 suum
341 3226 376 3281 de
394 3226 541 3281 concubitu
560 3226 708 3284 sollicitat:
927 3225 1077 3279 dictionem
1097 3223 1231 3279 duntaxat
1250 3223 1354 3277 talibus
1371 3222 1476 3294 nuptiis
1503 3224 1540 3277 sit
1558 3224 1756 3291 subrueretur,

927 3328 983 3365 non
1004 3316 1097 3365 autem
1121 3310 1166 3365 vel
1189 3310 1308 3367 mediate
1328 3327 1377 3381 per
1401 3310 1608 3383 magistratum,
1635 3311 1679 3366 vel
1705 3310 1755 3364 im-

926 3398 1046 3453 mediate
1088 3414 1138 3467 per
1173 3414 1203 3452 se
1247 3396 1337 3468 ipsum
1373 3398 1563 3453 contrahentes
1600 3398 1756 3469 puniturus.

926 3483 1101 3555 Augustinus
1126 3500 1153 3555 q.
1179 3488 1219 3539 tt.
1246 3483 1276 3537 in
1300 3484 1382 3537 Lem:
1426 3484 1502 3547 Quid
1523 3492 1576 3548 ert,
1599 3486 1660 3539 sine
1685 3483 1756 3551 filiis

10 3598 27 3631 n
102 3578 167 3629 269.
201 3574 228 3625 2.
252 3572 326 3625 Uror
341 3570 447 3639 paterii.
491 3570 658 3623 Naditutem
680 3571 785 3634 fratris
805 3572 1095 3645 patrislmorientar,
1124 3588 1186 3623 curri
1215 3570 1272 3631 ttttt
1289 3590 1321 3623 er
1338 3571 1502 3639 Irajusmodi
1518 3572 1756 3639 conjunctionibus

10 3670 15 3679 '
59 3660 110 3715 ent
136 3676 193 3713 mon
220 3658 372 3724 renate,
403 3658 444 3709 aci
467 3673 582 3711 uxorem
610 3657 671 3725 ejus
695 3674 751 3711 nort
776 3653 953 3729 aeremia
986 3666 1050 3711 ente
1079 3657 1140 3711 nati
1169 3658 1225 3711 siat
1260 3657 1396 3724 hodieque
1433 3660 1609 3710 remeantur!
1639 3676 1677 3711 cn
1705 3658 1756 3711 itoc

59 3766 142 3803 uror
159 3746 262 3816 patrui
278 3746 320 3797 tui
340 3746 405 3813 ipsa
422 3752 470 3811 est,
489 3742 579 3797 Lavit.
600 3749 640 3812 18,
657 3758 683 3796 v.
704 3748 744 3799 tt.
788 3744 836 3797 Vir
853 3732 916 3813 qui:
929 3744 1143 3813 inteilipcndum
1174 3751 1213 3795 est
1243 3744 1304 3810 ispe
1332 3745 1390 3795 Dei
1420 3744 1602 3805 conutitutis-nr,
1634 3750 1665 3795 nt
1696 3744 1756 3811 qui-

57 3832 248 3891 concutbuers't
272 3848 333 3885 cam
356 3846 443 3884 acore
461 3830 568 3893 fratris
589 3832 683 3899 patris
708 3834 769 3898 sui,
792 3832 843 3886 icc
861 3828 1034 3899 estlcunque
1052 3846 1085 3885 ea
1103 3830 1144 3883 eis
1161 3830 1225 3882 nati
1238 3830 1362 3897 fuerint,
1380 3847 1436 3883 non
1454 3831 1619 3899 deputem
1633 3830 1706 3899 tilii,
1724 3831 1757 3883 id

54 3920 171 3997 pertrui
187 3920 240 3987 rui,
259 3918 415 3971 nuditatem
424 3916 525 3987 patrui
540 3917 587 3969 ersi
603 3917 743 3983 revelavit,
755 3925 902 3985 peccatum
928 3925 968 3971 est
985 3916 1063 3971 nitito
1078 3916 1245 3985 parentibus
1261 3916 1327 3983 iure
1345 3918 1511 3984 enumerent,
1541 3934 1623 3987 quern
1647 3917 1757 3973 videtur

55 4027 151 4065 mam
165 4005 333 4077 portabunt,
358 4004 419 4057 eisne
437 4004 535 4057 liberis
554 4004 725 4071 morientur,
751 4002 840 4060 Lavit.
859 4011 902 4075 tt,
929 4004 1008 4074 sequi
1032 4002 1218 4059 Bellarrninus
1244 4002 1279 4057 de
1299 4001 1418 4058 matrim.
1440 4019 1465 4057 c.
1485 4010 1526 4060 tr.
1551 4004 1592 4059 sic
1610 4022 1758 4076 exponens,

56 4114 90 4153 v.
112 4100 161 4149 211.
189 4090 289 4147 Rabirii
308 4090 414 4159 itidem,
432 4088 509 4143 utin
527 4089 617 4159 prima
634 4088 1002 4162 legeconsanguini·rquod
1031 4090 1088 4155 filii
1114 4089 1230 4143 iliorum
1258 4106 1317 4143 non
1355 4090 1413 4143 sint
1445 4091 1473 4144 in
1503 4092 1676 4161 peneolopiis
1705 4095 1756 4145 ad·

54 4182 151 4245 tatis,
178 4180 335 4233 nuditatem
357 4178 459 4245 putrui
480 4180 621 4245 exponunt
638 4175 747 4245 passive
765 4177 800 4231 de
818 4177 1081 4243 uxoreleeribcndi,
1111 4192 1207 4231 rernm
1224 4192 1351 4246 expresse
1370 4176 1494 4246 additur,
1521 4180 1677 4247 portabunt
1693 4196 1757 4249 pec-

56 4265 176 4343 patrui,
191 4282 275 4339 mm
289 4270 406 4335 patruus
423 4263 553 4331 nudavit,
572 4262 616 4317 vel
635 4278 719 4333 quam
739 4269 839 4333 patrue
853 4272 902 4319 tuo
913 4235 916 4345 i
929 4272 1018 4319 cotum
1035 4281 1123 4327 snam,
1141 4263 1195 4318 hoc
1214 4267 1258 4317 est
1274 4279 1390 4333 poenam
1409 4262 1493 4335 hujus
1510 4266 1553 4319 sui
1571 4266 1696 4335 peccati,
1716 4266 1757 4319 ita

55 4354 180 4413 nudam
204 4370 239 4409 ac
264 4357 390 4423 retegere
413 4350 467 4405 tuit
491 4350 610 4419 licitum,
642 4355 672 4404 ut
690 4351 730 4405 sic
753 4351 838 4405 verba
859 4351 1003 4407 se-.snim
1032 4350 1191 4405 Hebraeum
1223 4352 1293 4423 tttttf!
1329 4348 1465 4419 accipitur
1497 4349 1563 4405 tob.
1594 4356 1641 4419 35,
1676 4368 1701 4405 v.
1733 4356 1756 4405 3.

57 4440 201 4517 quentia,
230 4440 272 4493 cd
296 4455 411 4493 acorem
432 4438 536 4507 patrui
553 4438 597 4490 tui
618 4456 674 4491 non
692 4440 820 4506 sermm,
847 4436 1031 4509 sintl'i'hren.
1063 4444 1095 4499 4,
1128 4455 1154 4490 v.
1182 4442 1205 4491 t.
1240 4444 1293 4491 etc.
1325 4435 1426 4505 quibus
1457 4435 1548 4490 verbis
1580 4436 1757 4508 magistratus

56 4527 215 4599 εξηγηταὰ
234 4524 475 4596 praecedentium,
507 4522 662 4577 nuditatem
681 4524 788 4587 fratris
806 4524 1035 4594 patrisrpeenae
1066 4540 1216 4593 personae,
1243 4538 1315 4593 quae
1347 4520 1417 4575 tales
1445 4522 1557 4591 nuptias
1584 4521 1757 4589 connubunt,

57 4616 111 4673 tui
138 4628 198 4667 non
222 4610 367 4667 revelabis.
416 4608 471 4664 Sed
497 4607 567 4661 nihil
598 4607 727 4679 impedit,
759 4608 1123 4679 quominus3subjmiuntur.
1172 4608 1345 4673 Quibusdam
1373 4608 1490 4675 videtur,
1521 4607 1622 4661 mitiori
1652 4624 1758 4677 poenae

57 4700 220 4757 verborum
264 4696 460 4769 proprietatem
501 4694 668 4749 retineamus
707 4711 742 4749 ac
785 4696 1015 4766 prioremrquam
1032 4696 1153 4765 capituti
1169 4696 1239 4749 tales
1255 4710 1387 4765 personas
1406 4693 1520 4764 subjici,
1546 4694 1610 4764 quia
1633 4709 1688 4747 non
1709 4694 1758 4748 ad·

57 4792 183 4863 partem
213 4784 407 4857 prohibitionis
438 4782 607 4852 accipiamus
639 4781 674 4837 de
702 4782 766 4846 filio
791 4783 1018 4851 fratrintditur,
1049 4782 1124 4853 qued
1142 4784 1287 4835 moriendo
1307 4782 1392 4849 mori,
1426 4781 1455 4835 id
1473 4788 1516 4834 est
1534 4780 1648 4849 capitali
1669 4796 1759 4851 poena

57 4872 146 4951 quud
165 4870 217 4937 illa
233 4888 289 4927 non
308 4869 409 4925 debeat
421 4867 524 4923 nubere
536 4873 635 4938 patruo
649 4884 707 4936 suc,
726 4868 904 4940 pertemerem
930 4868 1014 4938 affici,
1034 4868 1167 4935 debcant,
1192 4884 1263 4939 quae
1284 4882 1373 4938 poena
1390 4865 1520 4921 ambitur
1536 4864 1564 4919 in
1583 4882 1644 4933 eos,
1662 4865 1709 4937 qui
1729 4866 1759 4919 in

60 4962 104 5019 de
136 4958 203 5025 tilio
234 4959 355 5027 fretrus,
387 4954 461 5028 quod
491 4954 539 5008 ille
574 4972 630 5009 non
665 4953 765 5011 debeat
804 4956 904 5011 ducere
931 4957 1018 5027 primo
1035 4954 1126 5027 gradu
1142 4952 1287 5009 affinitatis
1307 4952 1485 5017 contrahunt,
1504 4958 1536 5005 ut
1553 4950 1576 5004 si
1595 4950 1656 5021 quis
1675 4950 1760 5006 ducat

60 5060 188 5105 uorem
214 5042 311 5115 patrui
337 5043 391 5097 sui.
439 5040 564 5096 Pertinet
592 5039 661 5095 haec
687 5040 835 5110 prohibitio
865 5028 1079 5098 ortfnoveream
1109 5059 1134 5097 v.
1166 5046 1205 5095 11.
1235 5058 1332 5094 nurum
1360 5056 1385 5094 s.
1416 5042 1454 5093 12.
1483 5037 1638 5108 privignam
1663 5055 1690 5092 r.
1719 5044 1758 5094 11.

10 5169 16 5213 ,
60 5132 224 5189 madum
254 5130 376 5201 praetem
405 5127 557 5191 affinitatis
587 5127 617 5178 in
642 5126 720 5179 linea
744 5116 981 5199 cottmeattjsed
1006 5144 1068 5183 cum
1093 5126 1121 5180 in
1144 5143 1219 5193 eum,
1251 5126 1299 5196 qui
1329 5141 1444 5178 neonem
1467 5124 1573 5187 fratris
1598 5124 1658 5192 aui,
1688 5140 1759 5195 quae

10 5215 96 5280 lin
117 5217 244 5288 aequali.
283 5214 366 5273 Ratio
384 5213 578 5285 prohibitionis
596 5212 724 5281 additur,
744 5214 809 5283 ipso
833 5202 1027 5270 ertimiitidem
1055 5212 1144 5284 primo
1171 5210 1314 5266 affinitatis
1341 5209 1431 5280 gradu
1459 5208 1512 5280 ipsi
1530 5212 1680 5282 conjuncta
1709 5218 1759 5273 est,

63 5316 109 5363 eet
128 5294 212 5379 71ξῇ
232 5319 306 5357 anor
326 5301 432 5367 fratres
453 5301 548 5369 petris
572 5302 627 5368 tui,
657 5299 747 5353 idest
766 5298 841 5355 iacta
864 5305 907 5356 cst
933 5300 1055 5367 duxerit,
1084 5299 1180 5357 eedem
1209 5315 1300 5369 poena
1328 5302 1467 5352 saturatur
1497 5314 1522 5350 v.
1548 5302 1591 5353 21.
1621 5297 1683 5353 ideo
1714 5296 1759 5349 rix

65 5410 126 5451 ιιι
142 5408 210 5449 earo
230 5406 297 5445 cnm
313 5394 413 5460 patruo
438 5391 499 5452 tuo,
533 5386 582 5457 qui
598 5393 641 5441 est
663 5384 803 5457 proximus
821 5386 908 5456 patris
933 5391 1026 5456 potest
1042 5385 1186 5441 divereitas
1206 5384 1342 5455 quaedam
1353 5382 1383 5437 in
1400 5398 1502 5453 genere
1513 5399 1619 5453 poenae
1633 5382 1759 5453 capitalis

66 5481 111 5539 ani
128 5484 273 5551 comtum
291 5492 326 5531 ac
344 5474 466 5546 parentis
487 5472 549 5528 loco
565 5472 616 5529 tibi
634 5470 785 5528 habendus.
823 5471 905 5529 Prae·
936 5472 1038 5541 sntui,
1067 5489 1163 5527 sensus
1183 5470 1268 5541 igitur
1285 5470 1351 5534 erit,
1380 5469 1454 5539 quod
1472 5469 1662 5525 coementes
1684 5469 1757 5537 ejus-

106 3348 218 3403 Viderit
233 3346 378 3417 anathene
395 3346 507 3415 aliqum,
524 3348 707 3403 laudabimur
725 3349 812 3403 anthe.

138 3434 233 3489 Dicar
249 3434 381 3504 priuigno
393 3433 458 3501 fida
475 3450 594 3488 nouema
612 3452 680 3489 meo.
