4020 6022
240 204 302 262 260
823 196 948 255 Locus
964 192 1170 255 monemus
1189 193 1358 262 QUINTUS

239 352 393 409 honutatis
408 354 525 421 1111111111,
544 352 593 407 sed
613 351 696 407 etism
713 352 847 408 sanitatis
861 352 965 407 intuitu
981 349 1072 406 mode·
1084 342 1089 441 1
1101 350 1232 406 wentae
1257 352 1338 405 ambo
1363 349 1422 421 ipsi
1438 366 1453 403 e
1469 348 1562 403 medio
1573 346 1680 418 populi
1705 346 1759 400 sui.
1798 342 1877 413 (her.
1896 346 1938 409 15,

240 438 373 494 radonem
391 436 467 494 illam
482 438 615 495 adhibere
634 438 770 493 convenit
1085 455 1125 523 js.
1145 444 1194 495 m:
1243 438 1278 493 Si
1306 436 1405 491 coierit
1433 435 1478 489 sir·
1495 450 1557 487 cum
1574 439 1757 502 mensuare,
1776 429 1939 485 immundus

1101 526 1155 578 erit
1169 532 1275 593 septem
1287 524 1394 591 dubus,
1414 520 1521 576 scilicet
1537 520 1561 574 si
1581 536 1631 590 per
1644 518 1863 590 imprudentiam
1874 532 1937 569 cnm

313 560 410 612 Multa
433 560 525 612 Venus
543 559 617 612 eires
637 559 766 615 ecbanrit
782 560 982 628 spiritibusque
1101 627 1135 665 ea
1163 609 1344 666 concubuerit
1374 612 1403 662 e,
1431 612 1529 678 pom,
1561 605 1672 661 demum
1702 600 1938 664 animadverterit,

346 646 441 699 llocra
458 651 594 698 consumat
610 662 732 715 corpora
749 645 828 699 melle
846 648 945 713 modu,
1101 697 1179 751 ,uitia
1196 700 1401 751 menstruorum
1414 694 1521 758 adem
1540 693 1588 763 qui
1600 692 1674 746 enim
1692 691 1783 747 ,ciem
1795 687 1938 743 maumam

241 787 274 836 ut
297 782 372 835 canit
397 782 536 837 Ecbanus.
579 781 683 851 Discip.
710 781 745 837 de
769 787 853 852 temp.
885 782 953 835 citat
970 780 1075 833 dictum
1101 783 1236 837 mensium
1265 780 1341 836 fluxu
1371 779 1514 848 laborare,
1547 778 1725 833 nihilominus
1758 776 1826 831 duta
1854 790 1939 844 opera

131 932 135 939 ¹
243 867 355 937 aliquod
388 867 560 923 Aristotelis:
591 868 704 921 Nimius
736 870 826 922 cauus
856 875 897 921 ert
922 804 1164 923 destructioicnm
1182 884 1216 923 ea
1234 866 1425 923 consuevisset
1450 873 1535 936 atque
1551 864 1601 919 ills
1626 864 1716 919 sciens
1745 868 1775 917 et
1792 860 1890 915 voletis
1909 858 1937 912 id

242 954 415 1023 corporalest
441 954 720 1023 aleatoriarum,
753 954 821 1026 quia
846 962 954 1007 centum
980 924 1090 1027 puttoni
1102 932 1280 1024 pirminissee
1300 953 1397 1023 mor-ijs
1418 968 1537 1022 poenam
1555 950 1747 1016 incurrebant,
1774 955 1807 1003 ut
1824 964 1859 1002 ex
1876 946 1938 1017 lege

241 1039 387 1107 scamina
414 1042 460 1093 eie
488 1048 620 1110 sepiant·
638 1057 723 1093 unum
749 1048 857 1107 puttam
884 1039 1012 1105 sentinis,
1042 1030 1185 1094 seientes
1204 1042 1291 1095 citata
1308 1038 1469 1109 colligitur.)
1510 1035 1611 1091 Erech.
1632 1042 1678 1106 18,
1706 1054 1733 1095 v.
1760 1040 1786 1089 6.
1806 1034 1881 1087 inter
1897 1047 1937 1085 re·

241 1126 364 1194 corporis
395 1126 466 1181 vires
499 1126 563 1196 plus
599 1141 655 1179 uno
689 1116 839 1180 concubitu
869 1094 1206 1203 exhauriuntuniquisita
1239 1133 1268 1181 et
1299 1141 1385 1196 opera
1414 1124 1467 1177 viri
1490 1123 1559 1194 justi
1587 1121 1722 1187 facientis
1741 1121 1889 1191 judicium
1912 1126 1937 1173 et

242 1227 325 1281 quam
349 1212 372 1264 si
397 1211 588 1281 quaterdecies
612 1212 774 1267 tantundem
800 1229 833 1266 ex
859 1212 988 1265 missione
1015 1227 1076 1264 san·
1088 1208 1092 1313 i
1096 1214 1243 1283 justitiam
1261 1212 1345 1268 etiam
1363 1211 1416 1266 hoc
1435 1210 1560 1279 refertur,
1588 1208 1664 1280 quod
1680 1211 1722 1262 ad
1737 1211 1938 1261 memtruatam

241 1296 333 1367 guinis
360 1296 482 1352 demtum
511 1298 610 1365 fuerit,
644 1306 676 1353 nt
693 1299 793 1355 medici
818 1299 939 1353 tradunt.
975 1297 1160 1419 Johsn.,n0n
1178 1300 1334 1353 arraserit.
1364 1314 1386 1351 c.
1408 1303 1490 1357 111.
1509 1292 1938 1367 10.iutergravissimascelera,

242 1381 323 1438 (lube
341 1382 368 1436 in
387 1385 484 1441 medic.
505 1390 587 1440 tract.
610 1383 645 1438 de
663 1400 766 1454 passer.
788 1390 930 1452 memorat,
944 1398 1077 1454 passeres
1104 1385 1205 1458 quibus
1252 1383 1497 1455 Hierosolymitani
1542 1381 1679 1436 excidium
1722 1383 1939 1451 promeruerant,

242 1469 381 1522 masculos
400 1488 455 1539 per
479 1488 564 1523 enirm
588 1478 692 1523 teritum
718 1488 822 1524 aunum
845 1472 937 1524 uiuere
957 1478 1078 1539 propter
1103 1478 1271 1539 numeratur,
1290 1472 1365 1542 quod
1384 1469 1590 1525 immunditiam
1606 1476 1796 1521 menstruatae
1807 1463 1938 1519 humilia-

241 1556 424 1611 salacitatem.
466 1556 621 1626 Praecipue
647 1572 714 1611 rere
738 1557 881 1612 cerebrum
908 1563 937 1611 et
954 1555 1204 1651 membrs,oerint.
1254 1558 1336 1613 Retio
1366 1555 1562 1627 prohibitionis
1600 1558 1692 1625 potest
1729 1551 1789 1607 dari
1825 1549 1939 1622 triplex:

242 1641 355 1697 cerebro
394 1642 485 1697 vicina
523 1660 572 1711 per
605 1642 718 1697 nimiam
754 1644 866 1697 seminis
906 1642 1128 1711 emissionemjl.
1145 1646 1288 1699 victimalis
1307 1646 1404 1716 purior·
1428 1654 1453 1697 et
1470 1643 1608 1697 leaenas.
1652 1642 1760 1698 Natura
1787 1637 1861 1693 enim
1880 1637 1940 1707 ipss

241 1727 399 1795 laeduntur,
419 1734 450 1782 ut
470 1728 593 1783 ostendit
604 1729 736 1784 Albertus
756 1728 805 1786 lib.
826 1736 866 1785 12.
889 1714 1234 1821 deanimelib.iabhorret
1264 1747 1282 1785 a
1308 1746 1458 1801 congressu
1486 1745 1550 1782 cum
1576 1734 1763 1787 menstruata,
1795 1725 1844 1797 qni
1871 1740 1938 1795 ergo

243 1820 323 1870 tract.
353 1822 374 1869 1.
405 1832 430 1868 c.
451 1822 476 1870 1.
505 1832 568 1869 cum
599 1815 672 1869 enim
703 1816 847 1871 cerebrum
879 1816 950 1869 inter
984 1817 1160 1951 omnes,tale
1189 1817 1257 1888 quid
1288 1822 1438 1886 expetunt,
1476 1814 1611 1870 naturalis
1641 1812 1794 1870 honestatis
1826 1826 1938 1882 prorsus

247 1902 367 1971 corporis
385 1907 479 1970 partes
496 1901 708 1972 frigidissimum
724 1902 777 1970 sit,
798 1902 860 1957 ideo
880 1916 930 1972 per
947 1902 1078 1957 immode-
1105 1903 1235 1958 ridentur
1253 1902 1332 1958 obliti
1351 1918 1384 1956 ac
1402 1908 1517 1956 naturae
1535 1900 1611 1972 leges
1630 1898 1735 1954 nefaris
1752 1896 1938 1969 perfringrmt,

244 1994 332 2043 ratem
352 1985 429 2041 illam
446 1986 546 2041 caloris
564 1988 663 2041 sinceri
688 1988 878 2059 naturalisque
899 1987 1077 2043 secretionem
1105 2006 1138 2044 ex
1157 2006 1212 2059 quo
1230 1989 1314 2044 etiam
1334 1987 1508 2059 intelligitur,
1526 1987 1599 2041 hanc
1611 1987 1701 2058 legem
1718 2002 1774 2041 non
1787 2000 1850 2039 csse
1866 2000 1939 2039 merc

243 2074 332 2145 magis
356 2074 543 2144 refrigeratur.
585 2074 749 2129 Aristoteles
770 2074 817 2129 lib.
844 2082 868 2130 5.
893 2074 928 2128 de
956 2082 1077 2143 generat.
1105 2076 1328 2138 ceremonialcm,
1348 2073 1396 2128 sed
1418 2073 1561 2141 moralem,
1581 2078 1779 2127 annumeratur
1792 2070 1866 2126 enim
1877 2070 1940 2139 illis,

243 2160 353 2216 animal.
380 2178 404 2215 c.
440 2166 463 2214 3.
491 2160 565 2213 unde
595 2158 718 2214 Galenus
744 2166 806 2214 tom.
832 2166 856 2215 3.
884 2176 959 2229 oper.
984 2159 1033 2215 lib.
1054 2166 1078 2214 ³.
1105 2177 1176 2232 qnae
1202 2162 1237 2216 de
1261 2159 1408 2231 prohibitis
1430 2159 1603 2230 cognationis
1622 2157 1758 2229 gradibus
1784 2157 1939 2226 traduntur,

243 2251 390 2301 comment.
422 2245 450 2300 in
476 2246 523 2301 lib.
563 2252 585 2301 3.
625 2246 787 2315 Hippocrat.
821 2246 855 2301 de
885 2244 972 2300 morb.
1005 2246 1077 2317 vulg.
1103 2265 1173 2319 quas
1201 2248 1320 2303 morales
1345 2263 1379 2301 ac
1405 2248 1545 2301 naturales
1571 2262 1632 2301 esse
1651 2244 1778 2316 superius
1797 2244 1939 2300 evicimus.

243 2331 323 2401 dicit,
348 2334 426 2401 quod
448 2331 538 2385 nimia
565 2332 651 2385 Venus
675 2333 818 2385 cuebrum
835 2332 935 2385 laedat
963 2339 989 2385 et
1006 2332 1079 2385 sirm
1104 2334 1229 2389 Probare
1266 2334 1353 2405 igitur
1389 2350 1445 2389 non
1469 2350 1624 2404 possumus,
1656 2331 1731 2403 qaod
1761 2332 1881 2401 quidam
1909 2348 1939 2383 es

243 2418 351 2487 elidat,
387 2436 443 2489 qno
476 2418 626 2489 respiciens
653 2416 839 2489 Hippocrates
877 2420 979 2472 cadum
1019 2435 1077 2473 csse
1105 2422 1266 2485 Pontiano
1284 2426 1399 2489 negent,
1419 2420 1448 2472 in
1469 2418 1504 2475 N.
1521 2418 1553 2473 T.
1572 2434 1632 2473 esse
1650 2418 1765 2473 mortale
1784 2426 1938 2489 peccatum,

239 2522 362 2575 parcam
384 2508 527 2575 mundam
553 2505 719 2574 epilepsiam
744 2504 863 2559 dicebat
909 2503 1078 2560 Laurentius
1105 2507 1128 2559 si
1166 2508 1281 2561 maritus
1314 2505 1512 2577 congrediatur
1548 2520 1612 2558 cum
1650 2520 1734 2559 uxore
1770 2512 1938 2558 mmuuum

242 2590 349 2645 Prisius
366 2598 439 2662 part.
464 2596 488 2645 2.
513 2590 560 2645 lib.
590 2597 612 2645 1.
633 2590 739 2662 speculi
758 2590 913 2645 medicinal
938 2597 1078 2647 1111111-
1103 2592 1234 2661 patiente.
1271 2593 1447 2655 Antoninus,
1474 2590 1648 2659 Paludenus‚
1675 2590 1843 2654 Abnlensis,
1866 2588 1937 2655 Solo,

243 2684 348 2744 morat,
372 2678 502 2731 Lutetiae
522 2677 702 2731 Parisiorum
723 2678 856 2747 jaserrcm
881 2679 1022 2746 querrdam
1046 2678 1079 2731 ob
1103 2677 1252 2746 Cajetanus
1270 2677 1372 2747 etalii,
1393 2695 1462 2749 quos
1481 2678 1568 2731 citant
1586 2684 1614 2732 ct
1634 2682 1789 2747 sequuntur
1798 2674 1938 2732 Nararrns

242 2764 457 2817 immoderatum
495 2764 609 2818 Veneris
638 2780 718 2816 tuum
748 2764 778 2815 in
805 2765 867 2831 ipse
895 2772 960 2817 amu
982 2764 1079 2831 subse
1104 2781 1128 2818 c.
1161 2772 1198 2820 16.
1238 2764 1341 2822 enchir.
1377 2782 1451 2820 num.
1490 2770 1530 2819 32.
1583 2762 1716 2818 Sancheu.
1751 2763 1799 2817 lib.
1846 2768 1871 2817 s.
1906 2761 1938 2815 de

243 2850 409 2903 eustinctum
426 2868 460 2903 ac
480 2851 578 2904 cranie
599 2850 661 2918 sjrss
679 2850 715 2902 ab
732 2849 900 2903 anatomicis
928 2858 1026 2919 aperto
1044 2866 1079 2902 ne
1104 2852 1221 2905 matrim.
1252 2851 1324 2921 disp.
1354 2858 1396 2907 21.
1437 2850 1580 2906 Cornelius
1609 2868 1627 2903 a
1650 2849 1759 2919 Lepide
1788 2849 1818 2902 in
1844 2864 1937 2903 comm.

242 2936 386 2989 minimam
412 2938 525 3005 quidem
551 2935 659 2989 cerebri
682 2944 794 3007 partera
822 2936 850 2988 in
869 2952 901 2989 ee
912 2935 1010 3001 fuisse
1032 2952 1076 2989 re·
1104 2954 1127 2993 c.
1160 2942 1201 2991 20.
1241 2937 1329 2992 Lerit.
1359 2938 1406 3008 qui
1429 2952 1563 3009 perquam
1588 2935 1710 2991 absurde
1732 2936 1847 3005 statuit,
1878 2954 1938 2989 con·

238 3033 360 3092 partam.
385 3022 515 3078 Potestas
532 3022 582 3077 lib.
601 3028 641 3079 26,
662 3021 801 3078 observat.
821 3027 862 3078 10.
876 3021 973 3077 itidem
984 3020 1078 3091 111111,
1103 3040 1227 3093 pressum
1245 3042 1307 3078 cum
1328 3032 1501 3078 menstruata
1517 3023 1641 3076 Juslaeis
1663 3029 1720 3076 tam
1738 3039 1834 3077 serem
1851 3022 1939 3076 suari

244 3112 384 3178 quemmm
414 3127 505 3163 senem
536 3126 570 3162 cs
602 3109 699 3163 morbo
736 3109 969 3163 conuulementem
1003 3108 1077 3162 inter
1104 3110 1164 3179 lepe
1182 3127 1238 3163 nen
1257 3118 1316 3163 tam
1332 3110 1469 3177 amurali,
1488 3126 1570 3178 auam
1588 3108 1710 3177 pontica
1737 3125 1773 3160 uc
1790 3108 1937 3163 emmoni·

243 3196 340 3249 usoris
367 3196 512 3264 anrplerus
543 3204 683 3249 mertuum
723 3212 792 3249 esse.
845 3194 1010 3266 Ibidemque
1044 3211 1077 3249 cx
1103 3197 1160 3261 ali,
1179 3196 1303 3265 perinde
1327 3214 1361 3249 uc
1386 3198 1485 3249 eadem
1509 3196 1608 3249 retius
1626 3196 1690 3263 suit
1708 3211 1773 3247 11111
1797 3194 1936 3264 adipisci

246 3280 355 3337 Galeno
375 3281 456 3335 addit
475 3281 590 3336 ulterius
603 3280 923 3352 cujmdsmexemplum,
943 3282 1078 3351 911111111-
1103 3282 1250 3352 ranquinis
1264 3282 1315 3336 sub
1326 3299 1422 3353 poena
1441 3282 1546 3337 mortis.
1597 3282 1637 3335 At
1653 3280 1692 3351 pii
1719 3288 1842 3347 veteres,
1872 3280 1937 3352 quin

244 3386 329 3438 quam
347 3386 381 3421 ce
400 3374 483 3421 acrae
502 3368 597 3422 inorbo
610 3368 803 3437 convaluisset,
818 3376 884 3437 post
904 3369 1079 3421 amicabilem
1104 3376 1133 3423 et
1175 3368 1344 3424 cordatiores
1380 3385 1414 3422 ex
1444 3366 1599 3423 Pontificiis
1635 3367 1736 3422 rectius
1771 3366 1937 3423 manerium

243 3455 379 3507 subducto
398 3452 755 3522 rpiritrrrleticie-ntibusquc
772 3454 1078 3507 uiribusearlemnocte
1105 3461 1238 3509 statuunt.
1284 3454 1459 3523 Augustinus
1487 3454 1516 3507 in
1534 3460 1639 3524 quaest.
1658 3469 1742 3523 super
1758 3453 1827 3509 Lev.
1847 3472 1874 3525 q.
1892 3461 1936 3509 ct:

243 3538 388 3607 frequenti
406 3539 496 3591 animi
512 3538 637 3605 deliquio
654 3540 715 3604 fuit
732 3548 866 3609 mortuus,
882 3555 915 3593 ac
927 3540 956 3592 in
968 3538 1078 3594 scholiis
1108 3541 1193 3594 Talia
1211 3540 1256 3593 liic
1270 3540 1420 3608 prohibita
1438 3546 1511 3605 unet,
1531 3556 1602 3609 quae
1617 3540 1703 3592 ctiam
1720 3547 1846 3608 tompore
1857 3541 1895 3594 N.
1907 3540 1936 3593 Τ.

244 3624 421 3695 postmodum
446 3624 600 3679 concludit:
635 3626 733 3679 Ninaia
758 3624 844 3679 Venus
869 3632 949 3679 rrucet
967 3627 1079 3679 cerem
1103 3634 1212 3681 remota
1235 3627 1396 3680 umbramm
1421 3634 1542 3679 oneum
1559 3626 1751 3680 vacuatione
1773 3628 1836 3680 sine
1854 3627 1937 3681 dubio

244 3712 367 3776 turrido,
385 3713 550 3765 catarrhum
568 3720 668 3779 aupet,
687 3712 793 3781 eliquat
810 3713 872 3781 ejus
891 3713 1078 3778 bumirlitates,
1091 3782 1093 3791 Ι
1105 3713 1290 3782 camorlieada
1309 3721 1381 3778 sunt,
1402 3714 1480 3782 quod
1490 3712 1601 3766 viduus
1613 3714 1696 3766 etiam
1711 3729 1765 3783 per
1773 3714 1938 3784 prophetam

244 3798 403 3852 coecitatem
424 3798 542 3867 inducit,
551 3798 670 3870 petisia,
685 3798 897 3868 epilepsianeel
909 3800 1079 3868 resupinum,
1106 3799 1281 3856 Ezechielem
1298 3799 1481 3870 significasse,
1496 3801 1547 3868 qui
1559 3800 1633 3853 iuter·
1650 3800 1704 3853 illa
1719 3808 1848 3871 peccata,
1868 3815 1938 3871 quae

246 3886 312 3939 ideo
330 3886 415 3938 cordi
433 3902 542 3954 quoque
561 3893 648 3948 110111,
665 3902 726 3938 cum
738 3894 766 3939 et
782 3886 915 3939 boeticam
931 3888 1080 3955 producat,
1105 3905 1162 3941 nan
1179 3888 1313 3955 taurula,
1340 3889 1393 3941 sed
1411 3886 1559 3952 manifeste
1577 3886 1736 3956 iniquitatis
1754 3894 1839 3957 sunt,
1857 3888 1939 3942 etiam

244 3971 342 4041 bepati
360 3988 441 4040 cero,
469 3974 537 4025 dum
555 3969 803 4040 inflammationem
817 3974 910 4044 parit,
938 3974 1080 4040 ardorem
1106 3975 1158 4029 boc
1174 3981 1377 4040 conrmemorat,
1398 3976 1440 4027 ad
1458 3981 1658 4027 nremtruatam
1676 3973 1824 4029 mirlierem
1841 3975 1940 4046 siquir

245 4058 341 4124 febres
360 4060 496 4127 putridas
515 4065 565 4110 aut
584 4059 694 4111 interna
721 4066 895 4127 apostemata
909 4058 1080 4127 perniciosa,
1107 4062 1225 4116 accedit.
1274 4060 1406 4123 Quamvis
1435 4060 1506 4115 enim
1531 4077 1637 4129 poenae
1660 4060 1764 4132 gradus
1789 4078 1825 4116 ac
1843 4062 1941 4117 modus

85 4162 89 4171 ·
133 4162 175 4207 xv.
188 4145 271 4205 11111·
298 4162 388 4214 supra
409 4147 522 4199 essedum
545 4148 605 4211 fiat.
657 4144 805 4198 8111111111)
821 4145 940 4213 srieido
963 4163 998 4199 ac
1014 4146 1081 4199 lisso
1105 4154 1301 4219 praeposterae
1335 4146 1400 4202 huic
1431 4146 1617 4201 commixtioni
1653 4146 1682 4200 in
1718 4146 1780 4216 lege
1820 4147 1942 4203 Mosaica

244 4239 334 4299 nocet,
353 4233 439 4285 robur
454 4233 516 4300 ejus
528 4231 665 4299 dissoluit,
685 4232 837 4284 coctionem
851 4230 974 4299 impedit,
991 4232 1081 4285 cibum
1107 4234 1236 4291 delinitus
1260 4250 1316 4287 non
1342 4234 1380 4287 sit
1404 4232 1566 4303 simpliciter
1589 4233 1617 4287 in
1644 4232 1679 4290 N.
1700 4233 1734 4287 Τ.
1759 4234 1942 4302 necessarius,

241 4319 383 4387 fluctuare
401 4320 489 4382 facit,
518 4336 569 4371 suo
589 4325 666 4371 rrrotu
684 4318 899 4385 conquassanda
916 4317 1039 4371 eamcam
1055 4327 1201 4381 ettamen
1229 4320 1288 4389 ipse
1320 4336 1499 4391 congressus,
1529 4325 1627 4390 utpote
1653 4318 1773 4375 naturali
1803 4320 1941 4377 honestati

246 4405 376 4474 spiritum
393 4422 413 4456 a
432 4413 525 4458 centro
544 4406 586 4455 ad
604 4402 861 4468 circumferentium
887 4404 1265 4478 distralrendo.rjrepugnans
1295 4406 1392 4461 mento
1422 4406 1581 4474 damnatur,
1607 4407 1636 4459 id
1655 4408 1729 4477 quod
1748 4406 1893 4463 euidenter
1910 4424 1943 4463 ex

246 4492 370 4546 Renibsss
388 4490 505 4559 inutilis,
525 4489 552 4541 si
569 4490 699 4552 ascedat,
727 4488 816 4541 macic
835 4490 1023 4560 succensuit,
1051 4483 1141 4563 ut!eo
1159 4492 1307 4563 colligitur,
1325 4491 1400 4562 quod
1416 4497 1614 4547 annumeretur
1626 4491 1681 4546 illis
1693 4492 1839 4562 gentilium
1851 4500 1942 4549 111111·

246 4578 276 4632 in
302 4577 466 4644 saupuiuem
495 4576 707 4645 animantibus,
734 4573 860 4643 proinde
890 4594 952 4629 cum
978 4593 1011 4629 en:
1030 4571 1093 4654 aul
1106 4577 1313 4649 gressionibus,
1350 4595 1400 4648 per
1436 4593 1505 4648 quus
1540 4586 1645 4631 terrem
1680 4579 1820 4647 polluisse
1856 4586 1944 4651 atque

246 4663 331 4732 capiti
348 4662 490 4730 uoluptate
508 4668 548 4715 tot
566 4660 645 4714 mala
663 4660 738 4714 oriri
754 4659 914 4730 uideamus,
941 4662 1079 4717 abstinen-
1091 4669 1094 4733 ξ
1106 4664 1296 4736 expulsionem
1313 4682 1347 4719 ex
1366 4664 1463 4721 eadem
1481 4663 1666 4735 promeruisse
1690 4664 1778 4734 ipsius
1796 4666 1850 4719 Dei
1872 4683 1944 4721 rece

247 4749 333 4803 tiores
352 4764 409 4801 csse
432 4748 570 4801 debemus.
1064 4790 1067 4795 ι
1091 4751 1237 4831 {dicuntur
1255 4751 1320 4804 Les.
1347 4756 1393 4817 18,
1424 4768 1451 4807 v.
1476 4755 1578 4805 1118.
1628 4748 1776 4822 Colligitur
1791 4750 1862 4807 haec
1879 4770 1944 4823 pro·

121 4856 234 4907 com..
282 4842 341 4891 138.
376 4826 430 4889 Ad
453 4834 592 4903 speciales
622 4833 733 4905 regulus
759 4832 878 4904 spirius
908 4840 1021 4889 sanctus
1050 4836 1247 4891 inihibitionis
1266 4836 1337 4890 ratio
1355 4854 1388 4891 ex
1406 4836 1474 4906 ipsis
1491 4834 1584 4889 verbis
1603 4836 1673 4907 legis
1691 4837 1758 4891 Les.
1780 4842 1827 4903 18,
1845 4856 1873 4891 r.
1896 4846 1944 4901 la:

121 4918 233 4999 ffifuffl
248 4920 334 4976 sacris
352 4919 439 4974 literis
458 4938 513 4974 non
533 4920 685 4989 descendit,
704 4920 725 4973 si
747 4920 857 4974 unicam
869 4919 947 4975 illam
958 4921 1079 4991 excipies
1090 4972 1093 4981 .
1104 4923 1155 4975 Art
1170 4922 1315 4975 nrulicrem
1335 4939 1391 4975 nen
1408 4923 1525 4975 accedes
1543 4922 1632 4998 Πῖῐέξ,
1646 4924 1677 4976 in
1693 4926 1875 4992 separatione
1891 4927 1945 4981 s'rrs·

120 5016 211 5051 sturm
247 5010 283 5061 de
302 5023 451 5075 conpressu
468 5025 528 5060 curn
546 5014 726 5064 mcrrstruata.
755 5006 945 5070 [11111181.
966 4992 1358 5079 111111ζ11111111111111111,
1388 5008 1446 5061 rad.
1475 5014 1517 5063 est
1535 5009 1599 5083 Ἱῖῐξ,
1622 5009 1695 5063 unde
1725 5010 1796 5083 l'tv¹
1820 5014 1946 5068 remotio

246 5094 391 5151 mulierem
411 5095 441 5145 iu
465 5095 645 5163 separatione
662 5094 857 5147 immunditiae
881 5092 944 5159 cius
960 5111 1016 5146 non
1033 5110 1079 5146 ac·
1090 5095 1093 5173 j
1105 5102 1133 5149 et
1152 5094 1347 5167 μειωνυμικῶς
1364 5103 1544 5160 menstruum,
1563 5112 1618 5166 quo
1636 5094 1735 5149 mulier
1752 5112 1771 5151 a
1788 5099 1895 5169 templo
1915 5106 1946 5155 ct

246 5184 331 5235 certas
350 5181 392 5233 ad
408 5170 592 5233 revelandum
607 5182 763 5235 nudnatem
783 5181 852 5247 ejus.
882 5178 1202 5245 c.20‚r.18:!merito
1218 5186 1383 5250 removetur,
1402 5186 1434 5235 at
1452 5180 1511 5234 sola
1529 5180 1622 5251 degat.
1660 5180 1763 5236 Sensus
1782 5182 1872 5254 igitur
1889 5192 1944 5251 est,

254 5268 301 5321 Vir
332 5266 382 5335 qui
410 5266 586 5319 concubuerit
618 5283 680 5319 arm
705 5266 822 5319 muliere
849 5272 1024 5317 usenstruata
1053 5246 1170 5336 eliquia
1188 5272 1288 5321 natura
1305 5267 1367 5338 ipsa
1386 5267 1480 5335 docet,
1512 5276 1634 5337 tempore
1654 5266 1837 5323 immunditiei
1865 5270 1945 5327 illius

245 5353 412 5407 revelaverit
429 5350 585 5404 nuditatem
605 5352 675 5420 ejus,
695 5368 793 5406 cenam
811 5352 874 5420 ejus
898 5334 1243 5425 ducooperulmulierern
1271 5353 1373 5409 debere
1401 5353 1550 5423 seperatim
1579 5354 1686 5422 virere,
1723 5354 1786 5410 ideo
1811 5355 1849 5410 ad
1879 5370 2001 5414 1111111.

245 5440 299 5495 erit
317 5447 343 5493 st
360 5439 426 5507 msa
453 5436 615 5493 reuelancrr't
643 5455 741 5491 serram
758 5437 904 5507 sanquinis
921 5439 997 5507 ejus,
1016 5438 1234 5502 κιο-1111111111
1251 5446 1374 5510 tempore
1402 5455 1456 5494 non
1482 5439 1607 5494 accedes.
1651 5438 1693 5494 Ex
1719 5440 1830 5513 legibus
1856 5442 1943 5500 Zabi-
