4020 6022
203 356 263 412 156
795 343 918 403 Locus
934 342 1139 404 victumae
1157 346 1326 415 QUINTUS

205 498 427 556 matrimonialis
444 497 584 552 convictus
610 498 790 554 solicitudine
812 500 927 571 dipnum
945 500 1039 555 uidea-
1051 501 1188 563 tfnrorem
1205 502 1289 558 etiam
1308 501 1500 574 gravhsimum
1514 500 1626 556 diseolvi
1641 499 1749 572 nequit,
1766 504 1801 555 ιιι
1816 506 1901 556 osten

202 595 258 653 tur,
286 597 316 642 ut
339 605 396 657 per
421 594 508 641 totam
530 587 617 641 eitam
641 588 759 642 maritus
786 587 940 643 insanienti
956 587 1053 642 mori
1051 568 1309 660 duntargumenta
1327 589 1466 653 adducta.)
1486 606 1510 644 c.
1522 587 1562 642 Hi
1581 587 1628 659 qui
1645 592 1696 644 etc.
1711 592 1753 644 31.
1771 604 1800 657 q
1816 593 1845 641 l·
1863 587 1903 641 lli

202 675 337 744 allipetur
354 674 470 745 ejusque
487 674 674 739 foeditatibus
693 675 881 740 conficiatur!
914 674 948 729 se·
967 676 1053 728 enim¹
1050 675 1115 761 ,qui
1130 676 1338 731 matrimonium
1356 676 1422 730 euni
1444 682 1642 729 commemini
1665 682 1691 728 et
1709 677 1761 726 uni
1784 689 1819 726 ea
1838 674 1902 726 dna

201 762 298 816 nullua
315 763 387 815 adeo
414 761 587 814 trucidentur
607 769 664 829 eet,
690 769 721 815 ut
738 761 782 815 uel
800 769 937 816 mornento
955 777 1038 831 quen·
1050 714 1115 853 ibus
1134 764 1256 818 amentia
1282 771 1332 817 ant
1345 765 1435 832 furor
1456 764 1621 829 accesserit,
1641 762 1675 815 ob
1691 761 1766 815 hane
1785 759 1902 825 infirmi·

202 866 286 918 getam
304 865 365 900 mem
380 847 494 912 ferie
481 864 512 901 m
538 849 656 901 eundem
682 848 773 903 locum
791 849 936 903 includere
955 847 1053 901 mesti·
1065 857 1148 904 tatem
1168 850 1303 920 conjupia
1321 851 1422 905 talium
1440 851 1514 905 eoloi
1529 869 1585 904 non
1602 856 1728 920 pareunt.
1761 864 1787 903 c.
1806 847 1902 918 Neque

201 943 282 1005 neat,
309 935 448 1003 quomodo
466 933 538 1002 lepie
557 935 725 1005 benipnitate
748 937 886 1008 praedita
912 935 967 990 illa
992 933 1183 1013 lenifuriosus
1203 942 1255 992 etc.
1280 954 1357 994 caus.
1380 941 1409 993 et
1427 943 1534 1010 quaeat
1554 935 1628 991 iisd.
1649 937 1748 1005 Neque
1760 935 1902 1002 furiosae,

201 1031 249 1087 eet,
271 1038 343 1092 puae
356 1028 493 1093 perpetuo
523 1023 656 1091 efferatae
673 1024 780 1090 surore
797 1023 911 1092 conjnpe
906 1021 1037 1076 cohahi-
1064 1040 1150 1092 nepae
1164 1024 1283 1092 furiosa
1299 1024 1508 1078 matrimonium
1524 1022 1688 1079 contrahere
1703 1029 1836 1092 potsunt,
1853 1021 1903 1073 sed

201 1117 261 1163 tare
279 1107 410 1162 maritum
417 1108 522 1176 jubet!
554 1109 601 1163 Ad
620 1114 813 1180 argumentum
836 1125 870 1163 ex
888 1107 1036 1162 indissolu-
1056 1110 1090 1164 ei
1116 1119 1286 1166 contractum
1320 1111 1425 1176 suerit,
1464 1128 1519 1164 non
1542 1116 1719 1179 soporentur.
1767 1107 1901 1162 Βιιὶοιιιι

201 1194 310 1250 bilitnte
354 1193 520 1250 matrimonii
564 1192 696 1249 divininrs
737 1194 845 1249 sancita
880 1195 1037 1250 desumtum
1064 1195 1166 1254 Leonis
1185 1198 1274 1270 magis
1292 1204 1356 1252 sunt
1372 1196 1620 1267 rhetoricaeauam
1637 1200 1779 1266 cogentes,
1800 1193 1900 1266 quibus

200 1281 365 1352 respondet:
392 1282 426 1336 Si
454 1282 664 1336 matrimonium
692 1281 777 1335 talem
801 1289 905 1336 etatum
928 1298 1037 1336 comer·
1064 1285 1184 1340 breviter
1214 1285 1266 1340 hoc
1297 1284 1477 1356 opponimus,
1507 1282 1580 1352 quod
1611 1280 1729 1335 adversa
1761 1281 1902 1351 patienter

200 1376 289 1433 earet,
306 1369 417 1438 qualem
436 1369 497 1438 ejus
509 1369 539 1423 in
554 1369 699 1441 principio
712 1371 846 1438 pronuba
865 1369 1037 1433 exhibuisset,
1064 1371 1119 1425 sint
1146 1370 1274 1436 ferenda,
1305 1386 1482 1443 nequaquam
1510 1386 1576 1423 vero
1607 1366 1731 1423 remedia
1755 1383 1822 1422 cum
1850 1366 1901 1422 Dei

203 1457 328 1528 quicquic
346 1462 509 1526 repararet,
540 1457 683 1526 improbus
696 1459 830 1526 profecto
847 1464 918 1511 eeset
949 1471 1037 1526 ιιιραι
1063 1458 1148 1514 verbo
1167 1458 1322 1530 pugnantia
1341 1457 1508 1530 quaerenda.

202 1543 447 1612 reprehensionem
486 1543 635 1612 effnpcret,
670 1543 735 1612 jum
770 1560 835 1597 uero
873 1561 935 1597 cum
962 1558 1037 1612 prae
1099 1543 1589 1611 690.10.Astinitaefornicaria
1634 1541 1831 1613 Hemmingius
1848 1522 1971 1617 maffl,

202 1631 454 1693 saroreneoocem
467 1629 741 1697 puidembumanam
758 1646 778 1682 a
795 1629 911 1683 muliere
925 1629 1038 1695 audica,
1063 1631 1136 1689 trim.
1155 1648 1219 1704 pag
1239 1636 1296 1687 20¹1.
1315 1631 1444 1701 proponit
1462 1629 1597 1700 ejusmodi
1616 1628 1825 1700 quaestionem:
1855 1628 1971 1680 Anam

203 1719 306 1771 nedum
325 1717 409 1770 alind
426 1715 698 1785 quidqemmeorum,
714 1732 787 1785 puae
805 1715 1077 1771 adobtectamen·
1064 1738 1104 1785 ιι,
1135 1720 1185 1791 ραι·
1212 1719 1295 1773 babet
1324 1734 1439 1772 acorem
1468 1717 1616 1786 propriam
1650 1723 1675 1769 et
1701 1716 1816 1769 interea
1840 1731 1901 1768 crem

205 1809 309 1858 tumet
333 1804 508 1858 helaruatem
526 1803 735 1857 matrimonium
756 1802 892 1872 turpitur,
920 1801 956 1855 ab
983 1801 1038 1855 iila
1064 1806 1160 1860 canoris
1177 1822 1245 1859 cuae
1264 1821 1362 1858 acrore
1388 1811 1438 1856 aut
1464 1802 1563 1872 quavis
1587 1802 1659 1869 alia,
1686 1819 1775 1871 quam
1803 1803 1831 1855 ei
1846 1819 1903 1854 non

204 1892 343 1956 obuncos,
369 1891 431 1960 quie
456 1892 528 1945 adeo
548 1891 679 1945 acerbum
702 1890 927 1959 horrendumque
944 1887 1038 1942 matri·
1065 1891 1145 1945 licuit
1157 1907 1213 1961 per
1230 1890 1317 1959 lepern
1335 1890 1397 1943 Dei
1421 1896 1446 1942 et
1466 1896 1586 1942 naturae
1606 1887 1756 1955 attinuere,
1776 1905 1904 1941 coneum·

206 1978 329 2032 monium
347 1978 481 2031 dirimere
504 1977 595 2032 nolit?
639 1978 687 2030 Ea
699 1984 816 2049 propter
837 1975 991 2043 educimur,
1009 1981 1039 2026 ut
1067 1979 1127 2047 bat,
1142 1996 1208 2032 num
1229 1978 1328 2032 debeat
1349 1983 1504 2047 propterea
1527 1976 1558 2028 in
1579 1982 1723 2045 posterum
1742 1975 1903 2045 amplerum

204 2065 231 2119 ei
250 2064 364 2134 ρααιιιιο
383 2073 447 2132 poet
464 2064 564 2118 initum
579 2064 788 2119 matrimonium
805 2063 906 2118 mulier
917 2063 947 2116 in
956 2062 1038 2126 furo·
1066 2066 1163 2120 uuorie
1193 2064 1333 2135 propriae
1365 2072 1498 2134 tanquam
1517 2063 1651 2116 incestum
1668 2063 1772 2130 supere
1801 2063 1904 2116 nemu?

204 2169 264 2206 rem
292 2151 415 2218 incidat,
444 2152 487 2204 acl
513 2159 571 2204 tree
601 2169 690 2205 annoe
708 2150 902 2219 ,infortunium
921 2149 1040 2203 mamtut
1068 2152 1229 2225 Respondet
1248 2157 1355 2215 autem,
1374 2151 1445 2206 hanc
1466 2150 1654 2219 quaestionem
1670 2149 1782 2203 nullum
1803 2148 1904 2202 hahere

204 2240 283 2304 ferat
301 2238 521 2306 maeatitiampue
532 2237 645 2302 toleret,
665 2245 691 2292 et
706 2238 766 2292 niei
782 2239 889 2292 interea
908 2234 1041 2305 temporie
1065 2240 1171 2308 locum,
1201 2240 1251 2293 uli
1285 2238 1467 2307 mapietmtue
1499 2254 1580 2289 enum
1613 2235 1685 2297 facit
1722 2236 1852 2303 osticium
1879 2242 1903 2289 et

206 2327 241 2380 ab
274 2326 326 2380 illo
363 2324 438 2379 malo
467 2325 525 2378 ieta
557 2324 692 2379 liberetur
726 2341 813 2394 neque
845 2326 887 2378 ad
925 2330 1041 2377 mentem
1062 2343 1156 2396 poena
1177 2325 1280 2394 eapitis
1305 2324 1408 2394 plectit
1425 2322 1588 2376 <reinberum
1607 2329 1632 2374 ct
1660 2321 1807 2377 incestum.
1848 2320 1901 2377 Sed

115 2467 118 2475 ,
205 2414 318 2481 redeat,
347 2420 413 2466 tunc
439 2411 648 2464 matrimonium
676 2411 843 2480 divellatur,
869 2411 1040 2478 meritamque
1066 2413 1089 2466 si
1105 2429 1155 2484 per
1170 2409 1371 2482 negligentiam
1384 2408 1561 2480 magistratus
1579 2423 1627 2462 reo
1644 2407 1769 2477 parcitur
1787 2411 1901 2475 cinnor,

205 2502 241 2554 ab
266 2497 441 2553 intolerabili
469 2497 524 2552 illa
558 2498 721 2553 calamitate
749 2505 921 2553 exoneretur.
961 2495 1040 2550 Idem
1066 2499 1141 2570 quod
1156 2499 1220 2568 jure
1236 2503 1339 2569 posset,
1356 2514 1411 2551 non
1431 2495 1502 2567 petit
1523 2494 1684 2563 divortium,
1708 2495 1819 2560 deterit,
1836 2496 1901 2559 affi-

204 2588 307 2658 repetit
337 2592 424 2641 const.
462 2589 518 2640 112.
544 2585 598 2639 nisi
636 2585 710 2656 quod
738 2601 871 2640 annorum
897 2599 1040 2637 numerum
1066 2585 1282 2640 nteaeemettan
1304 2583 1539 2655 nupervenientem
1565 2590 1786 2636 consummatum
1806 2581 1901 2635 mari·

206 2673 334 2746 augendo
355 2672 458 2741 sancit,
486 2677 518 2728 ut
535 2672 563 2726 ei
584 2675 671 2739 fruor
696 2680 762 2741 post
781 2672 882 2726 initum
900 2669 1040 2724 matrimo-
1067 2673 1190 2726 monium
1218 2689 1283 2726 non
1320 2670 1469 2737 dirimere,
1513 2686 1573 2722 cum
1612 2669 1650 2722 eit
1681 2668 1786 2737 repula
1816 2668 1902 2738 juria,

206 2763 283 2816 nium
300 2760 494 2830 superveniat,
513 2775 548 2812 ne
565 2759 644 2812 intra
661 2758 780 2828 quinque
801 2776 890 2813 annae
908 2756 1040 2825 conjupet
1066 2762 1175 2826 factum
1215 2759 1336 2827 lepitime
1380 2757 1535 2810 retraetari
1574 2772 1630 2808 non
1677 2755 1794 2820 delere,
1840 2756 1902 2809 licet

86 2853 139 2901 xvi.
148 2855 194 2899 tta
207 2849 421 2918 diejunpantur‚
438 2851 466 2901 et
483 2845 570 2916 addit,
587 2864 614 2900 ιι
609 2846 750 2914 ''furor
737 2863 799 2914 epea
816 2845 978 2917 nuptiarum
995 2845 1043 2899 die
1065 2855 1165 2917 postea
1182 2864 1265 2900 cotue
1281 2846 1388 2912 ueniat,
1415 2860 1469 2913 pao
1493 2861 1547 2897 non
1561 2842 1657 2911 potuit
1673 2842 1814 2896 inchoari.
1851 2841 1900 2896 Ce-

208 2937 460 3001 animadoertotur,
482 2952 536 3004 pao
553 2934 646 2987 minue
663 2933 810 3001 confertim
825 2931 1042 3000 matrimonium,
1069 2933 1195 2988 nonietae
1222 2938 1250 2988 et
1271 2929 1435 2988 scholastici
1466 2928 1648 2999 respondent,
1675 2945 1729 2997 per
1763 2927 1903 2997 ιῑαιιιιοάἰ

213 3023 325 3077 tametei
360 3039 443 3076 eacro
471 3020 528 3074 ritu
559 3016 755 3088 confirmatum
780 3019 831 3087 eit,
863 3019 1043 3083 dissoluatur,
1069 3021 1204 3074 incestum
1233 3019 1365 3073 maritum
1396 3016 1523 3071 omittere
1543 3017 1597 3084 jue
1614 3015 1735 3083 petendi
1756 3016 1794 3068 ab
1817 3031 1901 3069 unere

211 3110 283 3165 nihil
301 3108 445 3172 obstiterit,
458 3106 635 3177 perindeque
653 3123 687 3160 ae
702 3106 729 3159 ei
745 3113 810 3160 ante
825 3105 941 3175 nuptiae
952 3108 1043 3175 furor
1070 3108 1206 3176 debitum,
1234 3105 1344 3159 interim
1370 3103 1460 3157 teneri
1485 3103 1578 3171 ipeean
1602 3103 1643 3156 ad
1669 3101 1797 3156 mutam
1822 3101 1902 3156 tenori

211 3197 423 3251 animadversae
442 3201 520 3261 esset,
540 3193 747 3247 matrimonium
766 3194 797 3247 in
808 3193 919 3246 irritum
937 3191 1044 3246 recidet
1064 3195 1171 3264 petenti
1191 3192 1376 3247 reddendum.
1418 3188 1501 3243 Hanc
1525 3187 1681 3259 opinionem
1699 3187 1824 3259 graviter
1842 3204 1902 3244 exa·

209 3291 292 3352 αιραι
313 3281 494 3336 dietraleetur
534 3278 640 3334 Furore
664 3280 811 3350 epcnealia
829 3277 942 3333 dissolvi
960 3293 1042 3349 posse
1068 3280 1140 3352 gitat
1171 3279 1311 3334 Lntherue
1339 3276 1387 3331 lib.
1416 3275 1452 3331 de
1484 3275 1541 3330 vita
1566 3276 1677 3345 conJug.
1704 3281 1769 3331 tom.
1797 3281 1822 3331 2.
1837 3275 1900 3331 Jen.

208 3368 396 3436 concedimus,
437 3366 646 3421 matrimonium
680 3365 709 3420 in
741 3365 834 3421 furore
868 3371 1041 3421 contractum
1068 3367 1163 3425 Germ.
1187 3367 1313 3423 sollte.
1351 3363 1421 3418 Vide
1446 3362 1573 3434 (inquit),
1598 3363 1670 3431 qaid
1695 3364 1829 3418 diobolae
1846 3379 1900 3433 per

207 3456 315 3527 irritum
333 3470 394 3510 esse
412 3452 631 3524 pronuntiamus,
650 3452 699 3508 sed
715 3460 931 3507 consummatum
946 3452 1042 3507 matri·
1066 3455 1186 3510 etolidoe
1204 3452 1344 3524 erJ’uemodi
1361 3451 1484 3505 horsrinee
1497 3456 1609 3515 statuat,
1626 3449 1749 3504 collocat
1766 3450 1859 3503 uirum
1874 3455 1900 3503 et

209 3543 332 3599 monium
349 3541 385 3597 ob
413 3541 534 3596 furorem
562 3538 802 3610 supervenientem
826 3538 939 3593 dissolvi
961 3554 1043 3611 posse
1066 3543 1202 3607 feminam
1219 3542 1250 3595 in
1266 3557 1352 3594 unum
1368 3538 1528 3593 mmitalem
1546 3545 1636 3592 torum
1654 3555 1690 3591 ac
1707 3537 1788 3605 dicit,
1809 3554 1844 3591 ne
1860 3537 1899 3590 eie

208 3645 357 3700 negamus,
395 3644 477 3698 quam
520 3626 685 3682 sententiam
721 3631 843 3681 nostram
878 3624 1043 3704 constituant
1067 3629 1186 3684 maritus
1204 3645 1255 3682 nec
1274 3644 1359 3692 neor,
1384 3625 1446 3695 ipni
1467 3632 1591 3678 stramen
1617 3624 1746 3677 admoum
1765 3641 1802 3677 ac
1815 3638 1899 3693 prae·

209 3716 322 3772 eaedem
342 3714 472 3782 rationes,
490 3730 560 3785 quae
578 3713 736 3782 ostendunt,
754 3712 790 3768 ob
805 3710 914 3767 morbos
934 3712 1042 3767 incura-
1068 3716 1152 3785 omit,
1182 3732 1217 3769 ne
1245 3722 1319 3769 urat.
1361 3712 1396 3767 Si
1418 3712 1482 3781 ραιι
1508 3712 1643 3765 dommum
1666 3711 1753 3779 hujus
1770 3711 1902 3765 mandati

209 3803 281 3858 biles
300 3808 329 3856 et
346 3800 545 3856 abominabiles
561 3799 709 3855 divortium
727 3815 782 3854 non
800 3815 860 3854 esse
876 3798 1044 3867 iaciendum,
1063 3810 1176 3873 partem
1190 3800 1323 3871 pontifici
1339 3801 1501 3868 imponeret,
1519 3805 1691 3867 quantopere
1703 3798 1738 3849 de
1752 3798 1865 3867 injuria
1876 3804 1901 3851 et

210 3890 228 3946 l.
249 3889 334 3944 Patre
352 3886 457 3943 furioso
478 3892 501 3943 8.
520 3886 550 3942 ff.
565 3887 599 3942 de
617 3887 661 3940 his
680 3885 778 3957 quisui
796 3885 841 3942 vel
857 3886 940 3942 alieni
956 3885 1042 3956 juris:
1067 3888 1201 3944 violentia
1226 3887 1463 3957 conquereretur?
1487 3900 1577 3954 apape
1604 3883 1747 3952 ejusmodi
1774 3885 1900 3948 naeniae,

211 3979 280 4033 Cum
302 3976 435 4030 coneietat
463 3974 671 4028 matrimonium
696 3973 788 4027 altero
801 3977 931 4043 furente,
955 3975 1043 4029 conei-
1069 3976 1229 4046 conjupium
1244 3974 1378 4045 permitte
1397 3988 1511 4026 manere
1529 3969 1662 4033 liberum,
1692 3978 1783 4038 prout
1801 3988 1820 4023 a
1838 3972 1901 4023 Deo

208 4072 262 4119 etet
291 4071 317 4117 et
335 4070 460 4130 utroque.
490 4060 509 4116 l.
542 4059 665 4115 oratione
686 4064 725 4115 16.
757 4059 788 4117 ff.
815 4060 851 4115 de
878 4060 922 4118 rit.
950 4066 1042 4131 nupt:
1067 4063 1235 4130 institutum,
1281 4068 1364 4130 atque
1406 4058 1474 4112 aliie
1520 4058 1613 4127 potine
1653 4057 1754 4126 poenie
1797 4058 1903 4111 delicta

209 4152 305 4205 Furor
326 4148 459 4203 contrahi
481 4146 690 4200 matrimonium
708 4164 764 4200 non
783 4146 863 4216 aaa,
888 4148 955 4217 qnia
979 4164 1043 4201 eon·
1068 4156 1164 4205 coerce
1187 4155 1239 4204 etc.
1284 4146 1389 4211 Quodsi
1414 4144 1488 4200 enim
1506 4161 1575 4199 uxor
1596 4142 1725 4198 maritum
1742 4143 1902 4199 adulterum
1917 4131 1971 4179 ΠΗ

209 4254 292 4293 renen
312 4242 454 4305 opacam,
481 4235 534 4288 eed
555 4241 629 4287 recte
652 4241 825 4287 contractum
843 4252 898 4288 non
917 4235 1043 4304 impedit.
1069 4241 1098 4293 et
1120 4235 1305 4292 incestuosum
1328 4231 1476 4303 repudiare
1499 4231 1583 4301 nolit,
1609 4231 1658 4285 sed
1685 4229 1777 4285 eidem
1807 4246 1903 4286 recon-

209 4323 228 4377 l.
253 4322 283 4378 si
308 4338 371 4376 cum
398 4321 492 4376 dotem
518 4325 559 4376 22.
590 4317 618 4391 ξ.
665 4319 695 4375 Si
724 4320 839 4375 maritus
865 4327 888 4375 1.
907 4319 936 4375 ff.
963 4321 1044 4376 solut.
1069 4323 1191 4388 cilietur,
1218 4327 1286 4376 tunc
1316 4319 1430 4374 maritus
1454 4318 1567 4390 plenum
1592 4323 1621 4371 et
1645 4315 1786 4387 integrum
1810 4318 1904 4373 matri·

211 4409 329 4464 matrim.
348 4406 419 4462 inter
436 4405 655 4475 imorisspeciee
667 4405 862 4478 distinguitur:
885 4407 1044 4477 Siquidem
1071 4410 1155 4466 monii
1171 4410 1218 4480 jus
1237 4405 1406 4478 postliminio
1424 4404 1504 4475 quasi
1523 4403 1630 4474 recipit,
1648 4420 1682 4458 ac
1699 4403 1819 4473 proinde
1837 4405 1907 4459 illud

211 4494 391 4550 interuallum
418 4495 510 4561 saror
536 4492 649 4557 haheat,
680 4493 725 4546 oet
751 4501 902 4562 perpetuae
933 4495 1043 4562 quidem
1071 4496 1266 4567 apostolicum:
1287 4493 1395 4548 Mulier
1419 4509 1475 4546 non
1492 4491 1574 4544 babet
1586 4497 1754 4560 potentatem
1774 4494 1904 4562 corporis
1964 4542 1966 4551 ,

213 4582 325 4636 morbum
343 4587 391 4644 est,
411 4587 504 4633 tamen
516 4581 658 4647 serendae
668 4580 719 4644 ιιι,
736 4580 786 4649 ραι·
802 4581 878 4634 oircc
895 4596 1045 4648 perronam
1071 4586 1124 4650 eui,
1140 4585 1191 4640 sed
1204 4583 1248 4637 uir
1266 4581 1356 4638 neon
1367 4586 1391 4648 1,
1403 4596 1428 4634 v.
1441 4585 1465 4634 ι.
1475 4594 1530 4632 non
1539 4577 1629 4632 minus
1640 4577 1677 4632 ad
1686 4577 1779 4648 ipsum
1786 4581 1904 4650 pertine

211 4671 314 4736 furore
332 4669 470 4721 detentam
488 4674 565 4734 eunt,
593 4673 659 4720 tune
676 4667 855 4721 nullomodo
875 4676 984 4738 oportet
1002 4669 1046 4723 di·
1072 4689 1154 4744 quam
1171 4669 1207 4724 ad
1227 4668 1311 4722 alium
1330 4665 1454 4737 quemvis
1466 4664 1603 4720 maritum.
1620 4680 1644 4720 e.
1657 4662 1802 4727 Quaedam
1816 4672 1870 4725 etc,
1886 4685 1903 4724 ι,

212 4755 280 4809 rimi
303 4754 522 4821 matrimonium,
549 4752 620 4822 quid
645 4754 717 4807 enim
743 4762 801 4807 tam
827 4755 978 4809 humanum
995 4763 1046 4810 eto.
1071 4758 1099 4815 si
1115 4757 1176 4829 quis
1189 4762 1239 4812 etc.
1255 4773 1279 4812 c.
1291 4755 1345 4819 Qui
1356 4752 1498 4809 dormierit
1509 4757 1561 4806 ete.
1571 4767 1595 4805 e.
1606 4750 1786 4806 concubuisti
1798 4758 1851 4807 etc.
1868 4759 1902 4809 32.

214 4841 266 4896 Sin
284 4849 373 4895 autem
392 4848 485 4894 tantae
496 4843 587 4910 saror
605 4847 659 4908 eet,
677 4841 720 4893 ita
732 4842 830 4908 seron,
850 4841 891 4895 ita
904 4843 1045 4914 pernicio-
1072 4863 1099 4917 q.
1113 4853 1136 4900 1.
1157 4842 1292 4911 sanciunt,
1309 4859 1442 4912 sponsum
1460 4840 1504 4894 uel
1520 4837 1661 4907 maritum,
1679 4837 1730 4906 ραι·
1747 4855 1812 4892 oum
1824 4856 1904 4910 epor-

211 4948 266 4998 ιιι,
285 4936 316 4982 αι
336 4927 561 4983 sanitatienulla
578 4945 642 4997 epee
659 4928 789 4997 eupereit,
808 4929 885 4982 circa
903 4930 1046 4983 ministros
1071 4949 1120 4986 eae
1144 4931 1188 4984 uel
1213 4928 1311 4983 uaorie
1343 4926 1549 4995 consanpninea
1574 4924 1709 4993 proximu
1742 4925 1903 4993 οοιιιαιιόι,

213 5015 350 5070 terribilia
380 5022 405 5068 ct
432 5014 558 5077 soreitan
588 5013 682 5067 altera
711 5031 836 5083 perrona
860 5014 904 5068 vel
927 5023 1046 5084 propter
1071 5025 1198 5072 neutram
1220 5016 1322 5071 habere
1346 5014 1453 5067 debere.
1494 5011 1531 5066 Et
1555 5027 1623 5065 sane
1640 5009 1663 5064 ei
1683 5016 1748 5065 ante
1765 5012 1902 5067 matrine-

212 5102 358 5157 saeoitiam
371 5101 501 5168 sarorio,
520 5100 563 5154 cel
590 5101 658 5169 puio
678 5100 782 5154 liberae
799 5119 854 5157 non
870 5101 959 5171 labet,
974 5121 1043 5172 pro·
1071 5106 1147 5159 nium
1166 5097 1385 5158 consummatum
1412 5098 1468 5155 tale
1492 5096 1558 5168 quid
1578 5097 1732 5168 contingit,
1749 5097 1854 5154 merito
1865 5097 1903 5153 ab

211 5190 352 5245 creandae
383 5187 486 5241 eolalie
512 5187 645 5255 cupidine
670 5193 745 5241 tereto
764 5195 819 5252 eet,
850 5187 966 5242 licentia
991 5190 1046 5243 erit
1071 5198 1189 5262 utraque
1204 5189 1321 5260 jubetur
1340 5185 1493 5252 abstinere,
1523 5182 1738 5238 reconciliationi
1761 5185 1901 5241 auternin

212 5276 334 5346 compoti
359 5275 457 5327 mentia
480 5290 620 5343 perronae
649 5275 761 5338 furenti
784 5277 910 5330 nuntium
928 5276 1045 5330 mittere.
1070 5282 1258 5333 consummato
1288 5271 1459 5329 matrimonio
1487 5270 1579 5326 aditae
1601 5287 1656 5324 non
1681 5276 1724 5326 est
1741 5270 1904 5343 simplicter

213 5364 288 5435 (Hoc
315 5360 453 5433 posterius
482 5377 537 5414 non
569 5359 650 5415 ahter
675 5360 838 5434 recipimus,
867 5361 920 5417 nisi
951 5362 1043 5432 quoad
1069 5362 1297 5436 praecludendus.

211 5449 413 5521 separationem
439 5446 492 5501 tori
509 5452 538 5501 et
556 5446 784 5518 cohabitationis,
805 5448 917 5519 quando
937 5449 1044 5505 seilicet
1103 5456 1161 5507 691.
1204 5453 1245 5505 11
1282 5448 1366 5517 lupa
1409 5446 1454 5500 ecl
1489 5444 1648 5514 deportatio
1689 5445 1724 5498 ol
1764 5445 1903 5502 delicum.
1914 5439 1971 5535 ξῑρῗ·

212 5536 247 5592 ob
264 5534 365 5590 luroris
384 5533 584 5589 vehementiam
602 5533 675 5603 perti
699 5549 784 5589 sanae
802 5535 915 5590 evidens
932 5536 1057 5629 pericu-
1069 5536 1098 5593 Si
1130 5537 1262 5590 alteruter
1288 5536 1438 5630 conjugum
1478 5531 1596 5596 furennr,
1642 5529 1827 5588 homicidium
1856 5534 1903 5589 vel
1913 5550 1971 5597 pseu

210 5622 268 5679 ium
287 5620 441 5693 impendet,
469 5619 560 5690 ipsum
582 5623 675 5673 autem
695 5621 818 5693 conjugii
845 5621 985 5677 vinculum
1005 5623 1057 5679 ob
1054 5588 1144 5679 aliud
1180 5619 1321 5695 quoddam
1349 5618 1461 5691 gravius
1498 5617 1628 5675 delictum
1659 5632 1752 5691 ροθιιιι
1792 5598 1971 5694 canituliffl
