4020 6022
789 237 841 295 nn
858 239 1058 299 consume.
1707 236 1767 318 205

103 402 162 453 348.
200 396 231 451 In
252 395 419 451 conharium
432 394 664 479 urgenturverba
677 397 747 466 legis
762 395 853 451 Lavit
866 388 1088 470 18,lclausulam
1106 409 1335 470 reapparentem,
1366 419 1422 474 qna
1442 404 1470 457 in
1492 402 1584 474 specie
1601 420 1634 458 aa
1652 406 1769 461 maxime

66 498 92 535 r.
116 488 159 536 18:
192 483 323 537 Sororem
352 484 451 555 araris
480 491 543 536 tuae
571 500 627 537 non
647 483 771 552 accipies
795 485 837 536 ad
861 484 906 546 af·
933 484 1097 552 prohibetur
1122 487 1287 544 simultanea
1306 506 1370 544 cum
1390 490 1500 544 duabus
1523 491 1663 545 sororibus
1691 492 1769 562 poty-

63 569 224 638 stipandum
245 586 315 638 eam,
334 572 375 623 ael
392 570 575 623 revelandam
591 571 746 623 nuditatem
763 570 835 639 ejus,
854 569 907 623 illa
933 571 1034 640 gamin,
1057 572 1165 628 interim
1184 591 1248 629 vero
1261 575 1358 631 eadem
1370 593 1426 630 nan
1439 575 1600 631 conceditur
1614 578 1769 631 successive

10 653 55 697 ib⁷·
68 656 163 708 adhuc
182 657 298 719 virente,
316 655 381 709 inde
403 656 556 726 colligunt,
575 673 641 725 erpo
663 657 803 724 dffnncta
820 672 907 710 name
935 655 1005 710 duas
1034 675 1141 715 sorores
1168 662 1277 717 ducere.
1322 662 1454 729 Quamvis
1473 662 1545 716 enim
1564 662 1601 728 is,
1633 663 1681 733 qui
1698 664 1769 717 tales

68 742 179 796 licitam
209 750 250 796 est
279 743 340 811 ejus
367 738 492 795 iorarcm
518 745 630 799 elucere.
679 742 906 812 Respondemus:
933 750 1013 811 parat
1030 746 1150 816 nuptias,
1169 764 1225 801 nou
1243 753 1310 817 agat
1328 753 1424 803 contra
1453 731 1601 817 specialem
1618 747 1690 802 hanc
1707 766 1769 817 pra

68 828 264 896 concedimus,
292 827 434 898 prohiberi
452 827 504 882 hoc
522 828 598 892 loco,
617 845 654 883 ne
672 829 733 900 quis
754 845 840 884 uxore
858 829 906 883 ad·
934 827 1097 886 bibitionem
1116 831 1150 886 de
1170 848 1225 886 uon
1245 834 1373 887 ducenda
1389 833 1481 888 uxoris
1496 849 1588 887 sorore
1605 833 1665 903 ipsa
1678 833 1768 887 adhuc

68 914 123 968 hue
142 913 171 968 in
189 914 260 968 viris
279 914 426 968 exsistente
441 930 561 969 sororem
575 915 635 984 ejus
653 914 861 984 superinducat,
877 914 906 968 id
933 914 1051 985 virente,
1071 923 1163 971 tamen
1180 917 1240 988 agit
1257 925 1354 973 contra
1371 919 1529 990 generalem
1554 919 1768 989 prohibitionem

68 1000 142 1072 quod
175 998 352 1054 manifestum
380 1014 413 1053 ex
439 999 508 1069 ipsis
534 999 729 1070 prohibitionis
760 999 852 1055 verbis
880 1004 908 1053 et
934 999 970 1054 de
988 1018 1042 1055 tran
1064 1002 1193 1058 ducenda
1211 1005 1486 1076 propinquacarnis,
1506 1011 1534 1060 et
1551 1011 1648 1059 contra
1663 1006 1767 1075 specia-

67 1087 174 1141 ratione
188 1085 278 1141 eidem
291 1085 401 1140 addita:
421 1086 485 1139 Non
498 1086 619 1154 accipies
633 1102 760 1139 sororem
771 1085 870 1139 acoris
884 1091 906 1140 1.
933 1084 986 1140 lem
1007 1087 1222 1156 prohibitionem
1241 1089 1276 1144 de
1296 1107 1351 1144 uon
1370 1090 1499 1145 ducenda
1515 1090 1629 1158 butria,
1647 1107 1719 1162 quae
1739 1091 1768 1143 in

67 1157 155 1248 Ἶῆιξξ
177 1173 219 1225 ad
239 1173 442 1235 lacessendam,
462 1171 664 1240 afflipendnm‚
686 1172 907 1241 anpnatiandam
933 1171 1029 1227 eodem
1058 1173 1202 1229 affinitatis
1231 1176 1334 1247 gradu,
1366 1194 1421 1246 qua
1445 1176 1537 1230 uxoris
1556 1192 1633 1230 soror
1655 1175 1708 1246 ipsi
1726 1180 1769 1229 est

68 1277 145 1318 earn,
179 1258 245 1326 quia
271 1256 378 1312 scilicet
403 1273 436 1310 ex
455 1256 619 1311 simultanea
645 1257 762 1311 duarum
783 1274 905 1312 sororum
932 1259 1089 1328 conjuncta

68 1344 233 1416 polygamia
250 1355 401 1416 perpetuae
417 1342 488 1411 lites,
507 1342 573 1397 odia
591 1359 624 1396 ac
639 1342 755 1397 dissidia
769 1344 903 1414 oriuntur,
967 1349 1026 1399 350.
1062 1346 1110 1415 rit,
1127 1347 1228 1418 inquis,
1246 1363 1383 1418 quasnam
1397 1356 1490 1418 potest
1507 1349 1576 1402 dari
1587 1349 1670 1414 ratio,
1690 1348 1768 1415 quod

67 1437 99 1483 ut
117 1447 152 1484 ex
170 1428 300 1484 Rachelia
320 1435 347 1484 et
363 1428 441 1483 Luae
466 1428 591 1498 exemplo
617 1428 809 1498 manifestum,
838 1430 905 1500 quin
931 1430 1089 1484 elamulam
1113 1433 1195 1486 illam
1217 1434 1369 1505 specialem
1395 1437 1473 1489 Deus
1498 1435 1562 1488 huie
1581 1432 1768 1504 prohibitioni

67 1517 122 1571 imo
144 1516 166 1570 si
185 1516 229 1570 vel
248 1514 439 1569 maximenon
460 1513 517 1567 sint
530 1530 681 1584 germanae
700 1533 814 1584 sorores,
834 1533 905 1587 quae
930 1516 1020 1569 noluit
1037 1518 1187 1586 adjectam,
1209 1519 1236 1572 si
1248 1526 1357 1573 nonest
1375 1521 1523 1574 limitatioa
1541 1538 1575 1573 aa
1587 1519 1767 1573 restrictiva!

67 1602 96 1657 iu
115 1619 170 1656 nno
190 1601 309 1656 maritali
326 1607 388 1656 toro
406 1599 586 1663 collocantur,
604 1599 690 1654 nihilo
708 1606 802 1655 tamen
815 1603 905 1656 minus
930 1602 1152 1673 Respondemus:
1184 1610 1207 1661 t.
1231 1606 1346 1676 quidam
1371 1622 1470 1661 nomen
1496 1607 1606 1660 sororis
1624 1601 1766 1675 accipiunt
1869 1615 1875 1626 ·

67 1689 157 1742 altera
169 1685 395 1742 dicituraltsrius
409 1685 607 1754 anpustiatria,
620 1685 693 1740 sieut
713 1686 748 1742 da
760 1686 906 1742 Pheninna
930 1689 1097 1759 generaliter
1123 1695 1152 1744 et
1170 1690 1327 1746 modificata
1343 1708 1394 1762 pro
1412 1692 1509 1763 quavis
1529 1691 1648 1755 femina,
1677 1696 1709 1744 ιιι
1726 1690 1766 1744 sic

66 1781 96 1829 et
119 1773 222 1827 Henna
243 1772 386 1828 Helcanae
411 1770 543 1825 uxoribus
561 1770 630 1826 haec
649 1772 801 1843 appellatio
826 1790 904 1826 usur-
931 1774 1109 1845 polygamiae
1127 1776 1308 1832 simultaneae
1327 1777 1394 1832 haec
1413 1777 1562 1848 prohibitio
1582 1777 1619 1831 sit
1632 1775 1765 1847 exposita.

65 1867 150 1931 patus
183 1866 202 1914 l.
223 1858 295 1914 Sam.
317 1864 346 1927 1,
374 1876 399 1910 v.
418 1862 443 1912 b.
487 1855 562 1913 Vide
587 1859 713 1928 superius
736 1857 765 1930 ἕ.
793 1865 852 1915 217.
875 1859 904 1913 in
931 1862 998 1915 Non
1021 1863 1144 1932 aewini
1166 1881 1291 1918 sororem
1314 1865 1412 1917 aseris
1435 1872 1500 1919 tuae
1518 1867 1559 1918 ad
1579 1864 1766 1932 afflipendam
1778 1866 1826 1909 XV·
1840 1865 1886 1910 tt&

65 1963 125 2017 arg.
152 1952 174 2000 6.
200 1951 298 1999 contra
321 1943 463 2015 polygam.
504 1948 529 1999 2.
561 1943 662 2019 ²¹2³an
695 1963 725 1998 sn
749 1945 815 1999 uitia
836 1946 904 2015 ajam
932 1963 994 2000 eam
1030 1949 1095 2016 ipsa
1122 1949 1216 2002 adhue
1244 1951 1365 2018 uiuente,
1396 1949 1424 2003 id
1451 1957 1493 2004 est
1519 1949 1624 2004 nullam
1654 1949 1765 2003 omnino

65 2031 165 2086 Chald.
184 2030 316 2085 dumille
334 2031 428 2083 adhuc
444 2029 518 2096 nisit,
531 2029 614 2084 LXX
636 2031 748 2101 interpr.
762 2032 802 2085 tn
820 2029 904 2098 crisie
932 2031 1062 2086 feminam
1087 2035 1166 2088 uxori
1188 2040 1253 2090 tuae
1272 2036 1364 2090 adhuc
1391 2036 1470 2090 virae
1489 2035 1702 2106 superinducas,
1732 2050 1767 2088 ex

67 2116 252 2187 caianavulg.
266 2117 359 2170 adhuc
377 2117 708 2187 illam’oente,Lutherus
724 2117 782 2175 tatii
798 2117 904 2188 henoch
932 2136 965 2174 eo
992 2119 1064 2173 enim
1093 2126 1243 2192 perpetuae
1267 2121 1329 2177 lites
1356 2129 1384 2176 et
1401 2122 1497 2192 jurgia
1515 2123 1649 2186 orientur,
1684 2137 1766 2192 quam

66 2203 256 2274 ithetNegari
265 2202 445 2274 ergoneqnit,
459 2202 532 2256 hane
544 2202 757 2273 prohibitionem
768 2205 905 2275 pertinere
932 2205 1188 2276 interpretationem
1208 2225 1263 2262 non
1280 2207 1369 2261 solum
1381 2208 1484 2263 lunius
1504 2207 1532 2261 in
1551 2205 1765 2261 schthev.18.

32 2318 35 2325 ·
67 2291 104 2348 ad
122 2290 216 2346 uxoris
234 2289 325 2344 adhuc
344 2289 462 2344 viventis
482 2305 606 2347 uxorem.
639 2289 695 2346 Sed
714 2306 746 2345 ex
767 2291 906 2362 socolligi
935 2299 963 2346 et
983 2291 1059 2346 Bene
1084 2293 1112 2346 in
1136 2293 1185 2348 lib.
1209 2293 1244 2348 dc
1262 2293 1361 2347 divort.
1382 2311 1445 2365 pag.
1465 2299 1505 2349 49.
1534 2293 1583 2348 sed
1602 2292 1687 2347 etiam
1707 2291 1766 2361 qui-

66 2377 178 2450 nequit‚
206 2376 337 2431 defuncta
353 2391 439 2430 uxore
455 2375 627 2446 permissum
647 2375 766 2448 intelligi
784 2395 904 2432 sororem
932 2377 996 2432 dam
1024 2394 1058 2432 ex
1080 2378 1182 2432 nostris
1207 2378 1344 2449 theologis
1361 2378 1526 2449 approbant.
1576 2378 1639 2455 bed¹
1657 2393 1720 2430 eum
1738 2377 1766 2428 in

67 2465 130 2537 ejus
152 2464 261 2528 ducere,
285 2467 307 2516 l.
326 2464 394 2532 quia
414 2479 448 2517 ea
465 2479 514 2531 eo,
533 2464 612 2531 qaod
628 2463 762 2533 scriptum
779 2472 835 2529 ast,
849 2482 905 2519 non
931 2464 1044 2536 reliquis
1075 2463 1243 2535 specialibus
1273 2464 1467 2534 prohibitionis
1495 2462 1604 2534 legibus
1644 2462 1766 2533 appella·

67 2559 109 2605 ert
128 2558 228 2605 temere
247 2549 450 2618 routpertum,
472 2552 551 2618 quod
569 2566 625 2603 non
644 2557 684 2603 sst
702 2550 849 2620 scriptum,
873 2555 905 2605 ut
931 2551 1020 2605 tiones
1041 2556 1239 2622 cognationum
1250 2550 1409 2622 specialiter
1422 2557 1450 2605 et
1462 2549 1573 2621 proprie
1584 2548 1765 2618 accipiantur,

67 2641 145 2692 recte
164 2640 258 2690 monet
278 2634 406 2689 Basilius.
451 2639 475 2690 2.
504 2633 576 2699 Quia
594 2643 786 2707 argumentum
805 2654 823 2689 a
841 2654 903 2691 eon·
930 2635 1008 2690 nulla
1032 2625 1149 2707 apparet
1173 2637 1286 2692 evidens
1306 2637 1472 2705 necessitas,
1498 2640 1612 2706 propter
1635 2650 1718 2706 quam
1736 2634 1765 2686 in

67 2724 160 2778 traria
180 2739 263 2776 sensa
281 2727 324 2776 est
342 2719 481 2776 infirmum
500 2738 534 2776 ac
552 2721 700 2791 imbecille,
719 2730 751 2777 ut
766 2723 902 2793 juriscon-
929 2724 982 2778 hac
1004 2723 1199 2793 prohibitionis
1219 2724 1283 2794 lege
1300 2741 1318 2778 a
1329 2724 1500 2794 proprietate
1510 2722 1608 2778 literae
1622 2720 1765 2775 discedere
1854 2736 1856 2741 ⁴

67 2809 136 2863 sulti
156 2814 276 2864 monent.
322 2813 344 2862 3.
369 2807 439 2862 Cum
463 2824 497 2862 er
516 2807 577 2861 aliis
603 2806 713 2880 legibus
734 2810 904 2863 contrarium
929 2808 1052 2864 velimus.
1101 2807 1184 2862 Addo
1216 2815 1412 2880 argumentum
1439 2808 1561 2863 evidens.
1613 2806 1656 2860 De
1682 2821 1765 2860 seusu

65 2894 217 2965 colligitur,
235 2894 280 2948 vel
296 2893 448 2948 absurdum
467 2893 582 2965 aliquod
600 2909 633 2947 ex
645 2910 678 2948 eo
698 2895 830 2966 sequitur,
848 2913 903 2951 non
929 2895 999 2966 legis
1017 2894 1146 2964 specialis
1163 2901 1240 2950 recte
1255 2896 1393 2965 judicium
1412 2894 1545 2950 ferturex
1558 2894 1620 2964 lege
1632 2891 1764 2963 generali,

66 2983 133 3036 licet
151 2979 216 3035 huic
235 2978 447 3051 argumentandi
466 2980 562 3050 generi
581 2980 716 3036 insistere.
754 2981 819 3036 Jam
839 2998 904 3037 vero
929 2981 975 3034 eni
999 2980 1094 3035 eadem
1118 2981 1305 3051 subjungitur.
1356 2981 1396 3035 At
1421 2981 1489 3036 haec
1513 2981 1556 3035 lex
1581 2978 1710 3049 specialis
1730 2977 1765 3032 de

66 3068 97 3122 in
114 3067 255 3138 proposito
273 3083 342 3122 casu
359 3066 387 3120 id
407 3066 552 3136 contingit,
571 3084 603 3122 ex
621 3067 684 3138 lege
703 3067 776 3121 enim
793 3069 829 3121 ele
846 3085 903 3122 non
931 3083 986 3120 non
1005 3065 1133 3121 ducenda
1153 3067 1246 3121 uxoris
1263 3083 1356 3121 sorore
1373 3066 1553 3137 subjungitur
1563 3064 1620 3135 legi
1640 3062 1764 3134 generali

67 3154 202 3208 ducenda
234 3153 345 3216 fratria
381 3151 549 3206 contrarium
579 3152 723 3207 manifeste
755 3152 905 3225 colligitur,
931 3151 965 3206 de
983 3167 1039 3205 non
1057 3152 1214 3207 accedendo
1235 3152 1271 3206 ad
1293 3151 1476 3222 propinquam
1496 3150 1595 3206 carnis.
1635 3149 1710 3219 Ergo
1729 3165 1764 3202 ex

67 3239 146 3311 quod
169 3236 301 3293 videlicet
328 3254 383 3292 non
402 3237 485 3292 liceat
505 3236 654 3293 defunctae
671 3239 764 3294 uxoris
783 3257 902 3295 sororem
929 3238 978 3292 iila
1001 3237 1063 3309 lege
1088 3236 1211 3308 generali
1236 3237 1271 3291 da
1295 3236 1393 3292 eadem
1422 3242 1496 3291 recte
1511 3235 1650 3304 judicium
1667 3234 1763 3302 femur,

67 3327 180 3393 ducere,
198 3329 227 3378 et
246 3341 279 3378 ex
296 3322 446 3394 hypothesi
464 3322 685 3379 adversariorum
707 3325 833 3396 sequitur
852 3325 903 3380 hoc
929 3329 957 3378 et
978 3340 1029 3393 per
1043 3338 1225 3393 ‘consequens
1249 3328 1364 3392 propter
1392 3323 1490 3375 earnis
1511 3321 1763 3389 propinquitatem,

68 3411 238 3479 absurdum,
269 3409 343 3480 quod
368 3408 398 3463 in
420 3411 516 3463 eodem
543 3410 696 3476 affirsitatis
713 3414 808 3480 praela
826 3411 903 3466 Deus
928 3409 981 3464 hoc
1014 3415 1056 3464 est
1086 3409 1239 3478 proximam
1266 3408 1431 3463 affinitatem
1458 3407 1551 3462 uxoris
1578 3423 1655 3460 soror
1670 3405 1763 3477 prohi-

65 3499 180 3571 nupties
198 3495 372 3568 prohibuerit
387 3502 415 3551 et
435 3496 600 3567 permiserit
804 3484 807 3489 ’
929 3495 1019 3566 betur,
1039 3499 1070 3549 at
1085 3493 1155 3548 haec
1166 3496 1237 3549 ratio
1249 3501 1350 3564 cessat,
1366 3493 1420 3547 nisi
1433 3493 1532 3548 sororis
1544 3509 1643 3546 nomen
1653 3491 1764 3562 proprie

103 3593 162 3643 349.
199 3584 344 3655 Regerunt
363 3589 385 3639 1.
418 3591 542 3637 cessante
563 3582 765 3655 prohibitionis
794 3583 903 3638 ratione
928 3581 1091 3651 accipiatur.
1141 3587 1164 3635 2.
1184 3579 1304 3646 Quidam
1328 3578 1401 3634 hanc
1429 3579 1583 3634 clausulam
1602 3578 1702 3653 ΠΙἛΙἹΞ,
1723 3593 1764 3632 ra·

65 3681 158 3729 cessat
176 3673 250 3740 ‘ipsa
274 3669 439 3740 prohibitio.
493 3669 553 3724 Sed
578 3669 714 3736 defuncta
731 3670 797 3738 'jam
817 3687 903 3724 maore
929 3666 1073 3722 ferendam
1104 3670 1219 3721 censent
1247 3683 1303 3721 nou
1334 3666 1370 3721 ad
1397 3683 1522 3731 morem,
1552 3665 1601 3720 sad
1630 3665 1666 3719 ad
1690 3663 1764 3717 illius

65 3767 157 3814 cessat
183 3756 383 3826 prohibitionis
408 3755 501 3825 ratio,
531 3757 609 3825 quod
635 3774 691 3811 non
712 3757 750 3810 sit
774 3758 904 3810 ducenda
928 3771 1058 3823 sororem,
1104 3769 1160 3807 non
1189 3753 1311 3822 accipies
1337 3768 1453 3806 acorem
1479 3755 1521 3806 cd
1548 3769 1674 3805 sororem
1702 3750 1764 3818 ejus

65 3847 224 3914 eirassorar
237 3845 349 3897 adeam
365 3842 591 3911 anpastiandam.
621 3843 702 3909 Erpa
718 3842 903 3896 cessatetiam
929 3843 970 3894 ad
1005 3841 1216 3904 lacessendum,
1243 3840 1284 3892 ad
1308 3839 1491 3893 revelandam
1515 3839 1671 3892 ariditatem
1702 3837 1764 3906 ejus

63 3934 133 4001 ipsa
154 3929 319 4000 prohibitio.
368 3926 595 3998 Respondemus:
626 3926 699 3982 Sane
723 3927 752 3981 in
772 3927 903 3999 conjugio
929 3943 1015 3997 super
1028 3943 1090 3980 eam
1106 3925 1137 3978 in
1152 3925 1211 3979 rita
1223 3925 1293 3993 ejus,
1311 3924 1417 3980 scilicet
1428 3925 1538 3990 sorods,
1556 3924 1613 3979 sire
1630 3922 1763 3994 quamdiu

67 4035 133 4073 eum
160 4015 253 4071 uxoris
279 4013 427 4070 deiunctae
454 4029 546 4069 sorore
571 4019 661 4069 cessat
685 4030 749 4067 una·
763 4013 812 4068 illa
832 4013 903 4068 ratio
930 4029 963 4069 ea
988 4013 1068 4077 vivit,
1089 4012 1141 4067 hoc
1159 4016 1365 4082 estnunquam.
1414 4012 1452 4065 Et
1477 4010 1592 4065 sanein
1613 4008 1762 4080 Scripturis

70 4104 100 4158 in
133 4101 247 4174 speciali
273 4100 459 4172 prohibitione
483 4117 629 4171 expressa,
658 4099 708 4154 sed
736 4116 792 4154 non
813 4105 904 4155 cessat
930 4116 987 4156 non
1005 4104 1048 4154 est
1065 4097 1240 4170 infrequens,
1263 4113 1414 4168 pronomen
1432 4096 1577 4151 relativum
1596 4096 1763 4167 quandoque

66 4190 158 4246 altera
176 4187 247 4242 ratio
265 4186 293 4240 in
312 4184 497 4257 prohibitione
516 4184 639 4257 generali
657 4203 683 4239 v.
701 4191 731 4241 b:
754 4187 843 4240 Nemo
857 4205 903 4240 aa·
929 4187 965 4242 ad
983 4186 1116 4241 remotius
1133 4184 1243 4252 referri,
1269 4184 1318 4239 sed
1339 4191 1430 4239 tamen
1447 4183 1559 4238 ridetur
1583 4182 1612 4237 id
1630 4183 1683 4237 hoc
1702 4181 1762 4235 loco

66 4279 150 4332 cedat
169 4276 210 4328 nel
222 4274 416 4343 propinquam
434 4272 618 4343 carniacum,
638 4273 707 4327 stin
719 4271 904 4343 prohibitione
928 4273 1012 4344 paulo
1032 4271 1162 4327 coactius.
1200 4276 1224 4326 3.
1243 4269 1363 4337 Quidam
1382 4269 1548 4340 confugiunt
1567 4269 1601 4322 ad
1619 4268 1761 4338 vulgatam

65 4361 182 4434 speciali
208 4359 333 4430 ejusdem
359 4358 470 4414 omuino
500 4358 605 4431 gradsm
633 4362 667 4414 ele
689 4377 744 4414 nan
773 4361 903 4413 ducenda
928 4359 1066 4431 regulam:
1083 4359 1234 4412 Ecclesiae
1245 4358 1378 4426 temporis
1389 4357 1578 4411 antecedentis
1586 4372 1642 4408 non
1653 4369 1762 4423 semper

63 4449 176 4515 fratria
199 4466 225 4500 v.
253 4450 291 4501 16,
310 4444 422 4514 addita,
449 4445 643 4518 propinquitas
660 4445 734 4502 enim
759 4444 903 4502 affinitatis
928 4446 1017 4511 infert
1030 4445 1196 4498 inclusivum
1215 4443 1348 4513 temporis
1361 4443 1513 4511 sequentis,
1532 4439 1580 4495 sed
1595 4439 1763 4509 adjectailla

64 4534 215 4606 utrobique
248 4532 345 4588 eadem
371 4537 428 4603 est,
461 4532 520 4589 sire
550 4533 612 4603 quis
646 4527 757 4588 ftatris'
780 4532 904 4588 defuncti
929 4531 1069 4587 exclusiva
1099 4531 1210 4602 saepius
1239 4529 1392 4600 simplicem
1429 4527 1606 4598 negationem
1632 4526 1763 4580 continet.

64 4637 195 4690 uxorem,
222 4619 280 4675 sire
306 4617 398 4674 uxoris
417 4617 567 4674 defunctae
587 4635 707 4674 sororem
731 4618 829 4688 ducet,
855 4619 905 4673 illa
930 4616 975 4673 Sic
994 4623 1017 4673 2.
1038 4618 1110 4673 Sam.
1130 4622 1155 4683 6,
1174 4634 1199 4669 v.
1218 4620 1266 4672 23:
1288 4614 1397 4668 Michol
1416 4614 1493 4679 filiae
1515 4612 1612 4666 Sanctis
1636 4612 1764 4676 nonfuit

64 4725 133 4763 vero
150 4705 223 4777 ratio
243 4722 351 4777 semper
363 4705 454 4776 durat,
472 4721 525 4760 nec
537 4722 601 4759 cum
619 4721 704 4760 uxore
718 4704 903 4771 commoritur,
929 4713 1012 4758 natas
1032 4694 1126 4765 nain
1147 4691 1208 4753 lz't*
1232 4703 1280 4771 7³3,
1293 4716 1378 4770 usqne
1396 4701 1438 4752 ad
1453 4699 1545 4767 diem,
1573 4717 1627 4767 qao
1651 4705 1764 4752 mortno

63 4791 323 4863 utprubatregula.
352 4792 600 4861 2.Interprstatio,
613 4798 903 4864 quaemntatteetam,
929 4799 989 4860 sat,
1018 4789 1047 4843 id
1071 4794 1114 4844 est
1137 4803 1292 4858 nunquam,
1319 4783 1367 4841 ubi
1392 4801 1472 4839 nemo
1497 4784 1632 4854 suspicari
1664 4788 1763 4854 potest,

63 4897 121 4933 non
140 4886 180 4931 est
200 4879 387 4935 admittenda.
440 4877 500 4932 Sed
518 4877 714 4946 interpretatio
725 4893 837 4945 samm,
856 4880 905 4949 qni
931 4876 1084 4932 clausulam
1109 4874 1186 4929 illam
1209 4889 1271 4928 esse
1295 4871 1487 4939 restrictiram,
1510 4869 1590 4941 quasi
1609 4869 1717 4923 scilicet
1735 4870 1764 4922 in

64 4967 219 5030 defunctae
242 4966 341 5018 uraris
363 4981 488 5018 sororem
514 4965 617 5017 elucere
642 4963 817 5032 prohibitam
844 4981 903 5018 esse
930 4965 988 5019 vita
1014 4961 1127 5034 quidem
1144 4959 1248 5014 Michol
1274 4976 1330 5012 uon
1360 4957 1397 5011 sit
1423 4961 1505 5011 natus
1531 4955 1557 5010 ei
1579 4953 1668 5020 filius,
1701 4960 1765 5024 post

62 5059 198 5117 mutuant,
212 5059 300 5106 mutat
319 5059 436 5116 teatrum,
465 5051 533 5120 quia
547 5049 737 5122 prohibitioni
766 5051 904 5105 limitatae
930 5054 1046 5105 mortem
1065 5053 1159 5103 autem
1177 5045 1323 5117 pepererit.
1354 5042 1453 5097 Matth.
1476 5049 1507 5110 1,
1533 5059 1558 5095 v.
1578 5047 1624 5097 ιιι
1655 5040 1765 5110 loseph

63 5138 125 5193 tale
143 5139 213 5208 quid
232 5139 330 5208 addit,
354 5139 432 5207 quod
455 5136 650 5191 limitationem
663 5137 778 5204 penitus
801 5137 902 5192 ahaim.
929 5154 985 5191 non
1016 5134 1198 5201 oapnoseebat
1223 5130 1364 5194 Mariam,
1397 5129 1447 5188 ine
1464 5117 1512 5192 οὗ,
1539 5130 1628 5181 donea
1654 5127 1765 5196 peperit

66 5226 208 5294 Erpoetc
220 5223 444 5294 Respondemus:
454 5239 596 5294 negamus,
604 5220 834 5278 hancclausulum
844 5239 904 5278 esse
924 5223 1020 5292 filiam
1037 5238 1117 5273 suam
1130 5218 1359 5288 primopsnitam,
1372 5232 1423 5270 nec
1441 5222 1534 5269 mmen
1547 5213 1649 5269 inferre
1661 5212 1764 5276 licebit,

62 5309 201 5381 ejusmodi
220 5309 412 5365 limitationem
430 5326 464 5364 ac
481 5309 699 5377 restrictionem,
730 5324 763 5362 ex
789 5325 846 5379 qua
862 5308 903 5362 in·
929 5313 994 5379 post
1012 5306 1116 5362 editum
1134 5303 1348 5375 primogenitum
1367 5301 1483 5356 Mariam
1502 5317 1520 5355 a
1537 5300 1661 5370 Josepho
1678 5298 1764 5353 fuisse

60 5398 138 5453 ferre
164 5397 264 5466 liceat,
295 5396 406 5452 sublata
434 5396 488 5451 ista
516 5395 675 5451 conditione
705 5393 812 5449 licitum
843 5411 903 5449 esse
930 5393 1077 5466 cognitam,
1096 5396 1128 5445 ut
1147 5394 1245 5445 eontm
1256 5387 1418 5442 Heluidium
1431 5387 1618 5458 Hieronymus
1637 5383 1764 5455 pluribus

62 5483 159 5538 uxoris
191 5499 311 5537 sororem
345 5482 460 5552 ducere,
498 5483 547 5538 sed
582 5482 712 5546 dicimus,
744 5496 803 5535 eam
840 5496 901 5535 esse
931 5478 1057 5534 ostendit
1101 5477 1147 5531 Sic
1173 5481 1202 5528 et
1228 5473 1280 5527 hoc
1308 5471 1386 5541 loco,
1415 5491 1471 5526 non
1489 5473 1611 5540 compiea
1637 5485 1764 5524 sororem
