4020 6022
10 1066 35 1137 f
63 1088 188 1144 alteram
206 1089 348 1159 dilectam,
365 1090 486 1143 alteram
509 1106 631 1151 censam,
651 1108 706 1145 non
720 1096 904 1159 patealprae·
932 1090 1076 1159 permissio
1102 1088 1150 1144 illa
1177 1106 1227 1160 per
1244 1092 1424 1145 remotionem
1438 1108 1548 1161 poenae
1565 1092 1701 1163 politicae
1719 1110 1766 1147 ex·

789 246 842 303 DE
860 244 1062 306 OONJUGXO.
1707 256 1765 316 131

61 400 116 455 sed
134 416 274 471 express
286 406 444 472 temporum
455 399 565 456 illorum
577 400 777 457 consuetudine
788 398 904 473 posteri
931 402 1058 473 missum,
1086 403 1147 473 jam
1160 417 1225 459 vero
1242 408 1351 475 pugnet
1367 419 1432 459 eum
1450 402 1546 458 divina
1561 402 1681 474 justitia,
1703 418 1766 475 pec-

61 486 133 541 tatis
158 486 242 541 latius
261 486 462 559 propagandae
489 486 627 544 desiderio
646 504 663 543 a
680 486 776 543 divina
794 486 905 543 ordina·
931 494 1024 545 catum
1052 488 1167 543 mortale
1192 504 1248 543 non
1278 489 1421 560 imputari;
1454 495 1616 561 sequeretur
1644 490 1766 561 insuper,

61 572 142 629 tione
160 573 342 629 secessionem
361 572 478 641 fecisse,
511 580 540 628 et
557 572 631 628 hunc
657 572 758 629 inillis
786 590 905 629 naevum
931 579 1048 645 peccata
1070 574 1204 645 venialia,
1235 592 1306 647 quae
1331 575 1407 631 Deus
1431 574 1534 632 renatis
1562 591 1619 631 non
1638 575 1766 647 imputat,

63 656 154 714 fuisse
176 676 195 715 1
215 660 276 715 Deo
301 659 449 715 toleratum
479 667 507 714 et
533 660 730 731 poenitentiam
757 658 906 732 agentibus
932 659 1027 715 itidem
1045 658 1202 731 specialiter
1218 677 1235 714 a
1253 660 1314 716 Deo
1333 661 1470 732 permitti,
1488 667 1634 733 peccatum
1651 662 1768 717 mortale

63 744 227 816 1111111111,
256 760 398 817 nunquam
427 760 493 799 vero
517 745 547 799 in
575 761 604 800 se
631 762 663 799 ac
681 762 730 818 per
754 763 784 800 se
804 761 905 816 appro-
932 746 1038 818 absque
1061 746 1245 816 poenitentia,
1279 764 1351 818 quae
1376 749 1405 801 in
1422 747 1547 818 patribus
1577 748 1611 803 de
1629 746 1683 804 boc
1702 764 1766 819 pec·

62 830 172 887 batum.
209 829 265 895 Qui
286 830 405 901 priorem
425 830 592 886 sententiam
611 832 817 902 amplectuntur
836 830 906 885 haee
932 840 994 887 cato
1014 850 1068 888 non
1087 833 1223 899 occurrit,
1252 833 1369 901 remitti,
1396 851 1430 888 ac
1448 834 1512 889 solis
1535 834 1588 905 piis
1608 840 1636 890 et
1655 835 1767 905 sanetis,

63 916 243 987 potissimum
268 914 452 971 1111111111
476 922 578 988 urgent
606 924 628 973 1.
646 916 730 972 Deut.
752 923 800 980 21,
819 934 845 969 v.
867 921 904 969 15.
934 934 990 971 non
1008 918 1035 972 in
1055 935 1157 988 genere
1177 917 1305 974 omnibus
1321 919 1455 973 Israelitis
1475 920 1662 993 polygamiam
1681 920 1768 977 fuisse

62 1002 129 1057 talis
157 1002 202 1059 lex
224 1002 437 1075 promulgatur:
465 1003 500 1057 Si
525 1004 905 1071 manutenementum,
932 1002 1109 1073 permissam,
1143 1021 1214 1075 quae
1241 1004 1332 1060 omnia
1352 1010 1416 1060 sunt
1441 1004 1576 1075 absurda3
1606 1023 1658 1061 nec
1675 1012 1768 1077 potest

61 1175 145 1241 serre
173 1176 265 1239 filium
296 1174 417 1229 dilectae
448 1174 509 1241 filio
539 1192 640 1231 erosae
664 1176 776 1246 injure
799 1176 904 1245 primo-
931 1176 1044 1247 plicari,
1063 1182 1225 1247 sequeretur
1242 1178 1329 1247 enirn,
1363 1184 1457 1249 patres
1475 1195 1568 1234 omnes
1585 1178 1669 1235 inisse
1689 1186 1768 1234 extra

61 1263 218 1330 periturae.
249 1264 289 1317 At
307 1260 434 1334 quisquis
455 1261 578 1332 disponit
596 1262 704 1333 dejure
718 1262 789 1317 inter
803 1260 904 1317 liberos
933 1268 1035 1317 11111111
1067 1262 1176 1335 gratiae
1206 1270 1319 1334 propter
1345 1272 1490 1333 peccatum
1510 1264 1623 1321 mortale
1651 1266 1679 1319 in
1705 1265 1766 1320 loro

62 1348 289 1421 polygsmorum,
308 1348 332 1403 is
350 1349 433 1404 etiam
446 1349 585 1419 approbat
598 1349 794 1421 polygamiam.
828 1347 905 1403 Deus
931 1349 988 1421 poli
1020 1349 1207 1418 commissum,
1242 1366 1294 1403 nee
1324 1365 1375 1419 per
1407 1350 1602 1421 poenitentiam
1630 1350 1766 1417 deletum3

63 1434 171 1491 ibidem
194 1434 319 1505 disponit
338 1434 453 1504 dejure
471 1435 543 1490 iuter
563 1434 665 1491 liberos
684 1435 904 1508 polygamorum.
932 1440 1103 1506 sequeretur,
1122 1435 1258 1506 quaedam
1277 1442 1402 1505 peccata,
1419 1452 1491 1505 quae
1512 1451 1604 1489 coram
1622 1435 1682 1491 Deo
1702 1452 1766 1491 vere

61 1522 150 1594 Ergo.
171 1528 195 1578 2.
216 1520 300 1577 Deut.
320 1526 363 1590 25,
380 1539 406 1576 v.
420 1530 449 1577 5:
465 1520 585 1583 (larundo
598 1522 905 1590 latitarrcrintsratree
932 1522 1013 1587 talia,
1045 1539 1098 1575 non
1120 1520 1206 1575 fuisse
1229 1539 1246 1575 a
1274 1521 1415 1592 prophetis
1438 1521 1617 1591 reprehensa,
1647 1522 1714 1594 quin
1738 1528 1768 1578 et

59 1608 148 1663 amal
168 1616 195 1661 et
213 1623 338 1661 ennaea
357 1608 399 1660 eis
418 1608 520 1676 absque
539 1607 635 1661 liberie
654 1616 780 1663 martiane
804 1608 904 1675 riserit
932 1607 1116 1672 mendacium,
1135 1606 1305 1677 ebrietatem,
1322 1606 1432 1663 sabbati
1449 1607 1669 1677 profanationem
1683 1615 1766 1681 atque

58 1714 134 1749 uror
158 1694 288 1758 &farneti
310 1711 367 1747 non
393 1694 475 1746 nutet
495 1693 594 1762 alteri,
625 1696 678 1747 aed
703 1694 823 1763 accepiet
844 1710 904 1747 eam
932 1693 1003 1762 alia,
1031 1710 1103 1765 quae
1123 1691 1240 1747 civiliter
1255 1710 1310 1747 non
1327 1693 1497 1764 puniuntur,
1522 1693 1617 1749 aDeo
1647 1700 1675 1748 et
1693 1694 1767 1761 olim,

51 1782 158 1849 frater
186 1780 248 1849 ajin
277 1787 305 1832 et
332 1778 478 1833 suscitabit
504 1794 595 1831 aem-cn
615 1780 714 1845 sratri
735 1798 792 1834 arro.
840 1778 903 1834 Jam
933 1787 961 1833 et
979 1779 1129 1835 etiamnum
1151 1796 1211 1835 esse
1227 1779 1369 1849 permissa.
1420 1785 1445 1835 6.
1470 1778 1631 1833 Absurdum
1657 1779 1767 1833 videtur

59 1883 129 1922 vero
149 1866 258 1937 saepius
277 1865 434 1935 accidebat,
454 1871 485 1919 ut
503 1864 590 1918 frater
609 1864 656 1919 ille
674 1866 753 1918 vivus
768 1867 904 1936 jamenta
931 1870 1062 1935 statuere,
1081 1873 1155 1937 quod
1169 1866 1346 1921 abrahamus
1357 1866 1400 1920 vir
1417 1865 1607 1920 sanctissimus
1618 1882 1651 1920 ac
1664 1882 1766 1934 parens

58 1958 136 2008 esset
160 1952 284 2007 maritus.
335 1950 411 2022 Ergo
437 1950 461 2003 is
479 1950 574 2003 divino
606 1950 737 2005 mandato
751 1950 904 2019 jubebatur
933 1952 1088 2007 sanctitatis
1105 1969 1122 2006 1
1139 1951 1280 2022 prophetis
1296 1958 1325 2006 11
1342 1951 1451 2006 Christo
1469 1952 1529 2023 ipso
1547 1968 1688 2022 nunquam
1706 1952 1767 2005 sina

58 2055 122 2095 esse
141 2038 317 2109 polygamus.
354 2043 378 2092 3.
398 2042 423 2093 2.
448 2036 521 2091 Sam.
544 2042 590 2103 11,
618 2053 643 2091 v.
670 2041 693 2091 a.
719 2036 809 2105 irnpiit
826 2036 904 2089 Deus
932 2038 1036 2095 honore
1052 2038 1210 2094 nominatus
1237 2044 1265 2093 et
1283 2056 1301 2093 a
1314 2036 1426 2108 justitia
1444 2044 1471 2092 et
1491 2038 1639 2093 sanctitate
1663 2037 1766 2108 ubique

58 2126 97 2179 ad
110 2123 268 2180 Davidem:
288 2122 369 2180 Derli
381 2123 434 2175 tibi
446 2124 558 2175 (11111111
583 2122 693 2176 donnini
704 2123 747 2173 tai
764 2130 790 2174 et
802 2139 904 2175 neorea
931 2126 1139 2180 commendatus
1155 2124 1200 2181 vel
1220 2124 1396 2195 ignoraverit,
1416 2124 1604 2196 polygamiam
1625 2140 1685 2179 esse
1703 2140 1766 2195 pec·

63 2210 177 2266 domini
198 2210 243 2263 tni
255 2211 286 2263 in
297 2211 387 2263 sinum
400 2216 484 2262 titum.
515 2208 589 2279 Ergo
605 2206 903 2277 polygamiaDavidis,
933 2217 1027 2265 catum
1045 2210 1169 2281 conjugii
1189 2209 1354 2265 institutioni
1381 2226 1556 2280 repugnans,
1585 2210 1630 2264 vel
1648 2210 1767 2265 scienter

60 2314 117 2370 qua
134 2312 235 2351 uxores
254 2294 346 2350 Saulis
364 2294 416 2349 sibi
436 2294 592 2364 copulavit,
625 2310 643 2346 a
660 2292 721 2347 Deo
741 2292 801 2361 ipso
821 2291 902 2363 origi-
931 2303 959 2352 et
998 2314 1030 2351 ex
1070 2296 1212 2367 proposito
1248 2305 1394 2366 peecatum
1434 2297 1548 2351 mortale
1592 2292 1766 2351 commiserit.

59 2400 124 2439 uem
144 2382 232 2437 duxit.
267 2387 291 2437 4.
311 2380 370 2434 Aut
387 2381 538 2445 sciuerunt,
558 2385 605 2432 aut
623 2378 793 2447 ipnorarnnt
818 2380 903 2449 patri·
931 2390 955 2439 ’1.
968 2383 1029 2439 Nisi
1042 2382 1211 2453 dispensatio
1225 2382 1393 2451 conceditur,
1409 2382 1556 2437 dicendum
1572 2381 1632 2449 erit,
1646 2381 1766 2451 plurima

60 2468 180 2537 arabae,
214 2466 404 2539 polygamiam
431 2482 491 2521 csse
519 2470 664 2534 peecatum
688 2481 818 2537 pugnans
839 2481 901 2518 cum
930 2476 1041 2539 patrum
1060 2468 1192 2540 conjugia
1208 2466 1465 2535 fuisseillepitirna,
1478 2467 1655 2523 secundarius
1668 2484 1765 2522 uxores

62 2554 155 2625 prima
180 2554 305 2627 conjugii
331 2551 512 2607 institutione.
561 2550 702 2603 Posterius
723 2550 777 2604 diei
797 2551 901 2621 nequit,
930 2554 1016 2611 fuisse
1037 2562 1142 2625 scorta,
1171 2554 1273 2609 liberos
1292 2552 1396 2609 exiliis
1415 2560 1558 2625 susceptos
1579 2570 1639 2609 esse
1657 2552 1766 2625 spurios

68 2648 90 2697 1·
110 2642 178 2713 quia
198 2640 328 2712 legerunt
351 2643 379 2694 ei
403 2636 551 2691 audierunt
571 2636 692 2690 divinam
722 2637 844 2708 conjugii
864 2636 903 2690 in·
931 2646 959 2695 et
977 2658 1010 2697 ex
1026 2640 1208 2696 fornicatione
1228 2646 1317 2695 natos,
1357 2637 1458 2695 Johnn,
1485 2645 1515 2703 8,
1542 2657 1567 2696 v,
1588 2646 1629 2693 41,
1677 2645 1699 2695 8,
1714 2638 1767 2696 Ur.

70 2729 239 2783 stiurtiouem
265 2724 357 2780 verbis
377 2721 533 2794 perspicuis
550 2721 620 2777 Gen.
642 2730 666 2777 2.
696 2724 857 2793 expositam.
879 2729 902 2780 2.
931 2734 1032 2798 gantur
1052 2727 1126 2781 dieta
1147 2732 1267 2797 patrum.
1297 2726 1426 2782 lustinus
1445 2726 1472 2778 in
1492 2725 1558 2779 dial.
1577 2743 1639 2780 eum
1660 2724 1766 2797 Tryph.

72 2812 185 2885 Saepius
208 2829 272 2869 eum
290 2810 351 2867 Deo
380 2809 510 2865 collocuti
530 2814 607 2875 sunt,
635 2808 682 2879 qni
709 2809 834 2878 patribus
852 2808 904 2862 hoc
931 2813 1005 2866 circa
1028 2812 1111 2866 finem
1136 2829 1202 2883 pag.
1223 2818 1287 2867 291:
1345 2813 1411 2865 Non
1434 2819 1567 2879 tanquam
1591 2812 1767 2875 fornicantes

74 2900 232 2967 revelasset,
265 2897 289 2951 si
319 2897 482 2968 polygamia
513 2904 543 2950 ut
566 2899 711 2966 peccatum
736 2894 788 2965 ipsi
810 2894 904 2964 (1111111-
928 2898 1113 2967 patriarelrae
1131 2898 1287 2951 imbuerunt
1302 2898 1401 2965 plnrer
1420 2913 1528 2962 crearer,
1546 2898 1768 2952 aedoeconomia

80 2988 181 3041 1111111.
230 2992 254 3041 3.
274 2984 330 3039 Per
346 2982 495 3054 prophetas
514 2986 541 3037 et
562 2981 716 3035 sacerdotes
736 2980 771 3035 ob
789 2981 904 3051 polyga-
931 2987 1070 3055 paraeciam
1083 2986 1118 3037 iel
1131 2994 1215 3053 atqree
1226 2984 1375 3052 dispositio
1386 2984 1452 3047 snit.
1478 2983 1653 3053 Augustinus
1669 2982 1729 3037 libr.
1742 2988 1766 3039 1.

84 3072 157 3127 niam
185 3070 313 3143 nuspiam
339 3070 471 3141 leguntur
497 3067 664 3139 reprehensi.
715 3074 739 3121 4.
762 3066 843 3120 Multi
872 3084 904 3120 ex
932 3072 967 3125 de
985 3070 1100 3127 docuin.
1119 3058 1220 3125 Christ.
1239 3087 1262 3124 1.
1285 3076 1329 3125 12:
1353 3070 1549 3139 sufficiendae
1563 3070 1658 3138 prolia
1678 3087 1765 3124 caasa

40 3156 132 3212 11111111
147 3157 224 3215 inere
245 3156 326 3211 donis
343 3154 512 3227 propheticis
524 3154 654 3217 illustres,
672 3160 703 3207 ut
721 3152 904 3222 Abrahamus,
931 3167 991 3211 erat
1015 3174 1133 3211 urorum
1151 3156 1280 3225 pluriam
1302 3155 1386 3208 m'mul
1411 3155 1462 3208 terri
1484 3155 1546 3208 uiro
1573 3154 1767 3209 lurebendarnrn

88 3241 165 3298 David
195 3251 249 3299 ete.
283 3258 352 3314 quos
383 3242 452 3315 legis
483 3247 580 3296 contra
612 3240 801 3312 polygamiarn
831 3240 904 3294 latae
931 3243 1112 3313 inmrlpalnlie
1144 3244 1324 3297 conestetado.
1361 3240 1422 3297 libr.
1458 3246 1496 3297 ru.
1538 3241 1574 3297 de
1608 3240 1681 3296 civit
1711 3240 1766 3297 Dei

42 3386 46 3393 ,
90 3326 727 3403 11111111511101111111111111111111101111.
756 3327 816 3383 Nee
828 3326 904 3397 prius
931 3347 955 3386 1,
993 3334 1039 3385 38:
1076 3330 1122 3382 Eo
1159 3338 1282 3398 tempore
1323 3327 1558 3397 multiplicandae
1592 3329 1767 3397 posteritatis

92 3418 211 3473 1111111οά1
241 3417 382 3472 asseritur.
423 3415 459 3483 a)
491 3413 611 3470 sienim
641 3413 796 3481 sciverunt,
825 3412 903 3483 poly·
931 3434 1018 3470 cetura
1046 3416 1150 3469 multas
1180 3433 1282 3469 atores
1306 3415 1407 3467 tatere
1430 3414 1513 3467 nella
1532 3416 1577 3468 lea
1590 3416 1768 3485 prohibebat,

94 3502 192 3569 anniam
205 3509 431 3573 essepeccatum,
448 3518 481 3555 ae
494 3499 671 3554 nibilominus
684 3500 709 3553 ei
721 3500 904 3561 indulserunt,
930 3501 979 3557 lib.
1006 3506 1047 3557 22.
1077 3509 1173 3557 eontra
1190 3500 1324 3555 Faustum
1351 3517 1373 3555 c.
1393 3506 1441 3555 47:
1471 3500 1593 3553 Peccata
1620 3501 1681 3555 alin
1701 3511 1766 3555 aaut

95 3598 242 3659 consequens
270 3588 369 3656 suerit,
402 3585 477 3658 quod
501 3604 533 3641 cx
553 3586 694 3656 proposito
719 3592 746 3640 et
765 3584 905 3640 destinata
931 3596 1029 3643 contra
1046 3597 1192 3652 naturane,
1222 3588 1283 3642 alia
1305 3594 1402 3640 eontra
1427 3602 1545 3653 morem,
1574 3587 1635 3640 alia
1665 3595 1764 3642 eontra

94 3673 176 3730 ustitia
208 3673 386 3746 peccaverint
421 3690 454 3727 ae
471 3672 587 3743 proinde
615 3673 644 3726 in
661 3676 776 3744 peccato
796 3670 904 3725 mortali
927 3682 1119 3745 praeceptam.
1157 3675 1192 3729 Si
1208 3682 1338 3727 naturam
1365 3673 1508 3739 consular,
1525 3681 1626 3745 patrea
1648 3692 1704 3728 non
1721 3675 1765 3729 la-

94 3768 202 3830 tapeta
220 3759 340 3815 vixerint
366 3760 488 3813 neeDeo
499 3758 611 3828 plaeere
625 3758 773 3829 potuerint.
797 3760 832 3827 p)
846 3755 905 3813 Ubi
930 3761 1081 3829 reiciendi,
1110 3762 1163 3813 secl
1177 3759 1333 3829 generandi
1351 3775 1437 3813 cauea
1450 3760 1583 3827 plurilus
1601 3759 1765 3815 materian

94 3844 150 3901 nula
165 3846 273 3919 peceati
291 3844 477 3915 displicentia,
495 3844 533 3898 ibi
552 3861 607 3899 non
624 3852 716 3915 potest
734 3844 817 3897 statui
837 3859 904 3897 vera
929 3848 1077 3901 utebantur
1083 3868 1094 3915 ,·
1119 3846 1147 3899 ai
1169 3861 1288 3914 morem,
1306 3845 1358 3897 illo
1382 3852 1505 3914 tempore
1523 3854 1548 3897 et
1565 3846 1595 3898 in
1614 3846 1675 3898 illia
1694 3847 1765 3900 loeis

92 3932 249 3994 mutantis.
296 3931 337 3985 111
363 3932 392 3985 11
418 3931 544 4001 patribus
570 3948 624 3985 non
652 3931 706 3984 1111
728 3929 1442 4029 polygamiaeqlrocsaetitabatnmaipraeeeptam,
1460 3930 1541 3985 nulla
1558 3932 1765 4001 1191111111ἑό1-

95 4012 266 4089 displicentia,
296 4035 387 4089 neque
411 4018 484 4073 enim
502 4018 665 4088 abjecerunt
690 4016 903 4085 superinductus
931 4022 1020 4077 11111.
1057 4019 1150 4075 Idem:
1180 4018 1301 4081 Quarrclo
1321 4033 1380 4071 moe
1400 4024 1475 4080 erat,
1499 4018 1603 4070 crimen
1620 4036 1675 4071 non
1694 4026 1766 4088 erat,

93 4112 180 4176 utres,
198 4106 248 4160 sed
266 4104 406 4159 adfinem
425 4098 514 4175 uffque
533 4105 608 4157 sitae
626 4103 679 4157 illis
699 4101 902 4158 cohabitarunt.
930 4114 955 4159 et
984 4124 1056 4160 nanc
1078 4112 1233 4175 propterea
1258 4104 1363 4157 crimen
1386 4112 1443 4168 est,
1470 4104 1537 4172 peria
1561 4121 1620 4156 moa
1641 4123 1697 4158 non
1717 4113 1765 4163 est.

90 4180 146 4263 1131
157 4210 209 4248 nee
221 4208 315 4247 reram
329 4190 365 4246 de
382 4190 434 4245 hoc
447 4188 903 4261 peccatoegeruntpoenitentiam‚
929 4191 1118 4263 Hieronymus
1137 4190 1167 4245 in
1185 4191 1265 4262 epist.
1284 4188 1320 4244 nd
1339 4189 1457 4244 ocean:
1477 4188 1590 4243 Sciebat
1609 4192 1766 4261 apostolae,

90 4276 167 4349 ‘iper
183 4294 363 4348 consequens,
385 4276 412 4329 in
433 4281 548 4346 peceato
567 4274 675 4329 mortali
695 4274 732 4329 ad
750 4281 902 4330 extremum
930 4279 990 4349 lepe
1007 4295 1180 4346 concesium,
1204 4275 1327 4347 exemplo
1343 4275 1576 4345 patriarcharum
1599 4293 1633 4330 ac
1654 4278 1765 4345 Mopeis

90 4370 158 4435 itque
184 4366 260 4420 vitae
291 4363 418 4435 spiritum
451 4363 650 4417 contumaciter
683 4367 902 4431 perseverarunt.
915 4365 1076 4475 ¹familiare
1090 4363 1197 4433 populo
1217 4369 1331 4417 renuerat
1348 4362 1378 4416 in
1393 4363 1490 4418 meltis
1508 4364 1642 4417 acoribus
1662 4364 1765 4417 liberos

10 4452 32 4523 ζ
88 4448 113 4513 t)
128 4450 165 4508 ut
180 4450 338 4529 ignorantia
353 4449 424 4520 juris
446 4465 500 4502 non
516 4455 639 4515 excusat,
656 4448 695 4501 aie
714 4448 790 4501 11111
808 4448 902 4517 opimo
928 4467 1072 4521 epnrpere,

10 4548 35 4581 ¹³
87 4533 652 4606 11111111111111θῦ111111111111110118118·
699 4534 805 4597 Quodsi
834 4551 900 4605 ergo
964 4542 1024 4592 223.
1057 4536 1115 4590 Alii
1148 4541 1244 4591 eontra
1273 4541 1390 4606 negant,
1427 4534 1660 4606 dispensationem
1689 4536 1763 4591 11111
1775 4536 1879 4586 Respon-

10 4598 34 4667 ἷῖ
86 4620 645 4693 11111111111111111111111111
672 4620 902 4674 111111111111111
928 4624 1018 4695 legem
1047 4622 1171 4694 conjugii
1198 4637 1259 4676 esse
1285 4622 1402 4690 factam,
1428 4638 1461 4675 11
1480 4621 1556 4675 velut
1571 4620 1762 4690 jurisconsulti

10 4705 26 4733 '‘'
85 4708 259 4783 mlygsminn
279 4707 335 4779 legi
356 4706 400 4761 isti
418 4714 618 4777 repugnantem
638 4705 751 4761 iuer-unt
774 4707 902 4777 amplexi,
929 4710 1037 4773 dicunt,
1062 4710 1120 4777 lepi
1136 4707 1265 4775 penerali
1285 4715 1420 4776 tanquam
1438 4708 1555 4775 reptilae
1574 4709 1682 4761 tamdiu
1702 4725 1761 4763 erae

81 4800 216 4853 1111111111
244 4793 360 4848 mortale
398 4794 607 4859 commiserunt,
646 4793 754 4847 etiarnsi
797 4793 902 4864 opinati
927 4798 1068 4864 etanelam,
1084 4797 1172 4847 clance
1189 4793 1323 4860 specialia
1342 4794 1464 4862 acceptio
1481 4794 1625 4862 probetur,
1644 4793 1684 4847 111
1697 4804 1813 4849 cen-91⁰
1830 4792 1878 4835 ⁶¹¹·

81 4870 181 4949 fuerint,
201 4880 291 4951 legem
325 4880 400 4933 illam
428 4896 483 4933 non
507 4878 603 4933 violari
629 4893 679 4948 per
703 4878 901 4951 polygamiam.
929 4887 1003 4949 sent,
1039 4880 1208 4951 primaevam
1239 4878 1315 4932 illam
1350 4878 1475 4949 conjugii
1505 4878 1595 4949 legem
1626 4887 1761 4951 perpetuo

80 4960 98 5014 1.
120 4966 267 5023 Permissio
291 4964 354 5035 illa,
384 4982 440 5036 qua
464 4964 541 5019 Deus
565 4962 693 5033 patribus
723 4969 904 5037 noiopaplan
929 4967 1062 5024 mansisse
1081 4965 1235 5035 immotam,
1255 4981 1306 5019 nee
1326 4981 1376 5035 per
1394 4964 1559 5020 contrariam
1576 4963 1761 5036 dispensatio·

78 5040 171 5108 1111111
187 5051 359 5123 permisisse,
386 5067 440 5106 noa
458 5056 549 5120 potest
567 5066 628 5104 1111
647 5050 724 5104 nuda
742 5058 770 5105 et
788 5052 903 5123 simplex
916 5026 918 5055 ¹
930 5071 992 5109 nem
1013 5053 1049 5107 ab
1067 5053 1127 5123 ejus
1146 5051 1316 5123 obligatione
1334 5058 1427 5120 patres
1440 5050 1526 5105 tuisse
1544 5049 1685 5119 liberatos,
1698 5071 1763 5110 eum

77 5134 236 5207 1011111111,
268 5136 338 5192 alias
365 5154 420 5191 non
444 5136 541 5191 iniisset
565 5136 691 5206 patribus
717 5136 773 5192 alia
798 5132 917 5194 ratione'
930 5139 1011 5195 certis
1037 5147 1065 5193 et
1091 5138 1211 5192 immotis
1239 5136 1399 5207 Scripturae
1423 5134 1613 5189 fundamentis
1638 5141 1763 5209 exceptio

74 5223 232 5299 Dolygamia
256 5222 404 5293 permissa,
434 5236 516 5292 quarn
543 5238 599 5293 qua
633 5221 716 5277 hodie
747 5221 846 5278 Turcis
876 5218 1143 5298 etldispensationis
1167 5223 1278 5295 probari
1303 5229 1431 5293 nequeat.
1466 5222 1513 5276 Ad
1539 5222 1658 5292 primum
1679 5225 1764 5297 igitur

73 5310 223 5373 curtilibus
239 5308 332 5364 adhuc
351 5308 499 5379 permissa3
527 5324 579 5362 nec
597 5314 690 5379 potest
706 5308 838 5379 explicari
855 5316 1123 5382 perjargumentum
1141 5326 1175 5364 ex
1195 5309 1278 5364 Deut.
1297 5314 1346 5374 21,
1371 5326 1397 5363 v.
1426 5314 1465 5363 15.
1484 5324 1534 5380 pro
1559 5308 1764 5380 dispensatione

72 5398 350 5470 *raimpretationm
368 5396 435 5467 quia
450 5394 550 5450 fuisset
566 5396 595 5450 in
613 5394 738 5468 patribus
757 5402 904 5466 peceatum
915 5379 917 5449 !
929 5396 1099 5452 stabilienda
1115 5394 1266 5449 adductum
1286 5393 1453 5463 respondere
1476 5401 1593 5464 possunt
1614 5402 1635 5451 1.
1654 5413 1764 5451 exosam

71 5484 201 5551 umtale,
227 5488 326 5555 utpote
354 5480 440 5553 plena
470 5480 611 5537 voluntate
640 5487 669 5537 et
695 5480 811 5537 scientia
831 5472 1007 5537 com-iillum
1030 5481 1154 5551 potuisse
1179 5498 1239 5537 esse
1262 5479 1307 5534 vel
1325 5479 1508 5550 repudiatam,
1532 5481 1576 5536 vel
1592 5481 1676 5536 etiam
1694 5497 1765 5535 mor·

1775 4588 1853 4629 aionas
1862 4591 1891 4629 ad

1774 4639 1818 4681 XV.
1832 4638 1879 4683 tta

1775 4692 1890 4731 alteim·

1776 4746 1884 4791 guntcma

1774 4855 1857 4895 pensa·

1774 4898 1846 4937 itanc.

1776 5223 1796 5266 1.
1812 5226 1878 5267 Daui.

1775 5276 1809 5325 2¹,
1823 5288 1844 5318 r.
1861 5278 1890 5319 11.
