<?xml version="1.0" encoding="UTF-8"?>
<!DOCTYPE html PUBLIC "-//W3C//DTD XHTML 1.0 Transitional//EN"
    "http://www.w3.org/TR/xhtml1/DTD/xhtml1-transitional.dtd">
<html xmlns="http://www.w3.org/1999/xhtml" xml:lang="en" lang="en">
 <head>
  <title>
</title>
<meta http-equiv="Content-Type" content="text/html;charset=utf-8" />
  <meta name='ocr-system' content='tesseract 3.04.00' />
  <meta name='ocr-capabilities' content='ocr_page ocr_carea ocr_par ocr_line ocrx_word'/>
</head>
<body>
  <div class='ocr_page' id='page_1' title='image "./locitheologicit01gerhgoog/locitheologicit01gerhgoog_0309.png"; bbox 0 0 4020 6022; ppageno 0'>
   <div class='ocr_carea' id='block_1_1' title="bbox 816 330 1796 403">
    <p class='ocr_par' dir='ltr' id='par_1_1' title="bbox 816 330 1796 403">
     <span class='ocr_line' id='line_1_1' title="bbox 816 330 1796 403; baseline 0.016 -17"><span class='ocrx_word' id='word_1_1' title='bbox 816 331 868 387; x_wconf 79' lang='lat' dir='ltr'><strong>ni:</strong></span> <span class='ocrx_word' id='word_1_2' title='bbox 886 330 1086 403; x_wconf 80' lang='lat' dir='ltr'><strong>OONJUGIQ.</strong></span> <span class='ocrx_word' id='word_1_3' title='bbox 1735 345 1796 402; x_wconf 73' lang='grc'><strong>299</strong></span> 
     </span>
    </p>
   </div>
   <div class='ocr_carea' id='block_1_2' title="bbox 45 486 1796 3565">
    <p class='ocr_par' dir='ltr' id='par_1_2' title="bbox 946 486 1795 592">
     <span class='ocr_line' id='line_1_2' title="bbox 946 486 1795 592; baseline 0.005 -51"><span class='ocrx_word' id='word_1_4' title='bbox 946 486 1186 592; x_wconf 49' lang='lat' dir='ltr'><strong>&gt;Manichaeorum</strong></span> <span class='ocrx_word' id='word_1_5' title='bbox 1204 487 1344 560; x_wconf 86' lang='lat' dir='ltr'><strong>discipuli)</strong></span> <span class='ocrx_word' id='word_1_6' title='bbox 1369 489 1484 558; x_wconf 90' lang='lat' dir='ltr'><strong>dicitur,</strong></span> <span class='ocrx_word' id='word_1_7' title='bbox 1515 490 1694 559; x_wconf 70' lang='lat' dir='ltr'><strong>&amp;ripoinum</strong></span> <span class='ocrx_word' id='word_1_8' title='bbox 1710 490 1795 545; x_wconf 70' lang='lat' dir='ltr'><strong>maia</strong></span> 
     </span>
    </p>

    <p class='ocr_par' dir='ltr' id='par_1_3' title="bbox 369 575 1795 651">
     <span class='ocr_line' id='line_1_3' title="bbox 369 575 1795 651; baseline 0.004 -27"><span class='ocrx_word' id='word_1_9' title='bbox 369 589 433 649; x_wconf 62' lang='grc' dir='ltr'><strong>ΒΕ</strong></span> <span class='ocrx_word' id='word_1_10' title='bbox 452 588 473 650; x_wconf 78' lang='lat'>0</span> <span class='ocrx_word' id='word_1_11' title='bbox 493 589 517 646; x_wconf 75' lang='lat' dir='ltr'>T</span> <span class='ocrx_word' id='word_1_12' title='bbox 534 588 592 651; x_wconf 85' lang='lat'><strong>10</strong></span> <span class='ocrx_word' id='word_1_13' title='bbox 629 592 654 651; x_wconf 42' lang='grc' dir='ltr'><strong>Ι.</strong></span> <span class='ocrx_word' id='word_1_14' title='bbox 946 575 1067 649; x_wconf 60' lang='lat' dir='ltr'><strong>,dictum</strong></span> <span class='ocrx_word' id='word_1_15' title='bbox 1085 593 1143 629; x_wconf 84' lang='lat' dir='ltr'><strong>carn</strong></span> <span class='ocrx_word' id='word_1_16' title='bbox 1160 576 1360 644; x_wconf 69' lang='lat' dir='ltr'><strong>praesentiore,</strong></span> <span class='ocrx_word' id='word_1_17' title='bbox 1387 576 1437 643; x_wconf 81' lang='lat' dir='ltr'><strong>qui</strong></span> <span class='ocrx_word' id='word_1_18' title='bbox 1452 593 1509 628; x_wconf 88' lang='lat' dir='ltr'><strong>non</strong></span> <span class='ocrx_word' id='word_1_19' title='bbox 1528 576 1667 642; x_wconf 66' lang='lat' dir='ltr'><strong>percussi</strong></span> <span class='ocrx_word' id='word_1_20' title='bbox 1686 593 1795 639; x_wconf 78' lang='lat' dir='ltr'><strong>mascu-</strong></span> 
     </span>
    </p>

    <p class='ocr_par' dir='ltr' id='par_1_4' title="bbox 561 659 1795 739">
     <span class='ocr_line' id='line_1_4' title="bbox 561 659 1795 739; baseline 0.006 -30"><span class='ocrx_word' id='word_1_21' title='bbox 561 688 564 692; x_wconf 91' lang='lat'>·</span> <span class='ocrx_word' id='word_1_22' title='bbox 946 659 1017 739; x_wconf 65' lang='lat' dir='ltr'><strong>glum</strong></span> <span class='ocrx_word' id='word_1_23' title='bbox 1038 662 1068 714; x_wconf 91' lang='lat' dir='ltr'><strong>in</strong></span> <span class='ocrx_word' id='word_1_24' title='bbox 1084 661 1185 714; x_wconf 68' lang='lat' dir='ltr'><strong>Iunii.</strong></span> <span class='ocrx_word' id='word_1_25' title='bbox 1227 659 1334 716; x_wconf 86' lang='lat' dir='ltr'><strong>Similia</strong></span> <span class='ocrx_word' id='word_1_26' title='bbox 1358 668 1508 717; x_wconf 85' lang='lat' dir='ltr'><strong>occurrunt</strong></span> <span class='ocrx_word' id='word_1_27' title='bbox 1530 662 1606 732; x_wconf 91' lang='lat' dir='ltr'><strong>apud</strong></span> <span class='ocrx_word' id='word_1_28' title='bbox 1631 660 1795 732; x_wconf 82' lang='lat' dir='ltr'><strong>Chryeosto·</strong></span> 
     </span>
    </p>

    <p class='ocr_par' dir='ltr' id='par_1_5' title="bbox 316 744 1796 816">
     <span class='ocr_line' id='line_1_5' title="bbox 316 744 1796 816; baseline 0.005 -19"><span class='ocrx_word' id='word_1_29' title='bbox 316 744 379 809; x_wconf 81' lang='lat' dir='ltr'><strong>DE</strong></span> <span class='ocrx_word' id='word_1_30' title='bbox 412 745 717 811; x_wconf 75' lang='lat' dir='ltr'><strong>COELIBATU¹</strong></span> <span class='ocrx_word' id='word_1_31' title='bbox 945 748 1050 814; x_wconf 75' lang='lat' dir='ltr'><strong>imum,</strong></span> <span class='ocrx_word' id='word_1_32' title='bbox 1074 744 1277 816; x_wconf 65' lang='lat' dir='ltr'><strong>augustinum,</strong></span> <span class='ocrx_word' id='word_1_33' title='bbox 1300 746 1506 802; x_wconf 86' lang='lat' dir='ltr'><strong>Damascenum</strong></span> <span class='ocrx_word' id='word_1_34' title='bbox 1531 756 1583 803; x_wconf 92' lang='lat' dir='ltr'><strong>etc.</strong></span> <span class='ocrx_word' id='word_1_35' title='bbox 1611 749 1660 803; x_wconf 90' lang='lat' dir='ltr'><strong>sed</strong></span> <span class='ocrx_word' id='word_1_36' title='bbox 1685 764 1718 802; x_wconf 85' lang='lat' dir='ltr'><strong>ex</strong></span> <span class='ocrx_word' id='word_1_37' title='bbox 1737 755 1796 804; x_wconf 85' lang='lat' dir='ltr'><strong>tota</strong></span> 
     </span>
    </p>

    <p class='ocr_par' dir='ltr' id='par_1_6' title="bbox 945 820 1795 905">
     <span class='ocr_line' id='line_1_6' title="bbox 945 820 1795 905; baseline 0.004 -21"><span class='ocrx_word' id='word_1_38' title='bbox 945 820 1104 900; x_wconf 63' lang='lat' dir='ltr'><strong>{Scriptura</strong></span> <span class='ocrx_word' id='word_1_39' title='bbox 1130 850 1186 887; x_wconf 87' lang='lat' dir='ltr'><strong>non</strong></span> <span class='ocrx_word' id='word_1_40' title='bbox 1210 840 1303 902; x_wconf 89' lang='lat' dir='ltr'><strong>potest</strong></span> <span class='ocrx_word' id='word_1_41' title='bbox 1330 833 1408 888; x_wconf 93' lang='lat' dir='ltr'><strong>locus</strong></span> <span class='ocrx_word' id='word_1_42' title='bbox 1433 834 1533 905; x_wconf 86' lang='lat' dir='ltr'><strong>aliquis</strong></span> <span class='ocrx_word' id='word_1_43' title='bbox 1551 833 1660 902; x_wconf 86' lang='lat' dir='ltr'><strong>efferri,</strong></span> <span class='ocrx_word' id='word_1_44' title='bbox 1687 834 1736 904; x_wconf 88' lang='lat' dir='ltr'><strong>qui</strong></span> <span class='ocrx_word' id='word_1_45' title='bbox 1767 835 1795 887; x_wconf 92' lang='lat' dir='ltr'><strong>id</strong></span> 
     </span>
    </p>

    <p class='ocr_par' dir='ltr' id='par_1_7' title="bbox 133 910 1795 995">
     <span class='ocr_line' id='line_1_7' title="bbox 133 910 1795 995; baseline 0.005 -30"><span class='ocrx_word' id='word_1_46' title='bbox 133 916 191 966; x_wconf 79' lang='lat' dir='ltr'><strong>tes.</strong></span> <span class='ocrx_word' id='word_1_47' title='bbox 230 914 354 967; x_wconf 71' lang='lat' dir='ltr'><strong>coctiora</strong></span> <span class='ocrx_word' id='word_1_48' title='bbox 378 913 581 984; x_wconf 76' lang='lat' dir='ltr'>Hieronymus,</span> <span class='ocrx_word' id='word_1_49' title='bbox 605 932 722 983; x_wconf 87' lang='lat' dir='ltr'><strong>magnus</strong></span> <span class='ocrx_word' id='word_1_50' title='bbox 746 912 793 966; x_wconf 91' lang='lat' dir='ltr'><strong>ille</strong></span> <span class='ocrx_word' id='word_1_51' title='bbox 812 910 932 965; x_wconf 83' lang='lat' dir='ltr'><strong>coeliba-</strong></span> <span class='ocrx_word' id='word_1_52' title='bbox 944 915 1065 995; x_wconf 40' lang='lat' dir='ltr'><strong>*probet</strong></span> <span class='ocrx_word' id='word_1_53' title='bbox 1095 918 1129 971; x_wconf 89' lang='lat' dir='ltr'><strong>lu</strong></span> <span class='ocrx_word' id='word_1_54' title='bbox 1147 917 1246 972; x_wconf 86' lang='lat' dir='ltr'><strong>Oreste</strong></span> <span class='ocrx_word' id='word_1_55' title='bbox 1265 918 1408 988; x_wconf 76' lang='lat' dir='ltr'><strong>Euripidis</strong></span> <span class='ocrx_word' id='word_1_56' title='bbox 1426 919 1534 974; x_wconf 88' lang='lat' dir='ltr'><strong>Helena</strong></span> <span class='ocrx_word' id='word_1_57' title='bbox 1551 919 1678 973; x_wconf 87' lang='lat' dir='ltr'><strong>Electrae</strong></span> <span class='ocrx_word' id='word_1_58' title='bbox 1700 919 1795 989; x_wconf 87' lang='lat' dir='ltr'><strong>probri</strong></span> 
     </span>
    </p>

    <p class='ocr_par' dir='ltr' id='par_1_8' title="bbox 45 997 1795 3565">
     <span class='ocr_line' id='line_1_8' title="bbox 45 997 1792 1076; baseline 0.005 -27"><span class='ocrx_word' id='word_1_59' title='bbox 45 1041 55 1050; x_wconf 93' lang='lat'><em>.</em></span> <span class='ocrx_word' id='word_1_60' title='bbox 96 1002 143 1050; x_wconf 89' lang='lat' dir='ltr'><strong>tus</strong></span> <span class='ocrx_word' id='word_1_61' title='bbox 162 998 321 1060; x_wconf 77' lang='lat' dir='ltr'><strong>admirator.</strong></span> <span class='ocrx_word' id='word_1_62' title='bbox 342 999 430 1056; x_wconf 89' lang='lat' dir='ltr'><strong>dictos</strong></span> <span class='ocrx_word' id='word_1_63' title='bbox 451 1007 532 1069; x_wconf 88' lang='lat' dir='ltr'><strong>putat</strong></span> <span class='ocrx_word' id='word_1_64' title='bbox 551 1017 584 1054; x_wconf 87' lang='lat' dir='ltr'><strong>ex</strong></span> <span class='ocrx_word' id='word_1_65' title='bbox 603 1002 740 1068; x_wconf 80' lang='lat' dir='ltr'><strong>eoquod</strong></span> <span class='ocrx_word' id='word_1_66' title='bbox 758 998 836 1052; x_wconf 88' lang='lat' dir='ltr'><strong>cocio</strong></span> <span class='ocrx_word' id='word_1_67' title='bbox 849 997 933 1065; x_wconf 72' lang='lat' dir='ltr'><strong>‹iipni</strong></span> <span class='ocrx_word' id='word_1_68' title='bbox 945 1032 947 1051; x_wconf 68' lang='lat'>÷</span> <span class='ocrx_word' id='word_1_69' title='bbox 960 1001 1020 1056; x_wconf 90' lang='lat' dir='ltr'><strong>loco</strong></span> <span class='ocrx_word' id='word_1_70' title='bbox 1040 1003 1145 1072; x_wconf 85' lang='lat' dir='ltr'><strong>objicit,</strong></span> <span class='ocrx_word' id='word_1_71' title='bbox 1164 1005 1241 1072; x_wconf 79' lang='lat' dir='ltr'><strong>quoa</strong></span> <span class='ocrx_word' id='word_1_72' title='bbox 1252 1005 1371 1072; x_wconf 82' lang='lat' dir='ltr'><strong>jamdiu</strong></span> <span class='ocrx_word' id='word_1_73' title='bbox 1385 1012 1553 1072; x_wconf 84' lang='lat' dir='ltr'><strong>permaneat</strong></span> <span class='ocrx_word' id='word_1_74' title='bbox 1566 1006 1653 1073; x_wconf 74' lang='lat' dir='ltr'><strong>uirgo,</strong></span> <span class='ocrx_word' id='word_1_75' title='bbox 1668 1008 1792 1076; x_wconf 74' lang='lat' dir='ltr'><strong>nepotes</strong></span> 
     </span>
     <span class='ocr_line' id='line_1_9' title="bbox 45 1058 1789 1174; baseline 0.005 -40"><span class='ocrx_word' id='word_1_76' title='bbox 45 1078 80 1174; x_wconf 56' lang='grc'><strong>3</strong></span> <span class='ocrx_word' id='word_1_77' title='bbox 95 1083 153 1135; x_wconf 78' lang='lat' dir='ltr'><strong>sint</strong></span> <span class='ocrx_word' id='word_1_78' title='bbox 173 1082 222 1139; x_wconf 90' lang='lat' dir='ltr'><strong>lib.</strong></span> <span class='ocrx_word' id='word_1_79' title='bbox 243 1090 267 1139; x_wconf 79' lang='lat'><strong>2.</strong></span> <span class='ocrx_word' id='word_1_80' title='bbox 293 1086 355 1140; x_wconf 80' lang='lat' dir='ltr'><strong>adv.</strong></span> <span class='ocrx_word' id='word_1_81' title='bbox 382 1086 473 1142; x_wconf 80' lang='lat' dir='ltr'><strong>iovin.</strong></span> <span class='ocrx_word' id='word_1_82' title='bbox 499 1103 560 1157; x_wconf 88' lang='lat' dir='ltr'><strong>cap.</strong></span> <span class='ocrx_word' id='word_1_83' title='bbox 586 1095 622 1142; x_wconf 79' lang='lat' dir='ltr'><strong>iii.</strong></span> <span class='ocrx_word' id='word_1_84' title='bbox 653 1087 728 1141; x_wconf 87' lang='lat' dir='ltr'><strong>circa</strong></span> <span class='ocrx_word' id='word_1_85' title='bbox 750 1083 797 1139; x_wconf 87' lang='lat' dir='ltr'><strong>fin.</strong></span> <span class='ocrx_word' id='word_1_86' title='bbox 840 1058 1119 1161; x_wconf 65' lang='lat' dir='ltr'><strong>Aliamluaapiroir</strong></span> <span class='ocrx_word' id='word_1_87' title='bbox 1137 1091 1224 1162; x_wconf 68' lang='grc' dir='ltr'><strong><em>μῆκος</em></strong></span> <span class='ocrx_word' id='word_1_88' title='bbox 1244 1090 1376 1163; x_wconf 72' lang='grc' dir='ltr'><strong>Ἠλέκτρα</strong></span> <span class='ocrx_word' id='word_1_89' title='bbox 1390 1088 1506 1159; x_wconf 78' lang='grc' dir='ltr'><em>χρόνον.</em></span> <span class='ocrx_word' id='word_1_90' title='bbox 1549 1090 1701 1145; x_wconf 87' lang='lat' dir='ltr'><strong>Mercurius</strong></span> <span class='ocrx_word' id='word_1_91' title='bbox 1718 1088 1789 1143; x_wconf 83' lang='lat' dir='ltr'><strong>Tris·</strong></span> 
     </span>
     <span class='ocr_line' id='line_1_10' title="bbox 95 1156 1792 1269; baseline -0.001 -45"><span class='ocrx_word' id='word_1_92' title='bbox 95 1169 280 1241; x_wconf 83' lang='lat' dir='ltr'><strong>etymologiae</strong></span> <span class='ocrx_word' id='word_1_93' title='bbox 303 1172 438 1227; x_wconf 77' lang='lat' dir='ltr'><strong>rationem</strong></span> <span class='ocrx_word' id='word_1_94' title='bbox 469 1172 563 1227; x_wconf 83' lang='lat' dir='ltr'><strong>videre</strong></span> <span class='ocrx_word' id='word_1_95' title='bbox 592 1179 634 1227; x_wconf 80' lang='lat' dir='ltr'><strong>est</strong></span> <span class='ocrx_word' id='word_1_96' title='bbox 664 1173 693 1226; x_wconf 88' lang='lat' dir='ltr'><strong>iu</strong></span> <span class='ocrx_word' id='word_1_97' title='bbox 720 1171 757 1242; x_wconf 82' lang='lat' dir='ltr'><strong>gl.</strong></span> <span class='ocrx_word' id='word_1_98' title='bbox 785 1156 1091 1269; x_wconf 58' lang='lat' dir='ltr'><strong>marginalilmegietur</strong></span> <span class='ocrx_word' id='word_1_99' title='bbox 1112 1175 1140 1228; x_wconf 86' lang='lat' dir='ltr'><strong>in</strong></span> <span class='ocrx_word' id='word_1_100' title='bbox 1160 1173 1342 1230; x_wconf 80' lang='lat' dir='ltr'><strong>fineeeenndi</strong></span> <span class='ocrx_word' id='word_1_101' title='bbox 1357 1192 1437 1231; x_wconf 72' lang='lat' dir='ltr'><strong>serm,</strong></span> <span class='ocrx_word' id='word_1_102' title='bbox 1456 1192 1527 1244; x_wconf 75' lang='lat' dir='ltr'><strong>enm,</strong></span> <span class='ocrx_word' id='word_1_103' title='bbox 1548 1175 1597 1242; x_wconf 78' lang='lat' dir='ltr'><strong>qni</strong></span> <span class='ocrx_word' id='word_1_104' title='bbox 1613 1166 1718 1228; x_wconf 56' lang='lat' dir='ltr'><strong>&amp;beroe</strong></span> <span class='ocrx_word' id='word_1_105' title='bbox 1734 1192 1792 1226; x_wconf 86' lang='lat' dir='ltr'><strong>non</strong></span> 
     </span>
     <span class='ocr_line' id='line_1_11' title="bbox 94 1256 1792 1341; baseline 0.002 -32"><span class='ocrx_word' id='word_1_106' title='bbox 94 1256 171 1326; x_wconf 89' lang='lat' dir='ltr'><strong>apud</strong></span> <span class='ocrx_word' id='word_1_107' title='bbox 189 1257 378 1328; x_wconf 83' lang='lat' dir='ltr'><strong>Augustinum</strong></span> <span class='ocrx_word' id='word_1_108' title='bbox 396 1258 458 1315; x_wconf 92' lang='lat' dir='ltr'><strong>libr.</strong></span> <span class='ocrx_word' id='word_1_109' title='bbox 478 1259 512 1313; x_wconf 92' lang='lat' dir='ltr'><strong>de</strong></span> <span class='ocrx_word' id='word_1_110' title='bbox 530 1265 675 1329; x_wconf 87' lang='lat' dir='ltr'><strong>grammat.</strong></span> <span class='ocrx_word' id='word_1_111' title='bbox 688 1267 754 1314; x_wconf 91' lang='lat' dir='ltr'><strong>tom.</strong></span> <span class='ocrx_word' id='word_1_112' title='bbox 772 1264 792 1313; x_wconf 91' lang='lat' dir='ltr'><strong>l.</strong></span> <span class='ocrx_word' id='word_1_113' title='bbox 812 1256 863 1311; x_wconf 89' lang='lat' dir='ltr'><strong>col.</strong></span> <span class='ocrx_word' id='word_1_114' title='bbox 885 1260 931 1310; x_wconf 87' lang='lat'><strong>51:</strong></span> <span class='ocrx_word' id='word_1_115' title='bbox 944 1274 947 1341; x_wconf 63' lang='lat' dir='ltr'>j</span> <span class='ocrx_word' id='word_1_116' title='bbox 958 1262 1091 1328; x_wconf 75' lang='lat' dir='ltr'><strong>penuarit,</strong></span> <span class='ocrx_word' id='word_1_117' title='bbox 1109 1279 1165 1314; x_wconf 89' lang='lat' dir='ltr'><strong>non</strong></span> <span class='ocrx_word' id='word_1_118' title='bbox 1183 1262 1274 1314; x_wconf 85' lang='lat' dir='ltr'><strong>solnm</strong></span> <span class='ocrx_word' id='word_1_119' title='bbox 1292 1261 1436 1325; x_wconf 71' lang='lat' dir='ltr'><strong>infelicem</strong></span> <span class='ocrx_word' id='word_1_120' title='bbox 1449 1262 1626 1330; x_wconf 70' lang='lat' dir='ltr'><strong>pronuntiat,</strong></span> <span class='ocrx_word' id='word_1_121' title='bbox 1645 1262 1697 1313; x_wconf 80' lang='lat' dir='ltr'><strong>scri</strong></span> <span class='ocrx_word' id='word_1_122' title='bbox 1709 1261 1792 1312; x_wconf 86' lang='lat' dir='ltr'><strong>etium</strong></span> 
     </span>
     <span class='ocr_line' id='line_1_12' title="bbox 96 1339 1795 1419; baseline 0.002 -25"><span class='ocrx_word' id='word_1_123' title='bbox 96 1341 224 1395; x_wconf 78' lang='lat' dir='ltr'><strong>Oeclides</strong></span> <span class='ocrx_word' id='word_1_124' title='bbox 246 1345 330 1410; x_wconf 78' lang='lat' dir='ltr'><strong>quari</strong></span> <span class='ocrx_word' id='word_1_125' title='bbox 353 1344 466 1398; x_wconf 83' lang='lat' dir='ltr'><strong>coclites</strong></span> <span class='ocrx_word' id='word_1_126' title='bbox 489 1344 560 1397; x_wconf 80' lang='lat' dir='ltr'><strong>dicti</strong></span> <span class='ocrx_word' id='word_1_127' title='bbox 575 1346 667 1413; x_wconf 76' lang='lat' dir='ltr'><strong>prisci</strong></span> <span class='ocrx_word' id='word_1_128' title='bbox 686 1351 800 1413; x_wconf 86' lang='lat' dir='ltr'><strong>putant,</strong></span> <span class='ocrx_word' id='word_1_129' title='bbox 831 1339 1076 1418; x_wconf 61' lang='lat' dir='ltr'><strong>quibusqimpium</strong></span> <span class='ocrx_word' id='word_1_130' title='bbox 1101 1356 1126 1400; x_wconf 76' lang='lat' dir='ltr'><strong>er</strong></span> <span class='ocrx_word' id='word_1_131' title='bbox 1153 1349 1183 1400; x_wconf 75' lang='lat' dir='ltr'><strong>in</strong></span> <span class='ocrx_word' id='word_1_132' title='bbox 1211 1365 1277 1400; x_wconf 83' lang='lat' dir='ltr'><strong>orco</strong></span> <span class='ocrx_word' id='word_1_133' title='bbox 1304 1349 1405 1416; x_wconf 84' lang='lat' dir='ltr'><strong>poenis</strong></span> <span class='ocrx_word' id='word_1_134' title='bbox 1431 1349 1630 1415; x_wconf 75' lang='lat' dir='ltr'><strong>afficiendum,</strong></span> <span class='ocrx_word' id='word_1_135' title='bbox 1659 1350 1795 1419; x_wconf 63' lang='grc' dir='ltr'><strong>μέγιστον</strong></span> 
     </span>
     <span class='ocr_line' id='line_1_13' title="bbox 92 1416 1794 1505; baseline 0.002 -26"><span class='ocrx_word' id='word_1_136' title='bbox 92 1426 187 1481; x_wconf 85' lang='lat' dir='ltr'><strong>verbis</strong></span> <span class='ocrx_word' id='word_1_137' title='bbox 207 1427 344 1498; x_wconf 74' lang='lat' dir='ltr'><strong>glossator</strong></span> <span class='ocrx_word' id='word_1_138' title='bbox 361 1429 514 1500; x_wconf 71' lang='lat' dir='ltr'><strong>Augustini</strong></span> <span class='ocrx_word' id='word_1_139' title='bbox 542 1429 731 1484; x_wconf 87' lang='lat' dir='ltr'><strong>definitionem</strong></span> <span class='ocrx_word' id='word_1_140' title='bbox 757 1429 786 1482; x_wconf 88' lang='lat' dir='ltr'><strong>in</strong></span> <span class='ocrx_word' id='word_1_141' title='bbox 801 1433 932 1481; x_wconf 87' lang='lat' dir='ltr'><strong>contextu</strong></span> <span class='ocrx_word' id='word_1_142' title='bbox 943 1416 947 1457; x_wconf 76' lang='lat'><strong>¹·</strong></span> <span class='ocrx_word' id='word_1_143' title='bbox 960 1433 1073 1502; x_wconf 79' lang='lat' dir='ltr'><strong>(inquit)</strong></span> <span class='ocrx_word' id='word_1_144' title='bbox 1090 1431 1217 1505; x_wconf 77' lang='grc' dir='ltr'><em>ἀτύχημα</em></span> <span class='ocrx_word' id='word_1_145' title='bbox 1240 1437 1286 1486; x_wconf 81' lang='grc' dir='ltr'><strong>καὶ</strong></span> <span class='ocrx_word' id='word_1_146' title='bbox 1311 1431 1437 1505; x_wconf 72' lang='grc' dir='ltr'>ἀσέβημά</span> <span class='ocrx_word' id='word_1_147' title='bbox 1462 1434 1538 1487; x_wconf 81' lang='lat' dir='ltr'><strong>ianr</strong></span> <span class='ocrx_word' id='word_1_148' title='bbox 1555 1431 1745 1487; x_wconf 70' lang='lat' dir='ltr'><strong>cirtercienses</strong></span> <span class='ocrx_word' id='word_1_149' title='bbox 1765 1434 1794 1494; x_wconf 70' lang='grc' dir='ltr'><strong>ἐξ</strong></span> 
     </span>
     <span class='ocr_line' id='line_1_14' title="bbox 93 1507 1794 1591; baseline 0.004 -27"><span class='ocrx_word' id='word_1_150' title='bbox 93 1512 176 1565; x_wconf 92' lang='lat' dir='ltr'><strong>sitam</strong></span> <span class='ocrx_word' id='word_1_151' title='bbox 201 1513 340 1584; x_wconf 85' lang='lat' dir='ltr'><strong>explicare</strong></span> <span class='ocrx_word' id='word_1_152' title='bbox 366 1514 469 1569; x_wconf 83' lang='lat' dir='ltr'><strong>voluit:</strong></span> <span class='ocrx_word' id='word_1_153' title='bbox 512 1516 626 1570; x_wconf 81' lang='lat' dir='ltr'><strong>Cociebe</strong></span> <span class='ocrx_word' id='word_1_154' title='bbox 653 1515 771 1579; x_wconf 81' lang='lat' dir='ltr'><strong>dicitur,</strong></span> <span class='ocrx_word' id='word_1_155' title='bbox 800 1513 850 1582; x_wconf 78' lang='lat' dir='ltr'><strong>qai</strong></span> <span class='ocrx_word' id='word_1_156' title='bbox 876 1526 932 1565; x_wconf 76' lang='lat' dir='ltr'><strong>aaa</strong></span> <span class='ocrx_word' id='word_1_157' title='bbox 958 1517 1117 1591; x_wconf 72' lang='grc' dir='ltr'><strong>ἀνθρώπων</strong></span> <span class='ocrx_word' id='word_1_158' title='bbox 1151 1517 1347 1589; x_wconf 72' lang='grc' dir='ltr'><strong>ἀπαλλαγῆναι</strong></span> <span class='ocrx_word' id='word_1_159' title='bbox 1380 1522 1427 1573; x_wconf 78' lang='grc' dir='ltr'><strong>καὶ</strong></span> <span class='ocrx_word' id='word_1_160' title='bbox 1465 1520 1545 1586; x_wconf 70' lang='grc' dir='ltr'><strong><em>δίκην</em></strong></span> <span class='ocrx_word' id='word_1_161' title='bbox 1581 1507 1660 1579; x_wconf 77' lang='grc' dir='ltr'><em>οὗτος</em></span> <span class='ocrx_word' id='word_1_162' title='bbox 1694 1518 1794 1571; x_wconf 76' lang='lat' dir='ltr'><strong>eroon</strong></span> 
     </span>
     <span class='ocr_line' id='line_1_15' title="bbox 91 1597 1788 1678; baseline 0.005 -28"><span class='ocrx_word' id='word_1_163' title='bbox 91 1597 176 1651; x_wconf 75' lang='lat' dir='ltr'><strong>babet</strong></span> <span class='ocrx_word' id='word_1_164' title='bbox 192 1616 319 1665; x_wconf 74' lang='lat' dir='ltr'><strong>uxorem,</strong></span> <span class='ocrx_word' id='word_1_165' title='bbox 341 1600 384 1654; x_wconf 78' lang='lat' dir='ltr'><strong>oei</strong></span> <span class='ocrx_word' id='word_1_166' title='bbox 405 1617 475 1668; x_wconf 82' lang='lat' dir='ltr'><strong>quac</strong></span> <span class='ocrx_word' id='word_1_167' title='bbox 493 1618 549 1653; x_wconf 89' lang='lat' dir='ltr'><strong>non</strong></span> <span class='ocrx_word' id='word_1_168' title='bbox 568 1601 651 1654; x_wconf 67' lang='lat' dir='ltr'><strong>haba</strong></span> <span class='ocrx_word' id='word_1_169' title='bbox 669 1601 811 1663; x_wconf 85' lang='lat' dir='ltr'><strong>maritum,</strong></span> <span class='ocrx_word' id='word_1_170' title='bbox 832 1597 931 1667; x_wconf 80' lang='lat' dir='ltr'><strong>qualia</strong></span> <span class='ocrx_word' id='word_1_171' title='bbox 956 1606 1026 1666; x_wconf 75' lang='grc' dir='ltr'><strong>μετὰ</strong></span> <span class='ocrx_word' id='word_1_172' title='bbox 1045 1603 1170 1660; x_wconf 75' lang='grc' dir='ltr'><em>θάνατον</em></span> <span class='ocrx_word' id='word_1_173' title='bbox 1197 1612 1252 1668; x_wconf 72' lang='grc' dir='ltr'><strong>τοῖς</strong></span> <span class='ocrx_word' id='word_1_174' title='bbox 1277 1606 1418 1678; x_wconf 77' lang='grc' dir='ltr'><strong><em>δαίμοσιν.</em></strong></span> <span class='ocrx_word' id='word_1_175' title='bbox 1456 1605 1542 1674; x_wconf 85' lang='lat' dir='ltr'>Apud</span> <span class='ocrx_word' id='word_1_176' title='bbox 1563 1605 1714 1674; x_wconf 77' lang='lat' dir='ltr'><strong>Spartanos</strong></span> <span class='ocrx_word' id='word_1_177' title='bbox 1731 1604 1788 1674; x_wconf 87' lang='lat' dir='ltr'><strong>Ly·</strong></span> 
     </span>
     <span class='ocr_line' id='line_1_16' title="bbox 90 1682 1792 1762; baseline 0.002 -26"><span class='ocrx_word' id='word_1_178' title='bbox 90 1692 158 1736; x_wconf 76' lang='lat' dir='ltr'><strong>ment</strong></span> <span class='ocrx_word' id='word_1_179' title='bbox 176 1686 293 1738; x_wconf 86' lang='lat' dir='ltr'><strong>numina</strong></span> <span class='ocrx_word' id='word_1_180' title='bbox 309 1686 340 1738; x_wconf 91' lang='lat' dir='ltr'><strong>in</strong></span> <span class='ocrx_word' id='word_1_181' title='bbox 360 1687 445 1747; x_wconf 83' lang='lat' dir='ltr'><strong>cocio,</strong></span> <span class='ocrx_word' id='word_1_182' title='bbox 463 1702 538 1753; x_wconf 85' lang='lat' dir='ltr'><strong>quae</strong></span> <span class='ocrx_word' id='word_1_183' title='bbox 553 1686 656 1754; x_wconf 59' lang='lat' dir='ltr'><strong>abque</strong></span> <span class='ocrx_word' id='word_1_184' title='bbox 676 1687 793 1755; x_wconf 74' lang='lat' dir='ltr'><strong>conjuge</strong></span> <span class='ocrx_word' id='word_1_185' title='bbox 810 1692 885 1751; x_wconf 79' lang='lat' dir='ltr'><strong>erint,</strong></span> <span class='ocrx_word' id='word_1_186' title='bbox 904 1682 932 1734; x_wconf 82' lang='lat' dir='ltr'><strong>ei</strong></span> <span class='ocrx_word' id='word_1_187' title='bbox 956 1708 1059 1762; x_wconf 59' lang='lat' dir='ltr'><strong>curgaa</strong></span> <span class='ocrx_word' id='word_1_188' title='bbox 1076 1691 1166 1762; x_wconf 68' lang='lat' dir='ltr'><strong>legem</strong></span> <span class='ocrx_word' id='word_1_189' title='bbox 1185 1692 1264 1755; x_wconf 77' lang='lat' dir='ltr'><strong>tulit,</strong></span> <span class='ocrx_word' id='word_1_190' title='bbox 1288 1709 1344 1760; x_wconf 74' lang='lat' dir='ltr'><strong>qua</strong></span> <span class='ocrx_word' id='word_1_191' title='bbox 1366 1692 1455 1745; x_wconf 74' lang='lat' dir='ltr'><strong>uitem</strong></span> <span class='ocrx_word' id='word_1_192' title='bbox 1481 1692 1613 1745; x_wconf 67' lang='lat' dir='ltr'><strong>honorem</strong></span> <span class='ocrx_word' id='word_1_193' title='bbox 1637 1692 1792 1745; x_wconf 72' lang='lat' dir='ltr'><strong>senioribus</strong></span> 
     </span>
     <span class='ocr_line' id='line_1_17' title="bbox 91 1768 1792 1845; baseline 0.004 -22"><span class='ocrx_word' id='word_1_194' title='bbox 91 1778 230 1839; x_wconf 69' lang='lat' dir='ltr'><strong>orarem</strong></span> <span class='ocrx_word' id='word_1_195' title='bbox 255 1775 441 1828; x_wconf 62' lang='lat' dir='ltr'><strong>mandamus.</strong></span> <span class='ocrx_word' id='word_1_196' title='bbox 462 1770 618 1842; x_wconf 67' lang='lat' dir='ltr'><strong>tirannis!</strong></span> <span class='ocrx_word' id='word_1_197' title='bbox 637 1777 761 1842; x_wconf 83' lang='lat' dir='ltr'><strong>tempore</strong></span> <span class='ocrx_word' id='word_1_198' title='bbox 780 1768 933 1841; x_wconf 73' lang='lat' dir='ltr'><strong>Augustini</strong></span> <span class='ocrx_word' id='word_1_199' title='bbox 957 1777 987 1829; x_wconf 85' lang='lat' dir='ltr'><strong>in</strong></span> <span class='ocrx_word' id='word_1_200' title='bbox 1006 1777 1066 1830; x_wconf 85' lang='lat' dir='ltr'><strong>uita</strong></span> <span class='ocrx_word' id='word_1_201' title='bbox 1085 1779 1189 1831; x_wconf 84' lang='lat' dir='ltr'><strong>coelibe</strong></span> <span class='ocrx_word' id='word_1_202' title='bbox 1211 1778 1367 1831; x_wconf 72' lang='lat' dir='ltr'><strong>connitutie</strong></span> <span class='ocrx_word' id='word_1_203' title='bbox 1394 1793 1413 1828; x_wconf 91' lang='lat' dir='ltr'><strong>a</strong></span> <span class='ocrx_word' id='word_1_204' title='bbox 1424 1777 1589 1845; x_wconf 80' lang='lat' dir='ltr'><strong>junioribus</strong></span> <span class='ocrx_word' id='word_1_205' title='bbox 1610 1777 1792 1831; x_wconf 76' lang='lat' dir='ltr'><strong>cohibendum</strong></span> 
     </span>
     <span class='ocr_line' id='line_1_18' title="bbox 92 1855 1791 1945; baseline 0.001 -36"><span class='ocrx_word' id='word_1_206' title='bbox 92 1855 261 1911; x_wconf 77' lang='lat' dir='ltr'><strong>dicebantur</strong></span> <span class='ocrx_word' id='word_1_207' title='bbox 276 1857 463 1926; x_wconf 76' lang='lat' dir='ltr'><strong>concubinae,</strong></span> <span class='ocrx_word' id='word_1_208' title='bbox 490 1875 559 1928; x_wconf 86' lang='lat' dir='ltr'><strong>quas</strong></span> <span class='ocrx_word' id='word_1_209' title='bbox 587 1858 639 1912; x_wconf 91' lang='lat' dir='ltr'><strong>hoc</strong></span> <span class='ocrx_word' id='word_1_210' title='bbox 657 1858 768 1912; x_wconf 89' lang='lat' dir='ltr'><strong>nomine</strong></span> <span class='ocrx_word' id='word_1_211' title='bbox 787 1856 879 1912; x_wconf 88' lang='lat' dir='ltr'><strong>clerici</strong></span> <span class='ocrx_word' id='word_1_212' title='bbox 897 1871 931 1908; x_wconf 92' lang='lat' dir='ltr'><strong>ac</strong></span> <span class='ocrx_word' id='word_1_213' title='bbox 942 1867 946 1945; x_wconf 71' lang='grc' dir='ltr'>ι</span> <span class='ocrx_word' id='word_1_214' title='bbox 957 1878 1016 1916; x_wconf 64' lang='lat'><strong>0030</strong></span> <span class='ocrx_word' id='word_1_215' title='bbox 1034 1863 1240 1933; x_wconf 60' lang='lat' dir='ltr'><strong>prohibebatur.</strong></span> <span class='ocrx_word' id='word_1_216' title='bbox 1281 1862 1381 1917; x_wconf 66' lang='lat' dir='ltr'><strong>strabo</strong></span> <span class='ocrx_word' id='word_1_217' title='bbox 1398 1863 1415 1915; x_wconf 86' lang='lat'><strong>1.</strong></span> <span class='ocrx_word' id='word_1_218' title='bbox 1429 1870 1452 1917; x_wconf 81' lang='lat' dir='ltr'><strong>i.</strong></span> <span class='ocrx_word' id='word_1_219' title='bbox 1470 1861 1592 1917; x_wconf 68' lang='lat' dir='ltr'><strong>coelibes</strong></span> <span class='ocrx_word' id='word_1_220' title='bbox 1611 1867 1693 1918; x_wconf 70' lang='lat' dir='ltr'><strong>vocat</strong></span> <span class='ocrx_word' id='word_1_221' title='bbox 1710 1863 1791 1916; x_wconf 69' lang='lat' dir='ltr'><strong>remi-</strong></span> 
     </span>
     <span class='ocr_line' id='line_1_19' title="bbox 92 1940 1792 2017; baseline 0.004 -22"><span class='ocrx_word' id='word_1_222' title='bbox 92 1940 221 1996; x_wconf 89' lang='lat' dir='ltr'><strong>monachi</strong></span> <span class='ocrx_word' id='word_1_223' title='bbox 233 1942 385 2014; x_wconf 78' lang='lat' dir='ltr'><strong>tegebant.)</strong></span> <span class='ocrx_word' id='word_1_224' title='bbox 418 1942 542 2013; x_wconf 74' lang='lat' dir='ltr'><strong>Respicit</strong></span> <span class='ocrx_word' id='word_1_225' title='bbox 560 1960 625 1999; x_wconf 87' lang='lat' dir='ltr'><strong>vero</strong></span> <span class='ocrx_word' id='word_1_226' title='bbox 640 1943 815 2013; x_wconf 82' lang='lat' dir='ltr'><strong>Augustinus</strong></span> <span class='ocrx_word' id='word_1_227' title='bbox 832 1941 877 1996; x_wconf 81' lang='lat' dir='ltr'><strong>vel</strong></span> <span class='ocrx_word' id='word_1_228' title='bbox 895 1941 932 1994; x_wconf 71' lang='lat' dir='ltr'><strong>ad</strong></span> <span class='ocrx_word' id='word_1_229' title='bbox 956 1947 1047 2013; x_wconf 79' lang='lat' dir='ltr'><strong>oinos,</strong></span> <span class='ocrx_word' id='word_1_230' title='bbox 1070 1950 1300 2003; x_wconf 78' lang='lat' dir='ltr'><strong>vitaehumanae</strong></span> <span class='ocrx_word' id='word_1_231' title='bbox 1319 1966 1424 2017; x_wconf 85' lang='lat' dir='ltr'><strong>parum</strong></span> <span class='ocrx_word' id='word_1_232' title='bbox 1447 1948 1530 2001; x_wconf 82' lang='lat' dir='ltr'><strong>utiles</strong></span> <span class='ocrx_word' id='word_1_233' title='bbox 1549 1955 1576 2000; x_wconf 85' lang='lat' dir='ltr'><strong>et</strong></span> <span class='ocrx_word' id='word_1_234' title='bbox 1593 1948 1694 2001; x_wconf 79' lang='lat' dir='ltr'><strong>dictiue</strong></span> <span class='ocrx_word' id='word_1_235' title='bbox 1712 1948 1792 2002; x_wconf 82' lang='lat' dir='ltr'><strong>lucis.</strong></span> 
     </span>
     <span class='ocr_line' id='line_1_20' title="bbox 91 2027 1793 2105; baseline -0.004 -13"><span class='ocrx_word' id='word_1_236' title='bbox 91 2027 193 2084; x_wconf 61' lang='lat' dir='ltr'><strong>ficlilia</strong></span> <span class='ocrx_word' id='word_1_237' title='bbox 217 2028 388 2085; x_wconf 67' lang='lat' dir='ltr'><strong>ethnicorum</strong></span> <span class='ocrx_word' id='word_1_238' title='bbox 414 2030 542 2093; x_wconf 65' lang='lat' dir='ltr'><strong>numina,</strong></span> <span class='ocrx_word' id='word_1_239' title='bbox 571 2046 642 2100; x_wconf 69' lang='lat' dir='ltr'><strong>qliae</strong></span> <span class='ocrx_word' id='word_1_240' title='bbox 668 2036 746 2086; x_wconf 69' lang='lat' dir='ltr'><strong>extre</strong></span> <span class='ocrx_word' id='word_1_241' title='bbox 771 2027 932 2098; x_wconf 70' lang='lat' dir='ltr'><strong>eonjiigium</strong></span> <span class='ocrx_word' id='word_1_242' title='bbox 957 2033 1013 2089; x_wconf 86' lang='lat' dir='ltr'><strong>Sed</strong></span> <span class='ocrx_word' id='word_1_243' title='bbox 1036 2034 1111 2089; x_wconf 91' lang='lat' dir='ltr'><strong>bisce</strong></span> <span class='ocrx_word' id='word_1_244' title='bbox 1135 2033 1308 2090; x_wconf 79' lang='lat' dir='ltr'><strong>iudaeorum</strong></span> <span class='ocrx_word' id='word_1_245' title='bbox 1333 2039 1362 2088; x_wconf 92' lang='lat' dir='ltr'><strong>et</strong></span> <span class='ocrx_word' id='word_1_246' title='bbox 1385 2032 1532 2105; x_wconf 85' lang='lat' dir='ltr'><strong>gentilium</strong></span> <span class='ocrx_word' id='word_1_247' title='bbox 1556 2032 1793 2088; x_wconf 73' lang='lat' dir='ltr'><strong>criminationibus</strong></span> 
     </span>
     <span class='ocr_line' id='line_1_21' title="bbox 93 2114 1791 2191; baseline -0.001 -22"><span class='ocrx_word' id='word_1_248' title='bbox 93 2115 209 2186; x_wconf 90' lang='lat' dir='ltr'><strong>quidem</strong></span> <span class='ocrx_word' id='word_1_249' title='bbox 240 2116 352 2182; x_wconf 79' lang='lat' dir='ltr'><strong>vivunt,</strong></span> <span class='ocrx_word' id='word_1_250' title='bbox 379 2115 486 2171; x_wconf 87' lang='lat' dir='ltr'><strong>interim</strong></span> <span class='ocrx_word' id='word_1_251' title='bbox 514 2117 617 2186; x_wconf 91' lang='lat' dir='ltr'><strong>stupris</strong></span> <span class='ocrx_word' id='word_1_252' title='bbox 641 2120 670 2169; x_wconf 86' lang='lat' dir='ltr'><strong>et</strong></span> <span class='ocrx_word' id='word_1_253' title='bbox 697 2114 841 2169; x_wconf 90' lang='lat' dir='ltr'><strong>adulteriis</strong></span> <span class='ocrx_word' id='word_1_254' title='bbox 870 2119 1123 2191; x_wconf 50' lang='lat' dir='ltr'><strong>seseqopponenda</strong></span> <span class='ocrx_word' id='word_1_255' title='bbox 1140 2126 1183 2175; x_wconf 72' lang='lat' dir='ltr'><strong>ert</strong></span> <span class='ocrx_word' id='word_1_256' title='bbox 1199 2120 1325 2174; x_wconf 73' lang='lat' dir='ltr'><strong>doctrina</strong></span> <span class='ocrx_word' id='word_1_257' title='bbox 1343 2117 1580 2182; x_wconf 76' lang='lat' dir='ltr'><strong>vereeeeclesiae,</strong></span> <span class='ocrx_word' id='word_1_258' title='bbox 1599 2117 1674 2190; x_wconf 88' lang='lat' dir='ltr'><strong>quod</strong></span> <span class='ocrx_word' id='word_1_259' title='bbox 1686 2127 1791 2174; x_wconf 80' lang='lat' dir='ltr'><strong>utrum-</strong></span> 
     </span>
     <span class='ocr_line' id='line_1_22' title="bbox 90 2194 1793 2277; baseline 0.001 -22"><span class='ocrx_word' id='word_1_260' title='bbox 90 2201 295 2257; x_wconf 88' lang='lat' dir='ltr'><strong>commaculare</strong></span> <span class='ocrx_word' id='word_1_261' title='bbox 313 2201 471 2272; x_wconf 90' lang='lat' dir='ltr'><strong>finguntur,</strong></span> <span class='ocrx_word' id='word_1_262' title='bbox 494 2200 539 2254; x_wconf 83' lang='lat' dir='ltr'><strong>vel</strong></span> <span class='ocrx_word' id='word_1_263' title='bbox 557 2201 592 2254; x_wconf 84' lang='lat' dir='ltr'><strong>ed</strong></span> <span class='ocrx_word' id='word_1_264' title='bbox 610 2201 725 2271; x_wconf 89' lang='lat' dir='ltr'><strong>angelos</strong></span> <span class='ocrx_word' id='word_1_265' title='bbox 750 2199 878 2267; x_wconf 87' lang='lat' dir='ltr'><strong>coelites,</strong></span> <span class='ocrx_word' id='word_1_266' title='bbox 894 2198 930 2254; x_wconf 90' lang='lat' dir='ltr'><strong>dc</strong></span> <span class='ocrx_word' id='word_1_267' title='bbox 943 2194 945 2205; x_wconf 88' lang='lat'>&#39;</span> <span class='ocrx_word' id='word_1_268' title='bbox 959 2222 1013 2276; x_wconf 92' lang='lat' dir='ltr'><strong>que</strong></span> <span class='ocrx_word' id='word_1_269' title='bbox 1030 2207 1104 2261; x_wconf 82' lang='lat' dir='ltr'><strong>vitae</strong></span> <span class='ocrx_word' id='word_1_270' title='bbox 1121 2223 1218 2277; x_wconf 88' lang='lat' dir='ltr'><strong>genus,</strong></span> <span class='ocrx_word' id='word_1_271' title='bbox 1237 2212 1293 2259; x_wconf 85' lang='lat' dir='ltr'><strong>tum</strong></span> <span class='ocrx_word' id='word_1_272' title='bbox 1309 2204 1422 2260; x_wconf 90' lang='lat' dir='ltr'><strong>coelibis</strong></span> <span class='ocrx_word' id='word_1_273' title='bbox 1440 2220 1523 2276; x_wconf 92' lang='lat' dir='ltr'><strong>quam</strong></span> <span class='ocrx_word' id='word_1_274' title='bbox 1548 2204 1714 2275; x_wconf 87' lang='lat' dir='ltr'><strong>conjugalis,</strong></span> <span class='ocrx_word' id='word_1_275' title='bbox 1731 2203 1793 2259; x_wconf 90' lang='lat' dir='ltr'><strong>Deo</strong></span> 
     </span>
     <span class='ocr_line' id='line_1_23' title="bbox 91 2285 1793 2363; baseline 0.001 -21"><span class='ocrx_word' id='word_1_276' title='bbox 91 2286 195 2359; x_wconf 87' lang='lat' dir='ltr'><strong>quibus</strong></span> <span class='ocrx_word' id='word_1_277' title='bbox 216 2286 342 2343; x_wconf 76' lang='lat' dir='ltr'><strong>Salvator</strong></span> <span class='ocrx_word' id='word_1_278' title='bbox 367 2288 529 2357; x_wconf 87' lang='lat' dir='ltr'><strong>pronuntiat</strong></span> <span class='ocrx_word' id='word_1_279' title='bbox 553 2287 652 2343; x_wconf 89' lang='lat' dir='ltr'><strong>Matth.</strong></span> <span class='ocrx_word' id='word_1_280' title='bbox 673 2293 722 2354; x_wconf 79' lang='lat'><strong>22,</strong></span> <span class='ocrx_word' id='word_1_281' title='bbox 747 2305 773 2340; x_wconf 83' lang='lat' dir='ltr'><strong>v.</strong></span> <span class='ocrx_word' id='word_1_282' title='bbox 794 2292 835 2343; x_wconf 85' lang='lat'><strong>30.</strong></span> <span class='ocrx_word' id='word_1_283' title='bbox 863 2285 929 2340; x_wconf 91' lang='lat' dir='ltr'><strong>Luc.</strong></span> <span class='ocrx_word' id='word_1_284' title='bbox 958 2292 1081 2362; x_wconf 87' lang='lat' dir='ltr'><strong>placeat,</strong></span> <span class='ocrx_word' id='word_1_285' title='bbox 1105 2299 1134 2347; x_wconf 90' lang='lat' dir='ltr'><strong>et</strong></span> <span class='ocrx_word' id='word_1_286' title='bbox 1151 2290 1226 2363; x_wconf 90' lang='lat' dir='ltr'><strong>qnod</strong></span> <span class='ocrx_word' id='word_1_287' title='bbox 1249 2292 1278 2346; x_wconf 91' lang='lat' dir='ltr'><strong>in</strong></span> <span class='ocrx_word' id='word_1_288' title='bbox 1295 2298 1414 2362; x_wconf 90' lang='lat' dir='ltr'><strong>utroque</strong></span> <span class='ocrx_word' id='word_1_289' title='bbox 1438 2290 1513 2346; x_wconf 83' lang='lat' dir='ltr'><strong>vitae</strong></span> <span class='ocrx_word' id='word_1_290' title='bbox 1529 2306 1632 2360; x_wconf 87' lang='lat' dir='ltr'><strong>genere</strong></span> <span class='ocrx_word' id='word_1_291' title='bbox 1651 2289 1713 2360; x_wconf 89' lang='lat' dir='ltr'><strong>quis</strong></span> <span class='ocrx_word' id='word_1_292' title='bbox 1731 2288 1793 2345; x_wconf 89' lang='lat' dir='ltr'><strong>Deo</strong></span> 
     </span>
     <span class='ocr_line' id='line_1_24' title="bbox 95 2373 1793 2457; baseline -0.008 -16"><span class='ocrx_word' id='word_1_293' title='bbox 95 2379 138 2441; x_wconf 70' lang='lat'><strong>²⁰2</strong></span> <span class='ocrx_word' id='word_1_294' title='bbox 158 2391 183 2427; x_wconf 72' lang='lat' dir='ltr'><strong>V·</strong></span> <span class='ocrx_word' id='word_1_295' title='bbox 203 2379 251 2429; x_wconf 75' lang='lat'><strong>3⁶²</strong></span> <span class='ocrx_word' id='word_1_296' title='bbox 273 2374 329 2436; x_wconf 64' lang='lat' dir='ltr'><strong>Qui</strong></span> <span class='ocrx_word' id='word_1_297' title='bbox 347 2375 429 2443; x_wconf 62' lang='lat' dir='ltr'><strong>disti</strong></span> <span class='ocrx_word' id='word_1_298' title='bbox 444 2382 507 2427; x_wconf 63' lang='lat' dir='ltr'><strong>ml</strong></span> <span class='ocrx_word' id='word_1_299' title='bbox 518 2375 618 2438; x_wconf 78' lang='lat' dir='ltr'><strong>futuro</strong></span> <span class='ocrx_word' id='word_1_300' title='bbox 630 2375 733 2442; x_wconf 69' lang='lat' dir='ltr'><strong>⁸00¹⁴l⁰r</strong></span> <span class='ocrx_word' id='word_1_301' title='bbox 749 2390 799 2426; x_wconf 69' lang='lat'><strong>&#39;⁸⁶⁶</strong></span> <span class='ocrx_word' id='word_1_302' title='bbox 816 2373 930 2437; x_wconf 82' lang='lat' dir='ltr'><strong>nubunt,</strong></span> <span class='ocrx_word' id='word_1_303' title='bbox 942 2428 945 2457; x_wconf 55' lang='grc' dir='ltr'>Ι</span> <span class='ocrx_word' id='word_1_304' title='bbox 957 2378 1067 2449; x_wconf 85' lang='lat' dir='ltr'><strong>placere</strong></span> <span class='ocrx_word' id='word_1_305' title='bbox 1087 2383 1114 2432; x_wconf 89' lang='lat' dir='ltr'><strong>et</strong></span> <span class='ocrx_word' id='word_1_306' title='bbox 1138 2376 1211 2432; x_wconf 84' lang='lat' dir='ltr'><strong>ritae</strong></span> <span class='ocrx_word' id='word_1_307' title='bbox 1232 2384 1362 2431; x_wconf 86' lang='lat' dir='ltr'><strong>aeternae</strong></span> <span class='ocrx_word' id='word_1_308' title='bbox 1379 2375 1563 2431; x_wconf 84' lang='lat' dir='ltr'><strong>hereditatem</strong></span> <span class='ocrx_word' id='word_1_309' title='bbox 1579 2375 1712 2446; x_wconf 84' lang='lat' dir='ltr'><strong>consequi</strong></span> <span class='ocrx_word' id='word_1_310' title='bbox 1729 2390 1793 2444; x_wconf 88' lang='lat' dir='ltr'><strong>poe-</strong></span> 
     </span>
     <span class='ocr_line' id='line_1_25' title="bbox 51 2460 1792 2533; baseline 0.005 -26"><span class='ocrx_word' id='word_1_311' title='bbox 51 2466 77 2507; x_wconf 78' lang='lat' dir='ltr'><strong>a.</strong></span> <span class='ocrx_word' id='word_1_312' title='bbox 91 2477 145 2514; x_wconf 86' lang='lat' dir='ltr'><strong>nec</strong></span> <span class='ocrx_word' id='word_1_313' title='bbox 163 2461 265 2529; x_wconf 82' lang='lat' dir='ltr'><strong>nuptui</strong></span> <span class='ocrx_word' id='word_1_314' title='bbox 282 2462 402 2529; x_wconf 83' lang='lat' dir='ltr'><strong>dantur,</strong></span> <span class='ocrx_word' id='word_1_315' title='bbox 420 2463 472 2514; x_wconf 81' lang='lat' dir='ltr'><strong>secl</strong></span> <span class='ocrx_word' id='word_1_316' title='bbox 489 2469 554 2514; x_wconf 83' lang='lat' dir='ltr'><strong>eant</strong></span> <span class='ocrx_word' id='word_1_317' title='bbox 575 2460 728 2531; x_wconf 63' lang='lat' dir='ltr'><strong>inimiici,</strong></span> <span class='ocrx_word' id='word_1_318' title='bbox 747 2460 854 2530; x_wconf 90' lang='lat' dir='ltr'><strong>absque</strong></span> <span class='ocrx_word' id='word_1_319' title='bbox 873 2475 930 2512; x_wconf 86' lang='lat' dir='ltr'><strong>ma·</strong></span> <span class='ocrx_word' id='word_1_320' title='bbox 957 2464 1008 2533; x_wconf 90' lang='lat' dir='ltr'><strong>sit,</strong></span> <span class='ocrx_word' id='word_1_321' title='bbox 1034 2465 1056 2518; x_wconf 87' lang='lat' dir='ltr'><strong>si</strong></span> <span class='ocrx_word' id='word_1_322' title='bbox 1080 2464 1127 2531; x_wconf 89' lang='lat' dir='ltr'><strong>pie</strong></span> <span class='ocrx_word' id='word_1_323' title='bbox 1149 2469 1178 2518; x_wconf 91' lang='lat' dir='ltr'><strong>et</strong></span> <span class='ocrx_word' id='word_1_324' title='bbox 1202 2470 1278 2517; x_wconf 89' lang='lat' dir='ltr'><strong>caste</strong></span> <span class='ocrx_word' id='word_1_325' title='bbox 1296 2462 1325 2516; x_wconf 89' lang='lat' dir='ltr'><strong>in</strong></span> <span class='ocrx_word' id='word_1_326' title='bbox 1343 2462 1476 2517; x_wconf 86' lang='lat' dir='ltr'><strong>alterutro</strong></span> <span class='ocrx_word' id='word_1_327' title='bbox 1495 2478 1589 2517; x_wconf 89' lang='lat' dir='ltr'><strong>eorum</strong></span> <span class='ocrx_word' id='word_1_328' title='bbox 1608 2462 1692 2516; x_wconf 84' lang='lat' dir='ltr'><strong>vivat.</strong></span> <span class='ocrx_word' id='word_1_329' title='bbox 1725 2460 1792 2516; x_wconf 87' lang='lat' dir='ltr'><strong>Pro·</strong></span> 
     </span>
     <span class='ocr_line' id='line_1_26' title="bbox 91 2545 1791 2617; baseline 0 -17"><span class='ocrx_word' id='word_1_330' title='bbox 91 2547 213 2601; x_wconf 62' lang='lat' dir='ltr'><strong>aimonii</strong></span> <span class='ocrx_word' id='word_1_331' title='bbox 243 2563 295 2600; x_wconf 90' lang='lat' dir='ltr'><strong>usu</strong></span> <span class='ocrx_word' id='word_1_332' title='bbox 322 2546 351 2601; x_wconf 92' lang='lat' dir='ltr'><strong>in</strong></span> <span class='ocrx_word' id='word_1_333' title='bbox 376 2547 453 2601; x_wconf 88' lang='lat' dir='ltr'><strong>coelo</strong></span> <span class='ocrx_word' id='word_1_334' title='bbox 476 2547 608 2602; x_wconf 82' lang='lat' dir='ltr'><strong>viventes.</strong></span> <span class='ocrx_word' id='word_1_335' title='bbox 654 2546 783 2601; x_wconf 88' lang='lat' dir='ltr'><strong>Mutuata</strong></span> <span class='ocrx_word' id='word_1_336' title='bbox 803 2552 845 2600; x_wconf 89' lang='lat' dir='ltr'><strong>est</strong></span> <span class='ocrx_word' id='word_1_337' title='bbox 860 2545 931 2600; x_wconf 88' lang='lat' dir='ltr'><strong>haec</strong></span> <span class='ocrx_word' id='word_1_338' title='bbox 957 2549 1040 2603; x_wconf 89' lang='lat' dir='ltr'><strong>batur</strong></span> <span class='ocrx_word' id='word_1_339' title='bbox 1074 2550 1127 2605; x_wconf 94' lang='lat' dir='ltr'><strong>hoc</strong></span> <span class='ocrx_word' id='word_1_340' title='bbox 1166 2557 1189 2606; x_wconf 85' lang='lat' dir='ltr'><strong>i.</strong></span> <span class='ocrx_word' id='word_1_341' title='bbox 1225 2566 1259 2603; x_wconf 82' lang='lat' dir='ltr'><strong>cc</strong></span> <span class='ocrx_word' id='word_1_342' title='bbox 1300 2548 1460 2616; x_wconf 72' lang='lat' dir='ltr'><strong>mchcetr‘r</strong></span> <span class='ocrx_word' id='word_1_343' title='bbox 1495 2547 1662 2617; x_wconf 78' lang='lat' dir='ltr'><strong>Scripturas</strong></span> <span class='ocrx_word' id='word_1_344' title='bbox 1698 2546 1791 2601; x_wconf 72' lang='lat' dir='ltr'><strong>dictis.</strong></span> 
     </span>
     <span class='ocr_line' id='line_1_27' title="bbox 90 2631 1794 2705; baseline 0.001 -20"><span class='ocrx_word' id='word_1_345' title='bbox 90 2632 263 2704; x_wconf 80' lang='lat' dir='ltr'><strong>etymologia</strong></span> <span class='ocrx_word' id='word_1_346' title='bbox 280 2632 317 2687; x_wconf 91' lang='lat' dir='ltr'><strong>ab</strong></span> <span class='ocrx_word' id='word_1_347' title='bbox 337 2631 470 2700; x_wconf 86' lang='lat' dir='ltr'><strong>ethnicis,</strong></span> <span class='ocrx_word' id='word_1_348' title='bbox 489 2634 537 2704; x_wconf 93' lang='lat' dir='ltr'><strong>qui</strong></span> <span class='ocrx_word' id='word_1_349' title='bbox 555 2633 651 2687; x_wconf 87' lang='lat' dir='ltr'><strong>itidem</strong></span> <span class='ocrx_word' id='word_1_350' title='bbox 669 2632 790 2688; x_wconf 89' lang='lat' dir='ltr'><strong>coelibes</strong></span> <span class='ocrx_word' id='word_1_351' title='bbox 809 2631 930 2686; x_wconf 88' lang='lat' dir='ltr'><strong>denomi·</strong></span> <span class='ocrx_word' id='word_1_352' title='bbox 957 2636 1055 2691; x_wconf 89' lang='lat' dir='ltr'><strong>Mattb.</strong></span> <span class='ocrx_word' id='word_1_353' title='bbox 1076 2642 1116 2702; x_wconf 83' lang='lat'><strong>19,</strong></span> <span class='ocrx_word' id='word_1_354' title='bbox 1135 2654 1160 2689; x_wconf 87' lang='lat' dir='ltr'><strong>v.</strong></span> <span class='ocrx_word' id='word_1_355' title='bbox 1181 2641 1220 2692; x_wconf 84' lang='lat'><strong>12.</strong></span> <span class='ocrx_word' id='word_1_356' title='bbox 1240 2652 1303 2689; x_wconf 90' lang='lat' dir='ltr'><strong>curn</strong></span> <span class='ocrx_word' id='word_1_357' title='bbox 1321 2634 1450 2705; x_wconf 89' lang='lat' dir='ltr'><strong>discipuli</strong></span> <span class='ocrx_word' id='word_1_358' title='bbox 1469 2633 1572 2689; x_wconf 84' lang='lat' dir='ltr'><strong>Christi</strong></span> <span class='ocrx_word' id='word_1_359' title='bbox 1589 2632 1736 2689; x_wconf 74' lang='lat' dir='ltr'><strong>dixissents</strong></span> <span class='ocrx_word' id='word_1_360' title='bbox 1759 2633 1794 2687; x_wconf 77' lang='lat' dir='ltr'><strong>si</strong></span> 
     </span>
     <span class='ocr_line' id='line_1_28' title="bbox 88 2676 1793 2790; baseline 0 -18"><span class='ocrx_word' id='word_1_361' title='bbox 88 2725 194 2772; x_wconf 87' lang='lat' dir='ltr'><strong>narunt</strong></span> <span class='ocrx_word' id='word_1_362' title='bbox 206 2719 286 2790; x_wconf 86' lang='lat' dir='ltr'><strong>quasi</strong></span> <span class='ocrx_word' id='word_1_363' title='bbox 299 2718 418 2783; x_wconf 82' lang='lat' dir='ltr'><strong>coclr&#39;tce,</strong></span> <span class='ocrx_word' id='word_1_364' title='bbox 433 2725 464 2772; x_wconf 91' lang='lat' dir='ltr'><strong>ut</strong></span> <span class='ocrx_word' id='word_1_365' title='bbox 475 2724 585 2772; x_wconf 87' lang='lat' dir='ltr'><strong>constat</strong></span> <span class='ocrx_word' id='word_1_366' title='bbox 597 2735 629 2772; x_wconf 87' lang='lat' dir='ltr'><strong>ex</strong></span> <span class='ocrx_word' id='word_1_367' title='bbox 639 2717 811 2782; x_wconf 80' lang='lat' dir='ltr'><strong>Quintiliano</strong></span> <span class='ocrx_word' id='word_1_368' title='bbox 825 2716 887 2772; x_wconf 92' lang='lat' dir='ltr'><strong>libr.</strong></span> <span class='ocrx_word' id='word_1_369' title='bbox 906 2723 928 2772; x_wconf 90' lang='lat' dir='ltr'><strong>l.</strong></span> <span class='ocrx_word' id='word_1_370' title='bbox 941 2676 944 2775; x_wconf 88' lang='lat' dir='ltr'><strong>i</strong></span> <span class='ocrx_word' id='word_1_371' title='bbox 958 2738 1044 2775; x_wconf 84' lang='lat' dir='ltr'><strong>causo</strong></span> <span class='ocrx_word' id='word_1_372' title='bbox 1068 2723 1188 2776; x_wconf 82' lang='lat' dir='ltr'><strong>hominis</strong></span> <span class='ocrx_word' id='word_1_373' title='bbox 1215 2739 1276 2775; x_wconf 89' lang='lat' dir='ltr'><strong>cum</strong></span> <span class='ocrx_word' id='word_1_374' title='bbox 1300 2737 1385 2775; x_wconf 79' lang='lat' dir='ltr'><strong>unere</strong></span> <span class='ocrx_word' id='word_1_375' title='bbox 1414 2720 1480 2773; x_wconf 73' lang='lat' dir='ltr'><strong>taire</strong></span> <span class='ocrx_word' id='word_1_376' title='bbox 1512 2727 1563 2783; x_wconf 87' lang='lat' dir='ltr'><strong>est,</strong></span> <span class='ocrx_word' id='word_1_377' title='bbox 1596 2738 1652 2773; x_wconf 90' lang='lat' dir='ltr'><strong>non</strong></span> <span class='ocrx_word' id='word_1_378' title='bbox 1682 2721 1793 2789; x_wconf 72' lang='lat' dir='ltr'><strong>reperiit</strong></span> 
     </span>
     <span class='ocr_line' id='line_1_29' title="bbox 90 2803 1793 2891; baseline -0.001 -31"><span class='ocrx_word' id='word_1_379' title='bbox 90 2821 155 2876; x_wconf 82' lang='lat' dir='ltr'><strong>cap.</strong></span> <span class='ocrx_word' id='word_1_380' title='bbox 177 2811 216 2862; x_wconf 85' lang='lat' dir='ltr'><strong>io.</strong></span> <span class='ocrx_word' id='word_1_381' title='bbox 244 2821 299 2876; x_wconf 91' lang='lat' dir='ltr'><strong>quo</strong></span> <span class='ocrx_word' id='word_1_382' title='bbox 328 2805 429 2860; x_wconf 84' lang='lat' dir='ltr'><strong>alludit</strong></span> <span class='ocrx_word' id='word_1_383' title='bbox 461 2806 544 2861; x_wconf 87' lang='lat' dir='ltr'><strong>etiam</strong></span> <span class='ocrx_word' id='word_1_384' title='bbox 573 2805 643 2860; x_wconf 92' lang='lat' dir='ltr'><strong>illud</strong></span> <span class='ocrx_word' id='word_1_385' title='bbox 668 2803 834 2871; x_wconf 86' lang='lat' dir='ltr'><strong>Modestini,</strong></span> <span class='ocrx_word' id='word_1_386' title='bbox 861 2805 1073 2891; x_wconf 63' lang='lat' dir='ltr'><strong>quia&#39;nutcrc,</strong></span> <span class='ocrx_word' id='word_1_387' title='bbox 1097 2807 1217 2877; x_wconf 89' lang='lat' dir='ltr'><strong>subjecit</strong></span> <span class='ocrx_word' id='word_1_388' title='bbox 1235 2806 1376 2861; x_wconf 87' lang='lat' dir='ltr'><strong>Christus:</strong></span> <span class='ocrx_word' id='word_1_389' title='bbox 1400 2808 1467 2860; x_wconf 88' lang='lat' dir='ltr'><strong>Non</strong></span> <span class='ocrx_word' id='word_1_390' title='bbox 1487 2822 1580 2860; x_wconf 83' lang='lat' dir='ltr'><strong>omncs</strong></span> <span class='ocrx_word' id='word_1_391' title='bbox 1603 2808 1718 2875; x_wconf 85' lang='lat' dir='ltr'><strong>capiunt</strong></span> <span class='ocrx_word' id='word_1_392' title='bbox 1733 2822 1793 2859; x_wconf 83' lang='lat' dir='ltr'><strong>ecr-</strong></span> 
     </span>
     <span class='ocr_line' id='line_1_30' title="bbox 91 2891 1791 2963; baseline -0.002 -16"><span class='ocrx_word' id='word_1_393' title='bbox 91 2893 179 2948; x_wconf 83' lang='lat' dir='ltr'><strong>Oocio</strong></span> <span class='ocrx_word' id='word_1_394' title='bbox 200 2892 340 2946; x_wconf 70' lang='lat' dir='ltr'><strong>Satur-nm</strong></span> <span class='ocrx_word' id='word_1_395' title='bbox 358 2892 496 2960; x_wconf 70' lang='lat' dir='ltr'><strong>genialia</strong></span> <span class='ocrx_word' id='word_1_396' title='bbox 516 2893 652 2954; x_wconf 80' lang='lat' dir='ltr'><strong>abscidit,</strong></span> <span class='ocrx_word' id='word_1_397' title='bbox 677 2892 729 2946; x_wconf 82' lang='lat' dir='ltr'><strong>hoc</strong></span> <span class='ocrx_word' id='word_1_398' title='bbox 746 2891 857 2943; x_wconf 88' lang='lat' dir='ltr'><strong>nomine</strong></span> <span class='ocrx_word' id='word_1_399' title='bbox 876 2895 1019 2957; x_wconf 75' lang='lat' dir='ltr'><strong>‹ip-&#39;bum</strong></span> <span class='ocrx_word' id='word_1_400' title='bbox 1050 2894 1115 2961; x_wconf 81' lang='lat' dir='ltr'><strong>hoc,</strong></span> <span class='ocrx_word' id='word_1_401' title='bbox 1144 2894 1196 2946; x_wconf 80' lang='lat' dir='ltr'><strong>reci</strong></span> <span class='ocrx_word' id='word_1_402' title='bbox 1220 2893 1320 2963; x_wconf 80' lang='lat' dir='ltr'><strong>quihus</strong></span> <span class='ocrx_word' id='word_1_403' title='bbox 1342 2893 1440 2944; x_wconf 83' lang='lat' dir='ltr'><strong>rictum</strong></span> <span class='ocrx_word' id='word_1_404' title='bbox 1467 2899 1521 2954; x_wconf 82' lang='lat' dir='ltr'><strong>ast,</strong></span> <span class='ocrx_word' id='word_1_405' title='bbox 1556 2907 1589 2946; x_wconf 89' lang='lat' dir='ltr'><strong>sc</strong></span> <span class='ocrx_word' id='word_1_406' title='bbox 1623 2891 1791 2946; x_wconf 84' lang='lat' dir='ltr'><strong>enumeratis</strong></span> 
     </span>
     <span class='ocr_line' id='line_1_31' title="bbox 88 2974 1793 3048; baseline -0.002 -16"><span class='ocrx_word' id='word_1_407' title='bbox 88 2977 225 3047; x_wconf 82' lang='lat' dir='ltr'><strong>peliatm,</strong></span> <span class='ocrx_word' id='word_1_408' title='bbox 243 2977 472 3047; x_wconf 67' lang='lat' dir='ltr'><strong>paternitatibus</strong></span> <span class='ocrx_word' id='word_1_409' title='bbox 488 2987 613 3032; x_wconf 84' lang='lat' dir='ltr'><strong>careant.</strong></span> <span class='ocrx_word' id='word_1_410' title='bbox 646 2976 700 3033; x_wconf 89' lang='lat' dir='ltr'><strong>Sed</strong></span> <span class='ocrx_word' id='word_1_411' title='bbox 713 2975 831 3047; x_wconf 86' lang='lat' dir='ltr'><strong>quilibet</strong></span> <span class='ocrx_word' id='word_1_412' title='bbox 842 2974 927 3042; x_wconf 86' lang='lat' dir='ltr'><strong>ridet,</strong></span> <span class='ocrx_word' id='word_1_413' title='bbox 955 2980 1046 3034; x_wconf 83' lang='lat' dir='ltr'><strong>tribue</strong></span> <span class='ocrx_word' id='word_1_414' title='bbox 1071 2978 1259 3034; x_wconf 89' lang='lat' dir='ltr'><strong>eunuchorum</strong></span> <span class='ocrx_word' id='word_1_415' title='bbox 1288 2977 1450 3048; x_wconf 85' lang='lat' dir='ltr'><strong>generibus,</strong></span> <span class='ocrx_word' id='word_1_416' title='bbox 1473 2977 1546 3032; x_wconf 88' lang='lat' dir='ltr'><strong>inter</strong></span> <span class='ocrx_word' id='word_1_417' title='bbox 1572 2993 1642 3048; x_wconf 88' lang='lat' dir='ltr'><strong>quos</strong></span> <span class='ocrx_word' id='word_1_418' title='bbox 1671 2976 1793 3031; x_wconf 83' lang='lat' dir='ltr'><strong>eminent</strong></span> 
     </span>
     <span class='ocr_line' id='line_1_32' title="bbox 89 3060 1792 3135; baseline -0.002 -17"><span class='ocrx_word' id='word_1_419' title='bbox 89 3063 289 3135; x_wconf 86' lang='lat' dir='ltr'><strong>etymologiam</strong></span> <span class='ocrx_word' id='word_1_420' title='bbox 306 3062 378 3118; x_wconf 87' lang='lat' dir='ltr'><strong>hanc</strong></span> <span class='ocrx_word' id='word_1_421' title='bbox 397 3079 456 3118; x_wconf 88' lang='lat' dir='ltr'><strong>esse</strong></span> <span class='ocrx_word' id='word_1_422' title='bbox 472 3061 628 3119; x_wconf 87' lang='lat' dir='ltr'><strong>allusivam.</strong></span> <span class='ocrx_word' id='word_1_423' title='bbox 672 3060 801 3117; x_wconf 86' lang='lat' dir='ltr'><strong>Ceterum</strong></span> <span class='ocrx_word' id='word_1_424' title='bbox 828 3076 928 3114; x_wconf 90' lang='lat' dir='ltr'><strong>nomen</strong></span> <span class='ocrx_word' id='word_1_425' title='bbox 956 3066 1005 3130; x_wconf 90' lang='lat' dir='ltr'><strong>illi,</strong></span> <span class='ocrx_word' id='word_1_426' title='bbox 1024 3068 1076 3135; x_wconf 77' lang='lat' dir='ltr'><strong>qui</strong></span> <span class='ocrx_word' id='word_1_427' title='bbox 1091 3081 1120 3118; x_wconf 79' lang='lat' dir='ltr'><strong>ec</strong></span> <span class='ocrx_word' id='word_1_428' title='bbox 1142 3072 1268 3118; x_wconf 83' lang='lat' dir='ltr'><strong>castrant</strong></span> <span class='ocrx_word' id='word_1_429' title='bbox 1283 3070 1402 3133; x_wconf 78' lang='lat' dir='ltr'><strong>propter</strong></span> <span class='ocrx_word' id='word_1_430' title='bbox 1414 3079 1529 3131; x_wconf 80' lang='lat' dir='ltr'><strong>repnum</strong></span> <span class='ocrx_word' id='word_1_431' title='bbox 1547 3063 1695 3131; x_wconf 82' lang='lat' dir='ltr'><strong>coctorum,</strong></span> <span class='ocrx_word' id='word_1_432' title='bbox 1712 3062 1792 3117; x_wconf 90' lang='lat' dir='ltr'><strong>addi·</strong></span> 
     </span>
     <span class='ocr_line' id='line_1_33' title="bbox 88 3144 1790 3220; baseline -0.002 -15"><span class='ocrx_word' id='word_1_433' title='bbox 88 3148 205 3205; x_wconf 78' lang='lat' dir='ltr'><strong>coelum</strong></span> <span class='ocrx_word' id='word_1_434' title='bbox 225 3147 360 3219; x_wconf 85' lang='lat' dir='ltr'><strong>accipitur</strong></span> <span class='ocrx_word' id='word_1_435' title='bbox 385 3155 407 3205; x_wconf 86' lang='lat' dir='ltr'><strong>i.</strong></span> <span class='ocrx_word' id='word_1_436' title='bbox 425 3149 498 3215; x_wconf 83' lang='lat' dir='ltr'><strong>iate,</strong></span> <span class='ocrx_word' id='word_1_437' title='bbox 520 3165 571 3218; x_wconf 92' lang='lat' dir='ltr'><strong>pro</strong></span> <span class='ocrx_word' id='word_1_438' title='bbox 588 3165 636 3210; x_wconf 88' lang='lat' dir='ltr'><strong>eo,</strong></span> <span class='ocrx_word' id='word_1_439' title='bbox 662 3148 710 3218; x_wconf 92' lang='lat' dir='ltr'><strong>qui</strong></span> <span class='ocrx_word' id='word_1_440' title='bbox 738 3152 816 3202; x_wconf 81' lang='lat' dir='ltr'><strong>extra</strong></span> <span class='ocrx_word' id='word_1_441' title='bbox 833 3144 927 3199; x_wconf 74' lang='lat' dir='ltr'><strong>mairi-</strong></span> <span class='ocrx_word' id='word_1_442' title='bbox 940 3178 942 3205; x_wconf 82' lang='grc' dir='ltr'>ι</span> <span class='ocrx_word' id='word_1_443' title='bbox 955 3151 1009 3206; x_wconf 88' lang='lat' dir='ltr'><strong>dit:</strong></span> <span class='ocrx_word' id='word_1_444' title='bbox 1034 3150 1333 3220; x_wconf 63' lang='lat' dir='ltr'><strong>(imposueram,</strong></span> <span class='ocrx_word' id='word_1_445' title='bbox 1357 3149 1462 3219; x_wconf 80' lang='lat' dir='ltr'><strong>capiat.</strong></span> <span class='ocrx_word' id='word_1_446' title='bbox 1500 3147 1635 3202; x_wconf 57' lang='lat' dir='ltr'><strong>Ostendit¹</strong></span> <span class='ocrx_word' id='word_1_447' title='bbox 1648 3164 1730 3220; x_wconf 89' lang='lat' dir='ltr'><strong>ergo,</strong></span> <span class='ocrx_word' id='word_1_448' title='bbox 1752 3147 1790 3202; x_wconf 88' lang='lat' dir='ltr'><strong>ab</strong></span> 
     </span>
     <span class='ocr_line' id='line_1_34' title="bbox 88 3230 1788 3315; baseline -0.001 -26"><span class='ocrx_word' id='word_1_449' title='bbox 88 3235 213 3291; x_wconf 88' lang='lat' dir='ltr'><strong>monium</strong></span> <span class='ocrx_word' id='word_1_450' title='bbox 244 3235 325 3303; x_wconf 82' lang='lat' dir='ltr'><strong>vivit,</strong></span> <span class='ocrx_word' id='word_1_451' title='bbox 353 3235 411 3290; x_wconf 88' lang='lat' dir='ltr'><strong>sive</strong></span> <span class='ocrx_word' id='word_1_452' title='bbox 443 3241 519 3290; x_wconf 91' lang='lat' dir='ltr'><strong>caste</strong></span> <span class='ocrx_word' id='word_1_453' title='bbox 548 3236 638 3301; x_wconf 82' lang='lat' dir='ltr'><strong>vivat,</strong></span> <span class='ocrx_word' id='word_1_454' title='bbox 672 3234 731 3288; x_wconf 82' lang='lat' dir='ltr'><strong>sive</strong></span> <span class='ocrx_word' id='word_1_455' title='bbox 757 3230 1002 3315; x_wconf 67' lang='lat' dir='ltr'><strong>concubinaslilla</strong></span> <span class='ocrx_word' id='word_1_456' title='bbox 1019 3237 1161 3307; x_wconf 88' lang='lat' dir='ltr'><strong>primaeva</strong></span> <span class='ocrx_word' id='word_1_457' title='bbox 1186 3235 1310 3306; x_wconf 89' lang='lat' dir='ltr'><strong>conjugii</strong></span> <span class='ocrx_word' id='word_1_458' title='bbox 1327 3233 1509 3289; x_wconf 82' lang='lat' dir='ltr'><strong>institutione</strong></span> <span class='ocrx_word' id='word_1_459' title='bbox 1531 3240 1560 3287; x_wconf 88' lang='lat' dir='ltr'><strong>et</strong></span> <span class='ocrx_word' id='word_1_460' title='bbox 1580 3238 1730 3305; x_wconf 88' lang='lat' dir='ltr'><strong>praecepto</strong></span> <span class='ocrx_word' id='word_1_461' title='bbox 1750 3234 1788 3288; x_wconf 90' lang='lat' dir='ltr'><strong>ei·</strong></span> 
     </span>
     <span class='ocr_line' id='line_1_35' title="bbox 88 3320 1789 3390; baseline -0.006 -3"><span class='ocrx_word' id='word_1_462' title='bbox 88 3321 208 3387; x_wconf 61' lang='lat' dir='ltr'><strong>habeti,</strong></span> <span class='ocrx_word' id='word_1_463' title='bbox 234 3328 266 3376; x_wconf 65' lang='lat' dir='ltr'><strong>Ui</strong></span> <span class='ocrx_word' id='word_1_464' title='bbox 292 3338 325 3376; x_wconf 76' lang='lat'><strong>0¹</strong></span> <span class='ocrx_word' id='word_1_465' title='bbox 343 3321 464 3376; x_wconf 57' lang='lat' dir='ltr'><strong>Martiali</strong></span> <span class='ocrx_word' id='word_1_466' title='bbox 484 3327 595 3390; x_wconf 63' lang='lat' dir='ltr'><strong>¹1⁰²¹1¹1¹r</strong></span> <span class='ocrx_word' id='word_1_467' title='bbox 621 3321 679 3376; x_wconf 73' lang='lat' dir='ltr'><strong>⁸lV⁰</strong></span> <span class='ocrx_word' id='word_1_468' title='bbox 707 3325 743 3374; x_wconf 68' lang='lat' dir='ltr'><strong>⁸st</strong></span> <span class='ocrx_word' id='word_1_469' title='bbox 767 3321 1018 3389; x_wconf 66' lang='lat' dir='ltr'><strong>nuptiarummem</strong></span> <span class='ocrx_word' id='word_1_470' title='bbox 1045 3324 1158 3378; x_wconf 86' lang='lat' dir='ltr'><strong>addito:</strong></span> <span class='ocrx_word' id='word_1_471' title='bbox 1188 3323 1310 3377; x_wconf 78' lang='lat' dir='ltr'><strong>Crescite</strong></span> <span class='ocrx_word' id='word_1_472' title='bbox 1337 3329 1362 3374; x_wconf 86' lang='lat' dir='ltr'><strong>ct</strong></span> <span class='ocrx_word' id='word_1_473' title='bbox 1389 3320 1631 3390; x_wconf 83' lang='lat' dir='ltr'><strong>multiplicamini,</strong></span> <span class='ocrx_word' id='word_1_474' title='bbox 1660 3325 1789 3390; x_wconf 84' lang='lat' dir='ltr'><strong>exceptos</strong></span> 
     </span>
     <span class='ocr_line' id='line_1_36' title="bbox 87 3382 1791 3519; baseline -0.002 -56"><span class='ocrx_word' id='word_1_475' title='bbox 87 3408 202 3479; x_wconf 88' lang='lat' dir='ltr'><strong>penitus</strong></span> <span class='ocrx_word' id='word_1_476' title='bbox 223 3423 320 3477; x_wconf 83' lang='lat' dir='ltr'><strong>expers</strong></span> <span class='ocrx_word' id='word_1_477' title='bbox 340 3424 374 3462; x_wconf 90' lang='lat' dir='ltr'><strong>ac</strong></span> <span class='ocrx_word' id='word_1_478' title='bbox 392 3407 485 3477; x_wconf 87' lang='lat' dir='ltr'><strong>virgo,</strong></span> <span class='ocrx_word' id='word_1_479' title='bbox 514 3406 571 3462; x_wconf 84' lang='lat' dir='ltr'><strong>sive</strong></span> <span class='ocrx_word' id='word_1_480' title='bbox 591 3405 627 3458; x_wconf 91' lang='lat' dir='ltr'><strong>sit</strong></span> <span class='ocrx_word' id='word_1_481' title='bbox 646 3406 746 3460; x_wconf 87' lang='lat' dir='ltr'><strong>viduus</strong></span> <span class='ocrx_word' id='word_1_482' title='bbox 764 3405 809 3460; x_wconf 86' lang='lat' dir='ltr'><strong>vel</strong></span> <span class='ocrx_word' id='word_1_483' title='bbox 826 3382 1014 3519; x_wconf 62' lang='lat' dir='ltr'><strong>viduatiesee</strong></span> <span class='ocrx_word' id='word_1_484' title='bbox 1033 3409 1177 3480; x_wconf 89' lang='lat' dir='ltr'><strong>quosdam,</strong></span> <span class='ocrx_word' id='word_1_485' title='bbox 1197 3407 1244 3478; x_wconf 91' lang='lat' dir='ltr'><strong>qui</strong></span> <span class='ocrx_word' id='word_1_486' title='bbox 1265 3407 1308 3461; x_wconf 87' lang='lat' dir='ltr'><strong>vel</strong></span> <span class='ocrx_word' id='word_1_487' title='bbox 1328 3405 1366 3460; x_wconf 93' lang='lat' dir='ltr'><strong>ad</strong></span> <span class='ocrx_word' id='word_1_488' title='bbox 1383 3407 1546 3477; x_wconf 87' lang='lat' dir='ltr'><strong>conjugium</strong></span> <span class='ocrx_word' id='word_1_489' title='bbox 1570 3404 1707 3460; x_wconf 89' lang='lat' dir='ltr'><strong>inhabiles</strong></span> <span class='ocrx_word' id='word_1_490' title='bbox 1725 3412 1791 3460; x_wconf 90' lang='lat' dir='ltr'><strong>sunt</strong></span> 
     </span>
     <span class='ocr_line' id='line_1_37' title="bbox 89 3489 1790 3565; baseline -0.001 -16"><span class='ocrx_word' id='word_1_491' title='bbox 89 3499 116 3549; x_wconf 83' lang='lat'><strong>2.</strong></span> <span class='ocrx_word' id='word_1_492' title='bbox 134 3494 240 3560; x_wconf 75' lang='lat' dir='ltr'><strong>stricte,</strong></span> <span class='ocrx_word' id='word_1_493' title='bbox 260 3492 428 3562; x_wconf 69' lang='lat' dir='ltr'><strong>prosequi</strong></span> <span class='ocrx_word' id='word_1_494' title='bbox 447 3498 524 3547; x_wconf 81' lang='lat' dir='ltr'><strong>extra</strong></span> <span class='ocrx_word' id='word_1_495' title='bbox 541 3491 745 3545; x_wconf 85' lang='lat' dir='ltr'><strong>matrimonium</strong></span> <span class='ocrx_word' id='word_1_496' title='bbox 764 3496 841 3545; x_wconf 88' lang='lat' dir='ltr'><strong>caste</strong></span> <span class='ocrx_word' id='word_1_497' title='bbox 860 3489 1005 3565; x_wconf 72' lang='lat' dir='ltr'><strong>vivitrper</strong></span> <span class='ocrx_word' id='word_1_498' title='bbox 1016 3502 1153 3560; x_wconf 87' lang='lat' dir='ltr'><strong>naturam,</strong></span> <span class='ocrx_word' id='word_1_499' title='bbox 1170 3493 1215 3548; x_wconf 87' lang='lat' dir='ltr'><strong>vel</strong></span> <span class='ocrx_word' id='word_1_500' title='bbox 1227 3492 1361 3563; x_wconf 86' lang='lat' dir='ltr'><strong>peculiari</strong></span> <span class='ocrx_word' id='word_1_501' title='bbox 1374 3492 1561 3554; x_wconf 83' lang='lat' dir='ltr'><strong>continentiae</strong></span> <span class='ocrx_word' id='word_1_502' title='bbox 1578 3492 1650 3547; x_wconf 91' lang='lat' dir='ltr'><strong>dono</strong></span> <span class='ocrx_word' id='word_1_503' title='bbox 1662 3491 1790 3548; x_wconf 83' lang='lat' dir='ltr'><strong>instructi</strong></span> 
     </span>
    </p>
   </div>
   <div class='ocr_carea' id='block_1_3' title="bbox 88 3575 1889 3695">
    <p class='ocr_par' dir='ltr' id='par_1_9' title="bbox 88 3575 1889 3695">
     <span class='ocr_line' id='line_1_38' title="bbox 88 3575 1889 3695; baseline 0.001 -64"><span class='ocrx_word' id='word_1_504' title='bbox 88 3577 196 3648; x_wconf 89' lang='lat' dir='ltr'><strong>quique</strong></span> <span class='ocrx_word' id='word_1_505' title='bbox 223 3577 313 3632; x_wconf 90' lang='lat' dir='ltr'><strong>nullas</strong></span> <span class='ocrx_word' id='word_1_506' title='bbox 338 3577 428 3632; x_wconf 85' lang='lat' dir='ltr'><strong>adhuc</strong></span> <span class='ocrx_word' id='word_1_507' title='bbox 454 3584 582 3647; x_wconf 86' lang='lat' dir='ltr'><strong>expertus</strong></span> <span class='ocrx_word' id='word_1_508' title='bbox 600 3582 644 3630; x_wconf 86' lang='lat' dir='ltr'><strong>est</strong></span> <span class='ocrx_word' id='word_1_509' title='bbox 663 3575 790 3645; x_wconf 87' lang='lat' dir='ltr'><strong>nuptias,</strong></span> <span class='ocrx_word' id='word_1_510' title='bbox 816 3576 846 3630; x_wconf 88' lang='lat' dir='ltr'><strong>iu</strong></span> <span class='ocrx_word' id='word_1_511' title='bbox 872 3588 1019 3695; x_wconf 54' lang='lat' dir='ltr'><strong>quapeunt</strong></span> <span class='ocrx_word' id='word_1_512' title='bbox 1035 3599 1085 3650; x_wconf 86' lang='lat' dir='ltr'><strong>per</strong></span> <span class='ocrx_word' id='word_1_513' title='bbox 1104 3579 1230 3649; x_wconf 86' lang='lat' dir='ltr'><strong>gretiam,</strong></span> <span class='ocrx_word' id='word_1_514' title='bbox 1249 3596 1304 3649; x_wconf 93' lang='lat' dir='ltr'><strong>quo</strong></span> <span class='ocrx_word' id='word_1_515' title='bbox 1324 3579 1396 3632; x_wconf 91' lang='lat' dir='ltr'><strong>dono</strong></span> <span class='ocrx_word' id='word_1_516' title='bbox 1421 3577 1481 3631; x_wconf 86' lang='lat' dir='ltr'><strong>illos</strong></span> <span class='ocrx_word' id='word_1_517' title='bbox 1506 3576 1542 3632; x_wconf 92' lang='lat' dir='ltr'><strong>ad</strong></span> <span class='ocrx_word' id='word_1_518' title='bbox 1566 3578 1700 3633; x_wconf 89' lang='lat' dir='ltr'><strong>ecclesiae</strong></span> <span class='ocrx_word' id='word_1_519' title='bbox 1714 3576 1788 3632; x_wconf 90' lang='lat' dir='ltr'><strong>aedi·</strong></span> <span class='ocrx_word' id='word_1_520' title='bbox 1802 3589 1889 3667; x_wconf 31' lang='lat' dir='ltr'><strong>riuus</strong></span> 
     </span>
    </p>
   </div>
   <div class='ocr_carea' id='block_1_4' title="bbox 44 3659 1791 5622">
    <p class='ocr_par' dir='ltr' id='par_1_10' title="bbox 44 3659 1791 5622">
     <span class='ocr_line' id='line_1_39' title="bbox 90 3659 1789 3734; baseline -0.002 -18"><span class='ocrx_word' id='word_1_521' title='bbox 90 3664 245 3734; x_wconf 85' lang='lat' dir='ltr'><strong>posteriore</strong></span> <span class='ocrx_word' id='word_1_522' title='bbox 263 3661 465 3732; x_wconf 86' lang='lat' dir='ltr'><strong>significatione</strong></span> <span class='ocrx_word' id='word_1_523' title='bbox 484 3662 521 3716; x_wconf 91' lang='lat' dir='ltr'><strong>ab</strong></span> <span class='ocrx_word' id='word_1_524' title='bbox 539 3660 734 3716; x_wconf 88' lang='lat' dir='ltr'><strong>ecclesiasticis</strong></span> <span class='ocrx_word' id='word_1_525' title='bbox 747 3659 928 3729; x_wconf 89' lang='lat' dir='ltr'><strong>scriptoribus</strong></span> <span class='ocrx_word' id='word_1_526' title='bbox 954 3665 1111 3720; x_wconf 68' lang='lat' dir='ltr'><strong>ficationem</strong></span> <span class='ocrx_word' id='word_1_527' title='bbox 1141 3665 1182 3718; x_wconf 83' lang='lat' dir='ltr'><strong>uti</strong></span> <span class='ocrx_word' id='word_1_528' title='bbox 1206 3681 1262 3719; x_wconf 81' lang='lat' dir='ltr'><strong>non</strong></span> <span class='ocrx_word' id='word_1_529' title='bbox 1285 3663 1427 3734; x_wconf 83' lang='lat' dir='ltr'><strong>prohibet,</strong></span> <span class='ocrx_word' id='word_1_530' title='bbox 1457 3663 1506 3719; x_wconf 79' lang='lat' dir='ltr'><strong>red</strong></span> <span class='ocrx_word' id='word_1_531' title='bbox 1534 3663 1668 3718; x_wconf 68' lang='lat' dir='ltr'><strong>concedit,</strong></span> <span class='ocrx_word' id='word_1_532' title='bbox 1715 3662 1789 3716; x_wconf 88' lang='lat' dir='ltr'><strong>illud</strong></span> 
     </span>
     <span class='ocr_line' id='line_1_40' title="bbox 88 3746 1789 3823; baseline -0.003 -17"><span class='ocrx_word' id='word_1_533' title='bbox 88 3747 266 3818; x_wconf 82' lang='lat' dir='ltr'><strong>potissimum</strong></span> <span class='ocrx_word' id='word_1_534' title='bbox 301 3747 431 3817; x_wconf 84' lang='lat' dir='ltr'><strong>usurpari</strong></span> <span class='ocrx_word' id='word_1_535' title='bbox 470 3747 621 3802; x_wconf 75' lang='lat' dir='ltr'><strong>consuevit.</strong></span> <span class='ocrx_word' id='word_1_536' title='bbox 677 3746 799 3799; x_wconf 72' lang='lat' dir='ltr'><strong>Possunt</strong></span> <span class='ocrx_word' id='word_1_537' title='bbox 834 3752 927 3798; x_wconf 72' lang='lat' dir='ltr'><strong>tutem</strong></span> <span class='ocrx_word' id='word_1_538' title='bbox 955 3751 1028 3806; x_wconf 88' lang='lat' dir='ltr'><strong>enim</strong></span> <span class='ocrx_word' id='word_1_539' title='bbox 1048 3757 1173 3823; x_wconf 72' lang='grc' dir='ltr'><strong>χωρείτω</strong></span> <span class='ocrx_word' id='word_1_540' title='bbox 1205 3765 1260 3803; x_wconf 91' lang='lat' dir='ltr'><strong>non</strong></span> <span class='ocrx_word' id='word_1_541' title='bbox 1287 3765 1346 3803; x_wconf 81' lang='lat' dir='ltr'><strong>esse</strong></span> <span class='ocrx_word' id='word_1_542' title='bbox 1373 3754 1553 3819; x_wconf 89' lang='lat' dir='ltr'><strong>praeceptum</strong></span> <span class='ocrx_word' id='word_1_543' title='bbox 1581 3747 1707 3820; x_wconf 89' lang='lat' dir='ltr'><strong>aliquod,</strong></span> <span class='ocrx_word' id='word_1_544' title='bbox 1734 3764 1789 3817; x_wconf 91' lang='lat' dir='ltr'><strong>quo</strong></span> 
     </span>
     <span class='ocr_line' id='line_1_41' title="bbox 90 3831 1788 3905; baseline -0.006 -7"><span class='ocrx_word' id='word_1_545' title='bbox 90 3833 194 3898; x_wconf 73' lang='lat' dir='ltr'><strong>0m1²i⁸r</strong></span> <span class='ocrx_word' id='word_1_546' title='bbox 213 3849 284 3905; x_wconf 65' lang='lat' dir='ltr'><strong>qm</strong></span> <span class='ocrx_word' id='word_1_547' title='bbox 303 3832 338 3887; x_wconf 73' lang='lat'><strong>&lt;10</strong></span> <span class='ocrx_word' id='word_1_548' title='bbox 357 3833 496 3888; x_wconf 63' lang='lat' dir='ltr'><strong>coelibfltu</strong></span> <span class='ocrx_word' id='word_1_549' title='bbox 510 3832 694 3902; x_wconf 65' lang='lat' dir='ltr'><strong>disputantur,</strong></span> <span class='ocrx_word' id='word_1_550' title='bbox 714 3831 751 3885; x_wconf 64' lang='lat' dir='ltr'><strong>td</strong></span> <span class='ocrx_word' id='word_1_551' title='bbox 769 3832 838 3885; x_wconf 64' lang='lat' dir='ltr'><strong>(luti</strong></span> <span class='ocrx_word' id='word_1_552' title='bbox 852 3832 926 3901; x_wconf 67' lang='lat' dir='ltr'><strong>ptin-</strong></span> <span class='ocrx_word' id='word_1_553' title='bbox 941 3836 1080 3891; x_wconf 86' lang='lat' dir='ltr'><strong>-Chrietue</strong></span> <span class='ocrx_word' id='word_1_554' title='bbox 1109 3836 1198 3905; x_wconf 90' lang='lat' dir='ltr'><strong>legem</strong></span> <span class='ocrx_word' id='word_1_555' title='bbox 1225 3833 1378 3888; x_wconf 88' lang='lat' dir='ltr'><strong>coelibatus</strong></span> <span class='ocrx_word' id='word_1_556' title='bbox 1406 3832 1450 3888; x_wconf 87' lang='lat' dir='ltr'><strong>vel</strong></span> <span class='ocrx_word' id='word_1_557' title='bbox 1479 3832 1508 3885; x_wconf 91' lang='lat' dir='ltr'><strong>in</strong></span> <span class='ocrx_word' id='word_1_558' title='bbox 1532 3848 1634 3902; x_wconf 89' lang='lat' dir='ltr'><strong>genere</strong></span> <span class='ocrx_word' id='word_1_559' title='bbox 1661 3832 1788 3887; x_wconf 87' lang='lat' dir='ltr'><strong>omnibus</strong></span> 
     </span>
     <span class='ocr_line' id='line_1_42' title="bbox 91 3916 1788 3991; baseline -0.001 -18"><span class='ocrx_word' id='word_1_560' title='bbox 91 3919 198 3989; x_wconf 89' lang='lat' dir='ltr'><strong>cipales</strong></span> <span class='ocrx_word' id='word_1_561' title='bbox 215 3919 390 3989; x_wconf 87' lang='lat' dir='ltr'><strong>quaestiones</strong></span> <span class='ocrx_word' id='word_1_562' title='bbox 410 3917 541 3973; x_wconf 86' lang='lat' dir='ltr'><strong>revocari.</strong></span> <span class='ocrx_word' id='word_1_563' title='bbox 580 3917 660 3970; x_wconf 91' lang='lat' dir='ltr'><strong>Prior</strong></span> <span class='ocrx_word' id='word_1_564' title='bbox 678 3924 738 3984; x_wconf 88' lang='lat' dir='ltr'><strong>eet,</strong></span> <span class='ocrx_word' id='word_1_565' title='bbox 757 3935 795 3970; x_wconf 87' lang='lat' dir='ltr'><strong>on</strong></span> <span class='ocrx_word' id='word_1_566' title='bbox 812 3924 839 3969; x_wconf 90' lang='lat' dir='ltr'><strong>ct</strong></span> <span class='ocrx_word' id='word_1_567' title='bbox 859 3934 927 3985; x_wconf 79' lang='lat' dir='ltr'><strong>quc·</strong></span> <span class='ocrx_word' id='word_1_568' title='bbox 955 3923 1023 3991; x_wconf 90' lang='lat' dir='ltr'><strong>piis,</strong></span> <span class='ocrx_word' id='word_1_569' title='bbox 1047 3922 1091 3975; x_wconf 86' lang='lat' dir='ltr'><strong>vel</strong></span> <span class='ocrx_word' id='word_1_570' title='bbox 1115 3921 1144 3974; x_wconf 91' lang='lat' dir='ltr'><strong>in</strong></span> <span class='ocrx_word' id='word_1_571' title='bbox 1171 3921 1263 3990; x_wconf 87' lang='lat' dir='ltr'><strong>specie</strong></span> <span class='ocrx_word' id='word_1_572' title='bbox 1282 3918 1410 3973; x_wconf 90' lang='lat' dir='ltr'><strong>omnibus</strong></span> <span class='ocrx_word' id='word_1_573' title='bbox 1429 3916 1563 3972; x_wconf 85' lang='lat' dir='ltr'><strong>ecclesiae</strong></span> <span class='ocrx_word' id='word_1_574' title='bbox 1581 3917 1728 3983; x_wconf 84' lang='lat' dir='ltr'><strong>ministris,</strong></span> <span class='ocrx_word' id='word_1_575' title='bbox 1755 3934 1788 3972; x_wconf 89' lang='lat' dir='ltr'><strong>ac</strong></span> 
     </span>
     <span class='ocr_line' id='line_1_43' title="bbox 91 4002 1787 4078; baseline -0.001 -20"><span class='ocrx_word' id='word_1_576' title='bbox 91 4013 172 4059; x_wconf 73' lang='lat' dir='ltr'><strong>unus</strong></span> <span class='ocrx_word' id='word_1_577' title='bbox 191 4005 344 4059; x_wconf 82' lang='lat' dir='ltr'><strong>coelibatus</strong></span> <span class='ocrx_word' id='word_1_578' title='bbox 359 4004 491 4072; x_wconf 66' lang='lat' dir='ltr'><strong>conjurio</strong></span> <span class='ocrx_word' id='word_1_579' title='bbox 503 4004 775 4072; x_wconf 79' lang='lat' dir='ltr'><strong>sitpracferendus,·</strong></span> <span class='ocrx_word' id='word_1_580' title='bbox 793 4002 929 4071; x_wconf 86' lang='lat' dir='ltr'><strong>posterior</strong></span> <span class='ocrx_word' id='word_1_581' title='bbox 940 4012 943 4017; x_wconf 60' lang='lat'><strong>⁴</strong></span> <span class='ocrx_word' id='word_1_582' title='bbox 954 4023 990 4061; x_wconf 91' lang='lat' dir='ltr'><strong>ne</strong></span> <span class='ocrx_word' id='word_1_583' title='bbox 1009 4007 1121 4078; x_wconf 88' lang='lat' dir='ltr'><strong>quidem</strong></span> <span class='ocrx_word' id='word_1_584' title='bbox 1139 4005 1203 4071; x_wconf 91' lang='lat' dir='ltr'><strong>illie,</strong></span> <span class='ocrx_word' id='word_1_585' title='bbox 1221 4005 1266 4076; x_wconf 92' lang='lat' dir='ltr'><strong>qui</strong></span> <span class='ocrx_word' id='word_1_586' title='bbox 1286 4004 1358 4058; x_wconf 89' lang='lat' dir='ltr'><strong>dono</strong></span> <span class='ocrx_word' id='word_1_587' title='bbox 1377 4003 1562 4058; x_wconf 86' lang='lat' dir='ltr'><strong>continentiae</strong></span> <span class='ocrx_word' id='word_1_588' title='bbox 1573 4002 1700 4058; x_wconf 89' lang='lat' dir='ltr'><strong>instructi</strong></span> <span class='ocrx_word' id='word_1_589' title='bbox 1713 4009 1787 4071; x_wconf 90' lang='lat' dir='ltr'><strong>sunt,</strong></span> 
     </span>
     <span class='ocr_line' id='line_1_44' title="bbox 90 4046 1789 4167; baseline -0.002 -22"><span class='ocrx_word' id='word_1_590' title='bbox 90 4099 147 4160; x_wconf 86' lang='lat' dir='ltr'><strong>est,</strong></span> <span class='ocrx_word' id='word_1_591' title='bbox 172 4108 211 4144; x_wconf 90' lang='lat' dir='ltr'><strong>an</strong></span> <span class='ocrx_word' id='word_1_592' title='bbox 239 4092 280 4144; x_wconf 79' lang='lat' dir='ltr'><strong>uri</strong></span> <span class='ocrx_word' id='word_1_593' title='bbox 295 4090 461 4144; x_wconf 80' lang='lat' dir='ltr'><strong>coelibatum</strong></span> <span class='ocrx_word' id='word_1_594' title='bbox 486 4098 548 4143; x_wconf 80' lang='lat' dir='ltr'><strong>coto</strong></span> <span class='ocrx_word' id='word_1_595' title='bbox 568 4090 666 4157; x_wconf 84' lang='lat' dir='ltr'><strong>aliquo</strong></span> <span class='ocrx_word' id='word_1_596' title='bbox 685 4097 782 4158; x_wconf 67' lang='lat' dir='ltr'><strong>monte</strong></span> <span class='ocrx_word' id='word_1_597' title='bbox 801 4046 1080 4167; x_wconf 74' lang='lat' dir='ltr'><strong>nuccptoiabsolute</strong></span> <span class='ocrx_word' id='word_1_598' title='bbox 1099 4098 1126 4145; x_wconf 90' lang='lat' dir='ltr'><strong>et</strong></span> <span class='ocrx_word' id='word_1_599' title='bbox 1146 4090 1309 4160; x_wconf 89' lang='lat' dir='ltr'><strong>simpliciter</strong></span> <span class='ocrx_word' id='word_1_600' title='bbox 1327 4089 1467 4158; x_wconf 88' lang='lat' dir='ltr'><strong>imponere</strong></span> <span class='ocrx_word' id='word_1_601' title='bbox 1491 4088 1623 4155; x_wconf 86' lang='lat' dir='ltr'><strong>voluerit,</strong></span> <span class='ocrx_word' id='word_1_602' title='bbox 1647 4088 1789 4143; x_wconf 80' lang='lat' dir='ltr'><strong>evidenter</strong></span> 
     </span>
     <span class='ocr_line' id='line_1_45' title="bbox 90 4174 1788 4249; baseline -0.002 -18"><span class='ocrx_word' id='word_1_603' title='bbox 90 4178 136 4231; x_wconf 84' lang='lat' dir='ltr'><strong>nel</strong></span> <span class='ocrx_word' id='word_1_604' title='bbox 155 4177 215 4245; x_wconf 69' lang='lat' dir='ltr'><strong>icoc</strong></span> <span class='ocrx_word' id='word_1_605' title='bbox 233 4177 425 4231; x_wconf 73' lang='lat' dir='ltr'><strong>ecclesiastica</strong></span> <span class='ocrx_word' id='word_1_606' title='bbox 436 4177 553 4244; x_wconf 80' lang='lat' dir='ltr'><strong>quidum</strong></span> <span class='ocrx_word' id='word_1_607' title='bbox 567 4176 692 4229; x_wconf 82' lang='lat' dir='ltr'><strong>homines</strong></span> <span class='ocrx_word' id='word_1_608' title='bbox 703 4176 849 4244; x_wconf 74' lang='lat' dir='ltr'><strong>adstringi</strong></span> <span class='ocrx_word' id='word_1_609' title='bbox 863 4174 1096 4249; x_wconf 65' lang='lat' dir='ltr'><strong>por-scolligitur</strong></span> <span class='ocrx_word' id='word_1_610' title='bbox 1116 4194 1149 4232; x_wconf 83' lang='lat' dir='ltr'><strong>ex</strong></span> <span class='ocrx_word' id='word_1_611' title='bbox 1171 4184 1192 4233; x_wconf 91' lang='lat' dir='ltr'><strong>l.</strong></span> <span class='ocrx_word' id='word_1_612' title='bbox 1212 4175 1274 4232; x_wconf 79' lang='lat' dir='ltr'><strong>Cor.</strong></span> <span class='ocrx_word' id='word_1_613' title='bbox 1296 4182 1326 4243; x_wconf 87' lang='lat' dir='ltr'><strong>i,</strong></span> <span class='ocrx_word' id='word_1_614' title='bbox 1353 4193 1379 4230; x_wconf 84' lang='lat' dir='ltr'><strong>v.</strong></span> <span class='ocrx_word' id='word_1_615' title='bbox 1398 4181 1448 4230; x_wconf 79' lang='lat'><strong>25:</strong></span> <span class='ocrx_word' id='word_1_616' title='bbox 1475 4176 1520 4227; x_wconf 87' lang='lat' dir='ltr'><strong>Dc</strong></span> <span class='ocrx_word' id='word_1_617' title='bbox 1536 4175 1692 4243; x_wconf 75' lang='lat' dir='ltr'><strong>virginibus</strong></span> <span class='ocrx_word' id='word_1_618' title='bbox 1703 4191 1788 4244; x_wconf 84' lang='lat' dir='ltr'><strong>prac-</strong></span> 
     </span>
     <span class='ocr_line' id='line_1_46' title="bbox 90 4230 1789 4333; baseline -0.003 -16"><span class='ocrx_word' id='word_1_619' title='bbox 90 4264 148 4317; x_wconf 83' lang='lat' dir='ltr'><strong>eint</strong></span> <span class='ocrx_word' id='word_1_620' title='bbox 166 4279 200 4318; x_wconf 89' lang='lat' dir='ltr'><strong>ac</strong></span> <span class='ocrx_word' id='word_1_621' title='bbox 219 4263 345 4317; x_wconf 77' lang='lat' dir='ltr'><strong>debeant.</strong></span> <span class='ocrx_word' id='word_1_622' title='bbox 920 4230 1064 4333; x_wconf 70' lang='lat' dir='ltr'><strong>,iccptnm</strong></span> <span class='ocrx_word' id='word_1_623' title='bbox 1083 4264 1203 4317; x_wconf 86' lang='lat' dir='ltr'><strong>Domini</strong></span> <span class='ocrx_word' id='word_1_624' title='bbox 1224 4280 1281 4315; x_wconf 90' lang='lat' dir='ltr'><strong>non</strong></span> <span class='ocrx_word' id='word_1_625' title='bbox 1298 4261 1394 4314; x_wconf 83' lang='lat' dir='ltr'><strong>haheo.</strong></span> <span class='ocrx_word' id='word_1_626' title='bbox 1436 4260 1476 4314; x_wconf 85' lang='lat' dir='ltr'><strong>At</strong></span> <span class='ocrx_word' id='word_1_627' title='bbox 1500 4260 1524 4313; x_wconf 90' lang='lat' dir='ltr'><strong>si</strong></span> <span class='ocrx_word' id='word_1_628' title='bbox 1547 4259 1673 4314; x_wconf 81' lang='lat' dir='ltr'><strong>Christus</strong></span> <span class='ocrx_word' id='word_1_629' title='bbox 1699 4261 1789 4330; x_wconf 90' lang='lat' dir='ltr'><strong>legem</strong></span> 
     </span>
     <span class='ocr_line' id='line_1_47' title="bbox 45 4318 1790 4437; baseline -0.005 -32"><span class='ocrx_word' id='word_1_630' title='bbox 45 4360 81 4420; x_wconf 42' lang='grc' dir='ltr'><strong>η,</strong></span> <span class='ocrx_word' id='word_1_631' title='bbox 127 4354 188 4405; x_wconf 74' lang='grc'><strong>490.</strong></span> <span class='ocrx_word' id='word_1_632' title='bbox 225 4348 327 4404; x_wconf 89' lang='lat' dir='ltr'><strong>Prioris</strong></span> <span class='ocrx_word' id='word_1_633' title='bbox 345 4346 514 4418; x_wconf 88' lang='lat' dir='ltr'><strong>quaestionis</strong></span> <span class='ocrx_word' id='word_1_634' title='bbox 533 4345 743 4417; x_wconf 83' lang='lat' dir='ltr'><strong>explicationem</strong></span> <span class='ocrx_word' id='word_1_635' title='bbox 765 4348 847 4402; x_wconf 88' lang='lat' dir='ltr'><strong>certis</strong></span> <span class='ocrx_word' id='word_1_636' title='bbox 866 4318 1078 4437; x_wconf 68' lang='lat' dir='ltr'><strong>pro-[aliquam</strong></span> <span class='ocrx_word' id='word_1_637' title='bbox 1102 4349 1146 4402; x_wconf 91' lang='lat' dir='ltr'><strong>hic</strong></span> <span class='ocrx_word' id='word_1_638' title='bbox 1169 4347 1296 4411; x_wconf 87' lang='lat' dir='ltr'><strong>tulisset,</strong></span> <span class='ocrx_word' id='word_1_639' title='bbox 1324 4347 1420 4416; x_wconf 89' lang='lat' dir='ltr'><strong>utique</strong></span> <span class='ocrx_word' id='word_1_640' title='bbox 1443 4345 1586 4416; x_wconf 89' lang='lat' dir='ltr'><strong>apostolus</strong></span> <span class='ocrx_word' id='word_1_641' title='bbox 1610 4351 1790 4415; x_wconf 89' lang='lat' dir='ltr'><strong>praeceptum</strong></span> 
     </span>
     <span class='ocr_line' id='line_1_48' title="bbox 45 4417 1791 4527; baseline -0.003 -37"><span class='ocrx_word' id='word_1_642' title='bbox 45 4417 74 4497; x_wconf 50' lang='grc' dir='ltr'><strong>ξ’</strong></span> <span class='ocrx_word' id='word_1_643' title='bbox 92 4434 279 4508; x_wconf 84' lang='lat' dir='ltr'><strong>positionibus</strong></span> <span class='ocrx_word' id='word_1_644' title='bbox 298 4433 481 4488; x_wconf 89' lang='lat' dir='ltr'><strong>includemus.</strong></span> <span class='ocrx_word' id='word_1_645' title='bbox 513 4433 609 4486; x_wconf 92' lang='lat' dir='ltr'><strong>Prima</strong></span> <span class='ocrx_word' id='word_1_646' title='bbox 620 4432 689 4489; x_wconf 92' lang='lat' dir='ltr'><strong>haec</strong></span> <span class='ocrx_word' id='word_1_647' title='bbox 708 4440 781 4487; x_wconf 89' lang='lat' dir='ltr'><strong>esto:</strong></span> <span class='ocrx_word' id='word_1_648' title='bbox 801 4435 1069 4527; x_wconf 50' lang='lat' dir='ltr'><strong>Coclite-tDomini</strong></span> <span class='ocrx_word' id='word_1_649' title='bbox 1095 4434 1256 4503; x_wconf 84' lang='lat' dir='ltr'><strong>accepisset.</strong></span> <span class='ocrx_word' id='word_1_650' title='bbox 1302 4432 1424 4485; x_wconf 86' lang='lat' dir='ltr'><strong>Proinde</strong></span> <span class='ocrx_word' id='word_1_651' title='bbox 1453 4448 1509 4485; x_wconf 90' lang='lat' dir='ltr'><strong>non</strong></span> <span class='ocrx_word' id='word_1_652' title='bbox 1535 4431 1672 4502; x_wconf 86' lang='lat' dir='ltr'><strong>praecipit</strong></span> <span class='ocrx_word' id='word_1_653' title='bbox 1705 4436 1791 4503; x_wconf 87' lang='lat' dir='ltr'><strong>atque</strong></span> 
     </span>
     <span class='ocr_line' id='line_1_49' title="bbox 45 4514 1790 4592; baseline -0.003 -18"><span class='ocrx_word' id='word_1_654' title='bbox 45 4519 80 4549; x_wconf 84' lang='lat'><strong>&#39;¹¹&#39;</strong></span> <span class='ocrx_word' id='word_1_655' title='bbox 93 4531 137 4577; x_wconf 85' lang='lat' dir='ltr'><strong>tus</strong></span> <span class='ocrx_word' id='word_1_656' title='bbox 164 4514 256 4592; x_wconf 75' lang='lat' dir='ltr'><strong>punis</strong></span> <span class='ocrx_word' id='word_1_657' title='bbox 285 4528 310 4573; x_wconf 86' lang='lat' dir='ltr'><strong>ct</strong></span> <span class='ocrx_word' id='word_1_658' title='bbox 338 4527 432 4572; x_wconf 84' lang='lat' dir='ltr'><strong>cuatus</strong></span> <span class='ocrx_word' id='word_1_659' title='bbox 459 4520 489 4572; x_wconf 88' lang='lat' dir='ltr'><strong>r&#39;n</strong></span> <span class='ocrx_word' id='word_1_660' title='bbox 516 4519 645 4588; x_wconf 81' lang='lat' dir='ltr'><strong>personis</strong></span> <span class='ocrx_word' id='word_1_661' title='bbox 671 4522 712 4572; x_wconf 86' lang='lat' dir='ltr'><strong>aet</strong></span> <span class='ocrx_word' id='word_1_662' title='bbox 739 4537 800 4573; x_wconf 87' lang='lat' dir='ltr'><strong>eum</strong></span> <span class='ocrx_word' id='word_1_663' title='bbox 818 4520 1075 4591; x_wconf 71' lang='lat' dir='ltr'><strong>idoncisfiimperat</strong></span> <span class='ocrx_word' id='word_1_664' title='bbox 1096 4520 1221 4575; x_wconf 83' lang='lat' dir='ltr'><strong>Christus</strong></span> <span class='ocrx_word' id='word_1_665' title='bbox 1246 4517 1427 4584; x_wconf 89' lang='lat' dir='ltr'><strong>coelibatum,</strong></span> <span class='ocrx_word' id='word_1_666' title='bbox 1450 4517 1500 4571; x_wconf 92' lang='lat' dir='ltr'><strong>sed</strong></span> <span class='ocrx_word' id='word_1_667' title='bbox 1521 4517 1639 4570; x_wconf 90' lang='lat' dir='ltr'><strong>liberum</strong></span> <span class='ocrx_word' id='word_1_668' title='bbox 1657 4515 1790 4586; x_wconf 90' lang='lat' dir='ltr'><strong>relinquit</strong></span> 
     </span>
     <span class='ocr_line' id='line_1_50' title="bbox 45 4603 1789 4687; baseline -0.006 -25"><span class='ocrx_word' id='word_1_669' title='bbox 45 4634 54 4644; x_wconf 96' lang='lat'>·</span> <span class='ocrx_word' id='word_1_670' title='bbox 92 4624 270 4677; x_wconf 69' lang='lat' dir='ltr'><strong>mquuquum</strong></span> <span class='ocrx_word' id='word_1_671' title='bbox 296 4613 337 4659; x_wconf 75' lang='lat' dir='ltr'><strong>cet</strong></span> <span class='ocrx_word' id='word_1_672' title='bbox 356 4605 567 4674; x_wconf 80' lang='lat' dir='ltr'><strong>improbandos.</strong></span> <span class='ocrx_word' id='word_1_673' title='bbox 604 4605 681 4659; x_wconf 86' lang='lat' dir='ltr'><strong>Haec</strong></span> <span class='ocrx_word' id='word_1_674' title='bbox 707 4606 858 4675; x_wconf 86' lang='lat' dir='ltr'><strong>propositio</strong></span> <span class='ocrx_word' id='word_1_675' title='bbox 881 4608 1019 4687; x_wconf 56' lang='lat' dir='ltr'><strong>opiillis,</strong></span> <span class='ocrx_word' id='word_1_676' title='bbox 1039 4607 1086 4675; x_wconf 93' lang='lat' dir='ltr'><strong>qui</strong></span> <span class='ocrx_word' id='word_1_677' title='bbox 1105 4604 1290 4659; x_wconf 86' lang='lat' dir='ltr'><strong>continentiae</strong></span> <span class='ocrx_word' id='word_1_678' title='bbox 1308 4604 1381 4658; x_wconf 90' lang='lat' dir='ltr'><strong>dono</strong></span> <span class='ocrx_word' id='word_1_679' title='bbox 1399 4603 1527 4656; x_wconf 88' lang='lat' dir='ltr'><strong>instructi</strong></span> <span class='ocrx_word' id='word_1_680' title='bbox 1544 4609 1621 4666; x_wconf 91' lang='lat' dir='ltr'><strong>sunt,</strong></span> <span class='ocrx_word' id='word_1_681' title='bbox 1642 4618 1675 4656; x_wconf 91' lang='lat' dir='ltr'><strong>ac</strong></span> <span class='ocrx_word' id='word_1_682' title='bbox 1693 4617 1789 4654; x_wconf 87' lang='lat' dir='ltr'><strong>consu·</strong></span> 
     </span>
     <span class='ocr_line' id='line_1_51' title="bbox 45 4678 1789 4766; baseline -0.006 -18"><span class='ocrx_word' id='word_1_683' title='bbox 45 4678 81 4766; x_wconf 53' lang='lat' dir='ltr'><strong>lq,</strong></span> <span class='ocrx_word' id='word_1_684' title='bbox 92 4693 206 4765; x_wconf 82' lang='lat' dir='ltr'><strong>ponimr</strong></span> <span class='ocrx_word' id='word_1_685' title='bbox 223 4694 400 4746; x_wconf 83' lang='lat' dir='ltr'><strong>Judecorum</strong></span> <span class='ocrx_word' id='word_1_686' title='bbox 419 4696 448 4745; x_wconf 91' lang='lat' dir='ltr'><strong>et</strong></span> <span class='ocrx_word' id='word_1_687' title='bbox 466 4690 640 4760; x_wconf 85' lang='lat' dir='ltr'><strong>quorundum</strong></span> <span class='ocrx_word' id='word_1_688' title='bbox 659 4692 804 4758; x_wconf 74' lang='lat' dir='ltr'><strong>prutilium</strong></span> <span class='ocrx_word' id='word_1_689' title='bbox 824 4691 1003 4761; x_wconf 47' lang='lat' dir='ltr'><strong>opinio-tiit,</strong></span> <span class='ocrx_word' id='word_1_690' title='bbox 1032 4698 1064 4745; x_wconf 91' lang='lat' dir='ltr'><strong>ut</strong></span> <span class='ocrx_word' id='word_1_691' title='bbox 1091 4688 1208 4760; x_wconf 90' lang='lat' dir='ltr'><strong>quilibet</strong></span> <span class='ocrx_word' id='word_1_692' title='bbox 1234 4705 1391 4742; x_wconf 88' lang='lat' dir='ltr'><strong>mensuram</strong></span> <span class='ocrx_word' id='word_1_693' title='bbox 1420 4687 1554 4743; x_wconf 89' lang='lat' dir='ltr'><strong>donorum</strong></span> <span class='ocrx_word' id='word_1_694' title='bbox 1579 4685 1710 4739; x_wconf 83' lang='lat' dir='ltr'><strong>divinitus</strong></span> <span class='ocrx_word' id='word_1_695' title='bbox 1735 4685 1789 4738; x_wconf 90' lang='lat' dir='ltr'><strong>sibi</strong></span> 
     </span>
     <span class='ocr_line' id='line_1_52' title="bbox 54 4760 1791 4869; baseline -0.005 -36"><span class='ocrx_word' id='word_1_696' title='bbox 54 4830 62 4869; x_wconf 53' lang='grc' dir='ltr'>Ι</span> <span class='ocrx_word' id='word_1_697' title='bbox 93 4779 190 4842; x_wconf 84' lang='lat' dir='ltr'><strong>nibus,</strong></span> <span class='ocrx_word' id='word_1_698' title='bbox 225 4778 273 4849; x_wconf 86' lang='lat' dir='ltr'><strong>qui</strong></span> <span class='ocrx_word' id='word_1_699' title='bbox 313 4776 483 4832; x_wconf 89' lang='lat' dir='ltr'><strong>coelibatum</strong></span> <span class='ocrx_word' id='word_1_700' title='bbox 518 4776 629 4847; x_wconf 87' lang='lat' dir='ltr'><strong>penitus</strong></span> <span class='ocrx_word' id='word_1_701' title='bbox 665 4777 841 4839; x_wconf 76' lang='lat' dir='ltr'><strong>damnarunt.</strong></span> <span class='ocrx_word' id='word_1_702' title='bbox 896 4760 1083 4833; x_wconf 75' lang='lat' dir='ltr'><strong>lnldatorum</strong></span> <span class='ocrx_word' id='word_1_703' title='bbox 1108 4776 1236 4830; x_wconf 88' lang='lat' dir='ltr'><strong>aestimet</strong></span> <span class='ocrx_word' id='word_1_704' title='bbox 1259 4780 1344 4845; x_wconf 89' lang='lat' dir='ltr'><strong>atque</strong></span> <span class='ocrx_word' id='word_1_705' title='bbox 1361 4773 1447 4844; x_wconf 90' lang='lat' dir='ltr'><strong>eligat</strong></span> <span class='ocrx_word' id='word_1_706' title='bbox 1470 4773 1552 4840; x_wconf 92' lang='lat' dir='ltr'><strong>illud,</strong></span> <span class='ocrx_word' id='word_1_707' title='bbox 1579 4771 1654 4842; x_wconf 89' lang='lat' dir='ltr'><strong>quod</strong></span> <span class='ocrx_word' id='word_1_708' title='bbox 1686 4772 1791 4825; x_wconf 89' lang='lat' dir='ltr'><strong>minore</strong></span> 
     </span>
     <span class='ocr_line' id='line_1_53' title="bbox 45 4839 1790 4933; baseline -0.006 -13"><span class='ocrx_word' id='word_1_709' title='bbox 45 4839 78 4921; x_wconf 74' lang='lat' dir='ltr'><strong>mn</strong></span> <span class='ocrx_word' id='word_1_710' title='bbox 93 4864 241 4920; x_wconf 84' lang='lat' dir='ltr'><strong>sententiis</strong></span> <span class='ocrx_word' id='word_1_711' title='bbox 260 4863 403 4933; x_wconf 85' lang='lat' dir='ltr'><strong>Bensyrae</strong></span> <span class='ocrx_word' id='word_1_712' title='bbox 420 4861 489 4916; x_wconf 88' lang='lat' dir='ltr'><strong>baec</strong></span> <span class='ocrx_word' id='word_1_713' title='bbox 505 4862 657 4916; x_wconf 87' lang='lat' dir='ltr'><strong>habentur:</strong></span> <span class='ocrx_word' id='word_1_714' title='bbox 679 4862 734 4924; x_wconf 83' lang='lat' dir='ltr'><strong>Qui</strong></span> <span class='ocrx_word' id='word_1_715' title='bbox 744 4879 835 4916; x_wconf 83' lang='lat' dir='ltr'><strong>semen</strong></span> <span class='ocrx_word' id='word_1_716' title='bbox 854 4879 886 4914; x_wconf 79' lang='lat' dir='ltr'><strong>cc</strong></span> <span class='ocrx_word' id='word_1_717' title='bbox 899 4878 929 4914; x_wconf 85' lang='lat' dir='ltr'><strong>sc</strong></span> <span class='ocrx_word' id='word_1_718' title='bbox 941 4896 944 4911; x_wconf 55' lang='grc' dir='ltr'><strong><em>ι</em></strong></span> <span class='ocrx_word' id='word_1_719' title='bbox 957 4880 1020 4917; x_wconf 91' lang='lat' dir='ltr'><strong>cum</strong></span> <span class='ocrx_word' id='word_1_720' title='bbox 1038 4860 1226 4916; x_wconf 88' lang='lat' dir='ltr'><strong>conscientiae</strong></span> <span class='ocrx_word' id='word_1_721' title='bbox 1243 4859 1375 4930; x_wconf 88' lang='lat' dir='ltr'><strong>periculo,</strong></span> <span class='ocrx_word' id='word_1_722' title='bbox 1395 4860 1498 4929; x_wconf 88' lang='lat' dir='ltr'><strong>majore</strong></span> <span class='ocrx_word' id='word_1_723' title='bbox 1516 4864 1609 4912; x_wconf 88' lang='lat' dir='ltr'><strong>autem</strong></span> <span class='ocrx_word' id='word_1_724' title='bbox 1622 4874 1685 4911; x_wconf 93' lang='lat' dir='ltr'><strong>cum</strong></span> <span class='ocrx_word' id='word_1_725' title='bbox 1703 4857 1790 4911; x_wconf 85' lang='lat' dir='ltr'><strong>eccle-</strong></span> 
     </span>
     <span class='ocr_line' id='line_1_54' title="bbox 44 4928 1790 5024; baseline -0.005 -20"><span class='ocrx_word' id='word_1_726' title='bbox 44 4942 63 5024; x_wconf 55' lang='grc' dir='ltr'><strong>,ζ</strong></span> <span class='ocrx_word' id='word_1_727' title='bbox 91 4969 149 5004; x_wconf 87' lang='lat' dir='ltr'><strong>non</strong></span> <span class='ocrx_word' id='word_1_728' title='bbox 179 4951 252 5017; x_wconf 85' lang='lat' dir='ltr'><strong>edit,</strong></span> <span class='ocrx_word' id='word_1_729' title='bbox 283 4948 459 5002; x_wconf 82' lang='lat' dir='ltr'><strong>assimilatur</strong></span> <span class='ocrx_word' id='word_1_730' title='bbox 490 4948 608 5017; x_wconf 81' lang='lat' dir='ltr'><strong>effusuri</strong></span> <span class='ocrx_word' id='word_1_731' title='bbox 631 4948 808 5016; x_wconf 68' lang='lat' dir='ltr'><strong>sangninem,</strong></span> <span class='ocrx_word' id='word_1_732' title='bbox 827 4955 852 5001; x_wconf 91' lang='lat' dir='ltr'><strong>ct</strong></span> <span class='ocrx_word' id='word_1_733' title='bbox 882 4928 944 5017; x_wconf 73' lang='lat' dir='ltr'><strong>qui¹</strong></span> <span class='ocrx_word' id='word_1_734' title='bbox 958 4948 1016 5001; x_wconf 87' lang='lat' dir='ltr'><strong>siae</strong></span> <span class='ocrx_word' id='word_1_735' title='bbox 1033 4946 1177 5002; x_wconf 86' lang='lat' dir='ltr'><strong>commodo</strong></span> <span class='ocrx_word' id='word_1_736' title='bbox 1189 4947 1368 5015; x_wconf 90' lang='lat' dir='ltr'><strong>conjunctum</strong></span> <span class='ocrx_word' id='word_1_737' title='bbox 1379 4962 1438 5000; x_wconf 88' lang='lat' dir='ltr'><strong>esse</strong></span> <span class='ocrx_word' id='word_1_738' title='bbox 1450 4942 1655 4998; x_wconf 81' lang='lat' dir='ltr'><strong>animadvertit</strong></span> <span class='ocrx_word' id='word_1_739' title='bbox 1687 4941 1790 4996; x_wconf 86' lang='lat' dir='ltr'><strong>Christi</strong></span> 
     </span>
     <span class='ocr_line' id='line_1_55' title="bbox 45 5028 1791 5104; baseline -0.006 -13"><span class='ocrx_word' id='word_1_740' title='bbox 45 5054 49 5064; x_wconf 70' lang='grc'><strong><em>’</em></strong></span> <span class='ocrx_word' id='word_1_741' title='bbox 92 5037 201 5091; x_wconf 60' lang='lat' dir='ltr'><strong>habiat</strong></span> <span class='ocrx_word' id='word_1_742' title='bbox 217 5036 278 5088; x_wconf 83' lang='lat' dir='ltr'><strong>sinc</strong></span> <span class='ocrx_word' id='word_1_743' title='bbox 296 5051 395 5103; x_wconf 80' lang='lat' dir='ltr'><strong>uxore,</strong></span> <span class='ocrx_word' id='word_1_744' title='bbox 414 5033 531 5087; x_wconf 80' lang='lat' dir='ltr'><strong>estsine</strong></span> <span class='ocrx_word' id='word_1_745' title='bbox 550 5033 634 5099; x_wconf 83' lang='lat' dir='ltr'><strong>hono,</strong></span> <span class='ocrx_word' id='word_1_746' title='bbox 652 5034 712 5086; x_wconf 91' lang='lat' dir='ltr'><strong>sinc</strong></span> <span class='ocrx_word' id='word_1_747' title='bbox 733 5034 1082 5104; x_wconf 57' lang='lat' dir='ltr'><strong>beneriictionc,1vestigiis</strong></span> <span class='ocrx_word' id='word_1_748' title='bbox 1111 5032 1229 5087; x_wconf 83' lang='lat' dir='ltr'><strong>fideliter</strong></span> <span class='ocrx_word' id='word_1_749' title='bbox 1256 5031 1359 5085; x_wconf 91' lang='lat' dir='ltr'><strong>insistit</strong></span> <span class='ocrx_word' id='word_1_750' title='bbox 1381 5029 1537 5101; x_wconf 87' lang='lat' dir='ltr'><strong>apostolus,</strong></span> <span class='ocrx_word' id='word_1_751' title='bbox 1566 5028 1614 5101; x_wconf 90' lang='lat' dir='ltr'><strong>qui</strong></span> <span class='ocrx_word' id='word_1_752' title='bbox 1641 5035 1791 5099; x_wconf 89' lang='lat' dir='ltr'><strong>postquam</strong></span> 
     </span>
     <span class='ocr_line' id='line_1_56' title="bbox 45 5098 1790 5191; baseline -0.005 -15"><span class='ocrx_word' id='word_1_753' title='bbox 45 5098 59 5128; x_wconf 67' lang='lat'><strong>⁸&#39;</strong></span> <span class='ocrx_word' id='word_1_754' title='bbox 91 5124 153 5176; x_wconf 78' lang='lat' dir='ltr'><strong>sinc</strong></span> <span class='ocrx_word' id='word_1_755' title='bbox 170 5121 386 5189; x_wconf 82' lang='lat' dir='ltr'><strong>cohabitatione,</strong></span> <span class='ocrx_word' id='word_1_756' title='bbox 404 5121 464 5173; x_wconf 83' lang='lat' dir='ltr'><strong>rinc</strong></span> <span class='ocrx_word' id='word_1_757' title='bbox 482 5120 541 5188; x_wconf 74' lang='lat' dir='ltr'><strong>icpc</strong></span> <span class='ocrx_word' id='word_1_758' title='bbox 561 5126 588 5173; x_wconf 84' lang='lat' dir='ltr'><strong>et</strong></span> <span class='ocrx_word' id='word_1_759' title='bbox 606 5120 666 5171; x_wconf 87' lang='lat' dir='ltr'><strong>sinc</strong></span> <span class='ocrx_word' id='word_1_760' title='bbox 678 5137 761 5188; x_wconf 82' lang='lat' dir='ltr'><strong>pecc.</strong></span> <span class='ocrx_word' id='word_1_761' title='bbox 801 5120 855 5183; x_wconf 81' lang='lat' dir='ltr'><strong>Qui</strong></span> <span class='ocrx_word' id='word_1_762' title='bbox 870 5103 945 5187; x_wconf 81' lang='lat' dir='ltr'><strong>sinel</strong></span> <span class='ocrx_word' id='word_1_763' title='bbox 957 5127 1137 5191; x_wconf 86' lang='lat' dir='ltr'><strong>praeceptum</strong></span> <span class='ocrx_word' id='word_1_764' title='bbox 1155 5118 1323 5174; x_wconf 91' lang='lat' dir='ltr'><strong>deineundo</strong></span> <span class='ocrx_word' id='word_1_765' title='bbox 1337 5117 1467 5188; x_wconf 88' lang='lat' dir='ltr'><strong>conjugio</strong></span> <span class='ocrx_word' id='word_1_766' title='bbox 1480 5115 1669 5185; x_wconf 89' lang='lat' dir='ltr'><strong>proposuisset</strong></span> <span class='ocrx_word' id='word_1_767' title='bbox 1690 5119 1711 5169; x_wconf 89' lang='lat' dir='ltr'><strong>l.</strong></span> <span class='ocrx_word' id='word_1_768' title='bbox 1726 5111 1790 5167; x_wconf 81' lang='lat' dir='ltr'><strong>Cor.</strong></span> 
     </span>
     <span class='ocr_line' id='line_1_57' title="bbox 92 5201 1790 5287; baseline -0.006 -25"><span class='ocrx_word' id='word_1_769' title='bbox 92 5225 182 5262; x_wconf 76' lang='lat' dir='ltr'><strong>serore</strong></span> <span class='ocrx_word' id='word_1_770' title='bbox 201 5215 249 5277; x_wconf 83' lang='lat' dir='ltr'><strong>cst,</strong></span> <span class='ocrx_word' id='word_1_771' title='bbox 270 5226 327 5261; x_wconf 91' lang='lat' dir='ltr'><strong>non</strong></span> <span class='ocrx_word' id='word_1_772' title='bbox 344 5208 519 5278; x_wconf 82' lang='lat' dir='ltr'><strong>reputandus</strong></span> <span class='ocrx_word' id='word_1_773' title='bbox 532 5205 620 5260; x_wconf 80' lang='lat' dir='ltr'><strong>homo.</strong></span> <span class='ocrx_word' id='word_1_774' title='bbox 654 5203 734 5260; x_wconf 86' lang='lat' dir='ltr'><strong>Haec</strong></span> <span class='ocrx_word' id='word_1_775' title='bbox 745 5206 839 5275; x_wconf 92' lang='lat' dir='ltr'><strong>opinio</strong></span> <span class='ocrx_word' id='word_1_776' title='bbox 857 5206 928 5261; x_wconf 84' lang='lat' dir='ltr'><strong>forte</strong></span> <span class='ocrx_word' id='word_1_777' title='bbox 941 5242 944 5287; x_wconf 83' lang='lat' dir='ltr'><strong>i</strong></span> <span class='ocrx_word' id='word_1_778' title='bbox 957 5215 981 5272; x_wconf 82' lang='lat' dir='ltr'><strong>i,</strong></span> <span class='ocrx_word' id='word_1_779' title='bbox 1000 5225 1026 5260; x_wconf 83' lang='lat' dir='ltr'><strong>v.</strong></span> <span class='ocrx_word' id='word_1_780' title='bbox 1046 5212 1076 5262; x_wconf 81' lang='lat' dir='ltr'><strong>i:</strong></span> <span class='ocrx_word' id='word_1_781' title='bbox 1094 5208 1219 5276; x_wconf 84' lang='lat' dir='ltr'><strong>Propter</strong></span> <span class='ocrx_word' id='word_1_782' title='bbox 1234 5204 1453 5270; x_wconf 81' lang='lat' dir='ltr'><strong>fornicationem</strong></span> <span class='ocrx_word' id='word_1_783' title='bbox 1471 5201 1660 5270; x_wconf 75' lang='lat' dir='ltr'><strong>uncisquisquc</strong></span> <span class='ocrx_word' id='word_1_784' title='bbox 1675 5214 1790 5252; x_wconf 79' lang='lat' dir='ltr'><strong>acorem</strong></span> 
     </span>
     <span class='ocr_line' id='line_1_58' title="bbox 92 5284 1789 5363; baseline -0.009 -14"><span class='ocrx_word' id='word_1_785' title='bbox 92 5309 127 5349; x_wconf 81' lang='lat' dir='ltr'><strong>ex</strong></span> <span class='ocrx_word' id='word_1_786' title='bbox 147 5309 181 5349; x_wconf 85' lang='lat' dir='ltr'><strong>co</strong></span> <span class='ocrx_word' id='word_1_787' title='bbox 198 5300 267 5360; x_wconf 87' lang='lat' dir='ltr'><strong>orta,</strong></span> <span class='ocrx_word' id='word_1_788' title='bbox 286 5292 361 5363; x_wconf 90' lang='lat' dir='ltr'><strong>quod</strong></span> <span class='ocrx_word' id='word_1_789' title='bbox 378 5292 407 5346; x_wconf 91' lang='lat' dir='ltr'><strong>in</strong></span> <span class='ocrx_word' id='word_1_790' title='bbox 426 5290 462 5347; x_wconf 92' lang='lat' dir='ltr'><strong>V.</strong></span> <span class='ocrx_word' id='word_1_791' title='bbox 482 5291 514 5345; x_wconf 83' lang='lat' dir='ltr'><strong>T.</strong></span> <span class='ocrx_word' id='word_1_792' title='bbox 533 5297 647 5361; x_wconf 90' lang='lat' dir='ltr'><strong>propter</strong></span> <span class='ocrx_word' id='word_1_793' title='bbox 664 5291 873 5360; x_wconf 90' lang='lat' dir='ltr'><strong>promissionem</strong></span> <span class='ocrx_word' id='word_1_794' title='bbox 892 5292 927 5345; x_wconf 90' lang='lat' dir='ltr'><strong>de</strong></span> <span class='ocrx_word' id='word_1_795' title='bbox 942 5308 1036 5346; x_wconf 77' lang='lat' dir='ltr'><strong>&#39;saum</strong></span> <span class='ocrx_word' id='word_1_796' title='bbox 1067 5293 1167 5344; x_wconf 82' lang='lat' dir='ltr'><strong>habeat</strong></span> <span class='ocrx_word' id='word_1_797' title='bbox 1195 5300 1220 5345; x_wconf 89' lang='lat' dir='ltr'><strong>ct</strong></span> <span class='ocrx_word' id='word_1_798' title='bbox 1247 5305 1429 5359; x_wconf 79' lang='lat' dir='ltr'><strong>rinaqoaequc</strong></span> <span class='ocrx_word' id='word_1_799' title='bbox 1456 5288 1547 5343; x_wconf 74' lang='lat' dir='ltr'><strong>crimem</strong></span> <span class='ocrx_word' id='word_1_800' title='bbox 1573 5304 1651 5339; x_wconf 83' lang='lat' dir='ltr'><strong>arrum</strong></span> <span class='ocrx_word' id='word_1_801' title='bbox 1681 5284 1789 5347; x_wconf 79' lang='lat' dir='ltr'><strong>lrabeat,</strong></span> 
     </span>
     <span class='ocr_line' id='line_1_59' title="bbox 71 5344 1789 5447; baseline -0.009 -12"><span class='ocrx_word' id='word_1_802' title='bbox 71 5379 196 5446; x_wconf 33' lang='lat' dir='ltr'><strong>,Moesia</strong></span> <span class='ocrx_word' id='word_1_803' title='bbox 216 5379 347 5434; x_wconf 84' lang='lat' dir='ltr'><strong>sterilitas</strong></span> <span class='ocrx_word' id='word_1_804' title='bbox 372 5383 402 5433; x_wconf 90' lang='lat' dir='ltr'><strong>et</strong></span> <span class='ocrx_word' id='word_1_805' title='bbox 427 5376 540 5433; x_wconf 77' lang='grc' dir='ltr'><strong>ἀτεκνία</strong></span> <span class='ocrx_word' id='word_1_806' title='bbox 566 5377 660 5447; x_wconf 91' lang='lat' dir='ltr'><strong>probri</strong></span> <span class='ocrx_word' id='word_1_807' title='bbox 685 5376 745 5431; x_wconf 92' lang='lat' dir='ltr'><strong>loco</strong></span> <span class='ocrx_word' id='word_1_808' title='bbox 762 5376 816 5431; x_wconf 86' lang='lat' dir='ltr'><strong>fuit</strong></span> <span class='ocrx_word' id='word_1_809' title='bbox 833 5344 1052 5432; x_wconf 63' lang='lat' dir='ltr'><strong>habitalstatim</strong></span> <span class='ocrx_word' id='word_1_810' title='bbox 1071 5376 1184 5446; x_wconf 89' lang='lat' dir='ltr'><strong>subjicit</strong></span> <span class='ocrx_word' id='word_1_811' title='bbox 1212 5376 1413 5446; x_wconf 85' lang='lat' dir='ltr'><strong>exceptionem,</strong></span> <span class='ocrx_word' id='word_1_812' title='bbox 1444 5374 1517 5445; x_wconf 90' lang='lat' dir='ltr'><strong>quod</strong></span> <span class='ocrx_word' id='word_1_813' title='bbox 1543 5372 1657 5444; x_wconf 89' lang='lat' dir='ltr'><strong>quidam</strong></span> <span class='ocrx_word' id='word_1_814' title='bbox 1686 5368 1789 5422; x_wconf 91' lang='lat' dir='ltr'><strong>donum</strong></span> 
     </span>
     <span class='ocr_line' id='line_1_60' title="bbox 90 5451 1790 5534; baseline -0.009 -15"><span class='ocrx_word' id='word_1_815' title='bbox 90 5464 163 5521; x_wconf 85' lang='lat' dir='ltr'><strong>Gen.</strong></span> <span class='ocrx_word' id='word_1_816' title='bbox 182 5469 225 5534; x_wconf 83' lang='lat'><strong>³0,</strong></span> <span class='ocrx_word' id='word_1_817' title='bbox 243 5482 269 5520; x_wconf 84' lang='lat' dir='ltr'><strong>v.</strong></span> <span class='ocrx_word' id='word_1_818' title='bbox 282 5469 324 5521; x_wconf 78' lang='grc'><strong>23.</strong></span> <span class='ocrx_word' id='word_1_819' title='bbox 345 5463 415 5520; x_wconf 92' lang='lat' dir='ltr'><strong>Luc.</strong></span> <span class='ocrx_word' id='word_1_820' title='bbox 438 5470 460 5532; x_wconf 84' lang='lat' dir='ltr'><strong>i,</strong></span> <span class='ocrx_word' id='word_1_821' title='bbox 479 5481 505 5519; x_wconf 84' lang='lat' dir='ltr'><strong>v.</strong></span> <span class='ocrx_word' id='word_1_822' title='bbox 524 5469 564 5519; x_wconf 81' lang='lat'><strong>25.</strong></span> <span class='ocrx_word' id='word_1_823' title='bbox 578 5468 631 5518; x_wconf 87' lang='lat' dir='ltr'><strong>etc.</strong></span> <span class='ocrx_word' id='word_1_824' title='bbox 666 5460 783 5517; x_wconf 91' lang='lat' dir='ltr'><strong>Inlibro</strong></span> <span class='ocrx_word' id='word_1_825' title='bbox 796 5461 831 5517; x_wconf 93' lang='lat' dir='ltr'><strong>de</strong></span> <span class='ocrx_word' id='word_1_826' title='bbox 844 5462 928 5518; x_wconf 74' lang='lat' dir='ltr'><strong>nstin</strong></span> <span class='ocrx_word' id='word_1_827' title='bbox 956 5463 1142 5519; x_wconf 88' lang='lat' dir='ltr'><strong>continentiae</strong></span> <span class='ocrx_word' id='word_1_828' title='bbox 1165 5461 1299 5527; x_wconf 90' lang='lat' dir='ltr'><strong>habeant,</strong></span> <span class='ocrx_word' id='word_1_829' title='bbox 1324 5461 1373 5533; x_wconf 90' lang='lat' dir='ltr'><strong>qui</strong></span> <span class='ocrx_word' id='word_1_830' title='bbox 1401 5461 1430 5514; x_wconf 92' lang='lat' dir='ltr'><strong>in</strong></span> <span class='ocrx_word' id='word_1_831' title='bbox 1459 5460 1582 5529; x_wconf 89' lang='lat' dir='ltr'><strong>puritate</strong></span> <span class='ocrx_word' id='word_1_832' title='bbox 1604 5461 1633 5512; x_wconf 93' lang='lat' dir='ltr'><strong>et</strong></span> <span class='ocrx_word' id='word_1_833' title='bbox 1650 5451 1790 5508; x_wconf 79' lang='lat' dir='ltr'><strong>mundicia</strong></span> 
     </span>
     <span class='ocr_line' id='line_1_61' title="bbox 88 5537 1790 5622; baseline -0.011 -13"><span class='ocrx_word' id='word_1_834' title='bbox 88 5551 277 5622; x_wconf 67' lang='lat' dir='ltr'><strong>uenaeque</strong></span> <span class='ocrx_word' id='word_1_835' title='bbox 304 5551 474 5622; x_wconf 86' lang='lat' dir='ltr'><strong>Hieronymo</strong></span> <span class='ocrx_word' id='word_1_836' title='bbox 502 5548 648 5617; x_wconf 87' lang='lat' dir='ltr'><strong>tribuitur,</strong></span> <span class='ocrx_word' id='word_1_837' title='bbox 670 5565 734 5604; x_wconf 89' lang='lat' dir='ltr'><strong>cum</strong></span> <span class='ocrx_word' id='word_1_838' title='bbox 758 5548 796 5605; x_wconf 89' lang='lat' dir='ltr'><strong>sit</strong></span> <span class='ocrx_word' id='word_1_839' title='bbox 819 5548 928 5605; x_wconf 87' lang='lat' dir='ltr'><strong>Seleuci</strong></span> <span class='ocrx_word' id='word_1_840' title='bbox 942 5550 1030 5608; x_wconf 66' lang='lat' dir='ltr'><strong>ssvitse</strong></span> <span class='ocrx_word' id='word_1_841' title='bbox 1048 5546 1163 5604; x_wconf 88' lang='lat' dir='ltr'><strong>coelibis</strong></span> <span class='ocrx_word' id='word_1_842' title='bbox 1181 5555 1259 5603; x_wconf 83' lang='lat' dir='ltr'><strong>extra</strong></span> <span class='ocrx_word' id='word_1_843' title='bbox 1274 5547 1435 5620; x_wconf 87' lang='lat' dir='ltr'><strong>conjugium</strong></span> <span class='ocrx_word' id='word_1_844' title='bbox 1450 5548 1542 5601; x_wconf 73' lang='lat' dir='ltr'><strong>nivem</strong></span> <span class='ocrx_word' id='word_1_845' title='bbox 1555 5544 1632 5600; x_wconf 89' lang='lat' dir='ltr'><strong>bona</strong></span> <span class='ocrx_word' id='word_1_846' title='bbox 1648 5537 1790 5594; x_wconf 82' lang='lat' dir='ltr'><strong>comcieu·</strong></span> 
     </span>
    </p>
   </div>
   <div class='ocr_carea' id='block_1_5' title="bbox 0 0 2014 6022">
    <p class='ocr_par' dir='ltr' id='par_1_11' title="bbox 0 0 2014 6022">
     <span class='ocr_line' id='line_1_62' title="bbox 0 0 2014 6022; baseline 0 0"><span class='ocrx_word' id='word_1_847' title='bbox 0 0 2014 6022; x_wconf 95' lang='lat' dir='ltr'><strong> </strong></span> 
     </span>
    </p>
   </div>
  </div>
 </body>
</html>
