4020 6022
208 233 270 291 388
773 224 896 283 Locus
915 222 1123 285 monemus
1141 227 1310 294 QUINTUS

207 395 268 450 cap.
285 383 325 435 te.
343 377 443 434 Mettb.
462 383 492 434 et
514 384 536 434 1.
555 378 617 434 Cor.
635 384 660 435 t.
679 377 773 435 multis
791 380 961 451 argumentis
979 396 1044 435 con·
1058 372 1124 487 Jnec
1140 391 1273 456 appetere
1293 386 1423 442 aiteram.
1460 385 1573 458 Excipit
1594 385 1791 455 Bellarmimm
1809 404 1857 442 eos
1873 403 1913 440 ec·

207 463 300 520 firmat
318 470 431 535 propter
447 464 656 522 fornicationem
669 464 754 521 licere
775 466 890 537 conjugi
905 465 1046 524 innocenti
1073 470 1177 526 clesiae
1188 474 1335 528 Romanae
1348 475 1462 545 judicio
1480 494 1510 530 sc
1527 475 1685 544 subjecisse,
1703 493 1739 529 ac
1753 475 1878 544 proinde
1895 491 1912 527 a

209 551 245 605 ad
266 550 337 606 alias
356 550 466 621 nuptias
486 550 611 606 musice.
652 554 679 608 2.
701 552 823 607 lbomas
835 555 871 607 de
890 553 943 608 Vio
963 552 1046 622 Caie-
1073 556 1247 627 reliquorum
1270 562 1497 615 communissima
1519 563 1657 616 sententia
1672 580 1731 615 non
1758 578 1817 615 esee
1834 578 1911 629 sepa·

208 644 291 692 tanus
316 636 464 692 cardinalis
486 637 514 691 in
540 655 637 692 comm
663 637 751 695 Math.
778 645 823 695 te:
852 639 988 711 lnteiiipo
1014 656 1047 694 ec
1073 647 1190 699 candos.
1226 645 1453 717 Respondemus:
1476 647 1588 702 servilis
1610 647 1660 703 illa
1678 646 1834 718 subjectio,
1858 663 1911 718 que

208 725 262 778 isac
286 724 406 778 Domini
429 724 502 778 Jesu
528 725 636 780 Christi
654 725 728 793 lepe,
754 725 861 780 licitum
884 742 944 781 esse
966 725 1046 781 G'lsri·
1073 729 1164 786 lucem
1183 732 1308 787 vemtads
1323 750 1356 789 ex
1370 733 1516 806 Scriptura
1532 733 1707 806 refulgentis,
1726 731 1756 785 id
1770 737 1814 787 eet
1824 730 1909 801 ipsam

209 808 303 864 stiano
321 809 461 863 dimittere
476 827 591 864 uxorem
611 811 645 864 ob
657 811 882 880 fornicationem
900 811 1057 870 earrsaiem
1075 816 1195 888 Spiritus
1213 819 1304 874 sancti
1316 820 1489 884 sententiam,
1508 818 1810 881 ecclesiaeRomanee,
1829 815 1910 870 idest

211 895 300 964 ipsius
322 895 420 948 acoris
436 903 463 951 et
478 913 563 966 posse
586 898 686 952 duone
704 896 794 950 oliam
812 914 940 966 acorem,
964 897 1047 953 salua
1073 901 1229 969 Pontificio,
1257 902 1365 974 judicio
1393 907 1585 976 subJecerunt,
1615 921 1795 978 nequaquam
1820 901 1910 967 &fidis

208 995 317 1065 semper
336 980 470 1035 eccleciae
490 982 666 1050 definitione,
683 999 754 1052 quae
772 983 905 1038 lactemus
922 1001 978 1037 non
996 999 1047 1052 ap·
1075 1004 1121 1043 soe
1145 987 1182 1043 ob
1199 988 1228 1043 id
1245 1007 1301 1044 non
1321 991 1465 1061 statuisse,
1491 992 1565 1063 quod
1587 1008 1650 1047 vere
1667 994 1842 1059 statuerunt,
1864 990 1909 1044 sed

204 1073 297 1135 parti·
333 1067 410 1120 Nam
433 1068 590 1123 decretal&
607 1068 777 1133 Militiae
801 1071 836 1123 dt
859 1070 912 1124 lac
927 1069 1048 1124 materia
1075 1074 1228 1131 efficaciam
1249 1075 1349 1131 erroris
1360 1083 1389 1131 et
1400 1075 1649 1133 Antichriatiansm
1662 1076 1804 1148 pontilicis
1819 1082 1909 1146 tyrso·

208 1170 264 1206 non
281 1159 344 1206 sunt
363 1153 523 1217 delinitione
533 1154 622 1223 fidei,
639 1157 691 1209 sed
704 1154 862 1224 judiciales
878 1156 962 1223 facti,
979 1173 1047 1225 pro·
1075 1160 1167 1217 nidem
1195 1161 1297 1232 arguit.
1331 1161 1424 1218 Sixtus
1453 1163 1583 1219 Senensis
1612 1163 1732 1234 excipit,
1769 1179 1816 1217 eos
1842 1161 1912 1215 lanc

211 1239 325 1303 fitentur
341 1245 433 1293 autem
451 1239 562 1308 rpeiam
577 1240 738 1310 pontifices,
765 1249 887 1312 utputet
901 1241 1007 1311 incap.
1022 1245 1047 1297 4.
1075 1245 1164 1300 tlsesin
1186 1249 1385 1319 proposuisse,
1413 1268 1469 1303 oon
1496 1258 1527 1302 ut
1544 1252 1649 1317 Jirmae
1667 1248 1910 1302 determinationis

211 1326 246 1379 de
263 1323 395 1378 diuortiis
415 1333 441 1379 et
460 1327 491 1380 in
502 1343 564 1395 cap.
576 1326 664 1392 Licet,
683 1328 719 1380 de
730 1344 837 1396 sponsa
849 1329 968 1382 decorum
981 1333 1048 1384 etc:
1074 1331 1252 1397 sententiam,
1275 1335 1328 1386 sed
1348 1342 1379 1387 ut
1394 1335 1570 1402 probabilem
1588 1335 1747 1404 opinionem
1766 1334 1911 1386 doctorum

103 1432 110 1442 ·
210 1411 355 1464 hmanas
368 1411 518 1481 pontifices
536 1411 693 1481 aliquando
711 1413 742 1466 in
759 1412 804 1466 isis
820 1412 940 1482 iudiciis
952 1414 1048 1468 matri·
1075 1418 1311 1488 disputationilsus
1323 1421 1525 1474 excutiendam.
1559 1419 1787 1492 Respondemus:
1802 1419 1910 1489 eurigi·

209 1497 366 1550 moniorum
384 1514 494 1551 errasse
514 1505 562 1554 etc.
580 1514 632 1552 nec
651 1516 702 1569 epo
719 1515 779 1552 sum
795 1499 921 1568 mmor,
939 1500 989 1567 qui
1006 1500 1048 1553 sic
1074 1509 1119 1558 tur
1142 1502 1298 1559 Tridentini
1315 1503 1503 1576 Areopagitae
1527 1505 1563 1560 ab
1586 1504 1639 1561 hac
1663 1505 1801 1561 modestia
1828 1504 1911 1560 disce·

211 1583 341 1638 inteliesi
356 1583 497 1653 eoanqeiii
512 1589 623 1653 tectum,
642 1586 772 1654 quoniam
790 1592 855 1639 ante
869 1602 958 1639 annos
969 1585 1047 1640 molle
1076 1587 1172 1646 dentes
1196 1588 1380 1645 anathematis
1404 1589 1510 1645 fulmen
1538 1591 1567 1645 in
1594 1590 1735 1648 divmum
1764 1589 1911 1647 sentientes

86 1669 377 1723 1v1.tst.Aml›rosius
399 1669 441 1723 sic
465 1668 625 1737 intellipens
649 1669 724 1724 idem
742 1671 844 1724 docrdt
882 1672 911 1727 3.
928 1671 1047 1724 Ambro-
1074 1673 1237 1730 vibrarent?
1263 1674 1350 1730 Nobis
1369 1675 1502 1730 hocloco
1521 1675 1851 1748 sufficit,quodaperta
1869 1691 1911 1730 ve

210 1755 269 1809 sius
293 1753 465 1809 Catlarinus
488 1753 625 1825 Compsas
650 1754 797 1827 episcopus
823 1754 892 1810 alias
915 1756 1048 1812 acernum
1074 1759 1143 1815 ritae
1168 1761 1275 1816 clausos
1300 1761 1472 1831 quorundam
1498 1760 1719 1817 adumariomm
1736 1761 1834 1816 oculos
1853 1777 1910 1832 per·

212 1840 282 1897 solet
311 1841 441 1896 insectari
467 1840 573 1911 scripta
598 1840 727 1911 cajetani
750 1848 779 1896 et
803 1858 909 1897 errores
934 1859 968 1898 ex
991 1841 1047 1897 illis
1074 1845 1222 1902 strinxerit
1267 1852 1292 1902 t.
1323 1847 1497 1904 Naeviaanus
1525 1847 1621 1918 sylvae
1649 1845 1784 1918 nuptialis
1813 1846 1862 1902 lib.
1890 1852 1910 1903 l.

212 1926 359 1999 colligere,
385 1927 435 1982 sed
459 1926 488 1980 in
507 1924 561 1982 hac
580 1926 742 1998 quaestione
760 1944 842 1982 sunm
858 1926 913 1998 ipsi
931 1927 1048 1998 praebet
1074 1948 1148 1987 num.
1162 1937 1218 1988 tes.
1237 1931 1333 1989 itidem
1351 1933 1477 1989 wendit
1494 1932 1643 1987 divortium
1662 1931 1756 2003 quaed
1771 1931 1912 1987 nocuum

210 2029 369 2077 mensum,
395 2012 468 2083 quod
492 2011 594 2082 arguit,
615 2028 633 2066 a
653 2011 728 2068 clara
753 2018 782 2068 et
801 2012 909 2085 liquida
931 2012 1048 2068 veritate
1074 2016 1788 2088 ntet5.Salomoniusjurisconsultnel’ontiliciusin
1801 2017 1912 2088 repetl.

212 2099 304 2171 ipsum
325 2096 549 2185 iuiesebvictum.
587 2095 705 2168 Scripsit
728 2097 868 2170 integrum
890 2098 993 2154 librum
1011 2099 1047 2154 de
1075 2099 1173 2157 Gallus
1197 2107 1221 2168 t.
1250 2103 1363 2174 quidam
1390 2103 1426 2157 de
1450 2103 1513 2158 libr.
1534 2109 1564 2159 ct
1581 2109 1651 2174 post.
1688 2102 1773 2160 Unde
1790 2119 1849 2158 non
1864 2103 1913 2157 im·

209 2183 263 2241 bae
281 2184 458 2257 quaestione,
482 2183 513 2239 in
529 2199 585 2256 quo
612 2184 684 2240 inter
706 2190 799 2240 cetera
815 2184 885 2242 haec
902 2185 1047 2256 leguntur:
1074 2187 1172 2242 merito
1184 2186 1371 2244 Bellarminus
1389 2188 1419 2242 in
1436 2188 1509 2243 hanc
1525 2189 1617 2259 erupit
1636 2204 1733 2244 rocem
1745 2187 1781 2242 de
1793 2188 1911 2243 mmmm

210 2272 277 2327 Stat
300 2271 436 2325 sententia
452 2271 576 2326 Domini
592 2273 674 2342 apud
690 2271 867 2326 Matthaeum
888 2272 933 2326 isis
949 2272 1047 2341 amba,
1074 2289 1134 2343 cap.
1156 2277 1196 2329 ts.
1213 2277 1237 2338 5.
1253 2282 1280 2333 1:
1300 2272 1334 2328 In
1353 2274 1515 2346 quaestione
1533 2274 1568 2330 de
1589 2274 1727 2330 solutione
1746 2273 1913 2329 matrimonii

209 2358 367 2428 quicunque
390 2357 529 2411 dimmers‘t
556 2374 671 2411 acorem
687 2374 768 2411 suom
787 2358 846 2411 nisi
862 2358 895 2412 ob
913 2357 1047 2427 fornica-
1074 2359 1255 2414 consummati
1273 2360 1366 2431 quoad
1384 2360 1526 2415 vinculum
1544 2359 1646 2416 multos
1663 2359 1802 2414 habemns
1817 2346 1912 2415 adver·

211 2444 314 2497 tionem
339 2449 365 2497 et
392 2443 483 2497 aliam
509 2431 634 2511 demersi,
666 2443 834 2498 moechatur.
880 2444 961 2496 Haec
989 2460 1047 2497 una
1073 2444 1168 2512 serios,
1186 2444 1318 2513 Graecos,
1338 2445 1461 2510 Iatinos,
1481 2445 1633 2501 haereticos
1653 2452 1682 2500 et
1698 2443 1869 2500 Catholicae.

209 2528 313 2596 oratio,
328 2527 386 2582 nesi
401 2528 456 2583 sim
473 2528 574 2583 literae
592 2531 754 2599 afferamus,
771 2531 906 2598 profecto
925 2530 1047 2583 duarum
1108 2534 1166 2585 581.
1208 2529 1304 2601 Atque
1330 2528 1400 2586 haec
1425 2529 1500 2585 dicta
1526 2530 1582 2584 sint
1606 2529 1643 2585 de
1666 2535 1779 2585 noemae
1802 2537 1968 2587 senten-ssu

209 2614 369 2670 motionum
398 2614 454 2669 uim
485 2614 576 2669 labet.
624 2615 685 2669 Una
712 2622 753 2669 est
780 2615 957 2684 affimativa
984 2632 1047 2670 con·
1073 2614 1129 2669 tiae
1149 2614 1345 2671 fundamentis.
1381 2616 1538 2687 Antequam
1558 2631 1625 2670 vero
1642 2615 1679 2671 ad
1698 2615 1911 2671 Pontificiornm
1922 2601 1968 2690 ἓξ

209 2702 300 2755 tinem
323 2700 489 2770 lssffusmodi
511 2701 658 2770 requiam.-
695 2701 730 2756 Si
753 2701 817 2770 quis
834 2717 950 2755 uxoren
966 2719 1046 2755 suom
1073 2706 1298 2772 argumentorum
1317 2718 1431 2758 examen
1443 2701 1653 2770 descendamus,
1671 2717 1774 2772 operae
1788 2704 1910 2774 pretium
1924 2701 1968 2794 g}

211 2788 315 2857 absque
328 2805 416 2842 causa
422 2786 629 2856 fornicationis
640 2787 779 2841 dimiserit
790 2795 817 2841 et
828 2787 918 2841 aliam
928 2789 1047 2856 duxerit,
1073 2785 1126 2840 erit
1150 2787 1272 2841 maculas
1294 2786 1369 2853 illas,
1395 2803 1465 2859 quas
1488 2786 1590 2843 nostris
1613 2786 1775 2843 doctoribus
1801 2789 1831 2843 in
1849 2806 1911 2861 cap.

210 2874 377 2928 moechatur.
411 2873 514 2927 Altera
526 2882 566 2928 est
577 2874 717 2942 aspasiae,
736 2890 808 2943 meae
821 2872 941 2928 continet
953 2890 1046 2945 eccep-
1072 2871 1195 2941 proxime
1206 2873 1291 2927 citato
1303 2871 1488 2928 Bellarmiuus
1498 2873 1572 2927 circa
1582 2871 1654 2928 banc
1663 2873 1913 2944 quaestionemsd-

210 2960 311 3016 tionem
334 2977 354 3014 a
376 2960 477 3029 reputa
498 2967 619 3030 propter
638 2960 814 3028 portiqdam
838 2959 920 3014 iliam
943 2960 997 3015 nisi
1020 2968 1047 3014 et
1072 2972 1202 3028 sporgere
1219 2965 1352 3026 conatur,
1379 2958 1477 3029 paucis
1496 2959 1672 3029 abstergere,
1691 2975 1765 3030 quae
1779 2960 1855 3016 enim
1877 2960 1913 3016 de

210 3054 266 3101 est:
293 3046 328 3100 Si
354 3045 416 3114 quis
439 3062 552 3100 uxorem
571 3046 604 3099 ob
618 3045 842 3114 somsbdtionem
861 3045 1002 3100 dimiserit
1020 3054 1047 3100 st
1073 3042 1243 3099 cnlvinisnis
1255 3044 1487 3116 etAnabaptistis
1500 3044 1587 3112 addit,
1600 3044 1636 3101 ad
1653 3061 1704 3100 nos
1722 3044 1839 3101 minime
1851 3064 1912 3118 pem

210 3131 301 3186 aliam
319 3130 446 3197 duxerit,
469 3148 525 3184 non
543 3131 712 3186 moechatur.
751 3131 785 3186 Si
801 3131 890 3200 ipitur
906 3131 948 3186 sic
965 3131 1046 3186 intel·
1072 3128 1169 3186 tinent
1187 3135 1209 3187 l.
1223 3131 1345 3186 Latitoro
1359 3130 1458 3185 tribuit
1473 3134 1498 3184 1.
1519 3131 1778 3201 contradictionem,
1797 3133 1865 3204 quis
1882 3133 1913 3188 in

209 3217 310 3287 iipitur
335 3217 403 3271 liaeo
420 3216 541 3272 Domini
555 3217 708 3286 renuntio,
730 3225 762 3271 ut
781 3219 867 3272 cerba
881 3217 946 3287 ipsa
962 3235 1046 3288 msam
1072 3215 1134 3272 libr.
1151 3216 1187 3271 de
1203 3234 1265 3288 cap.
1277 3217 1378 3288 Babyl.
1391 3215 1494 3287 captiv.
1508 3216 1544 3270 de
1555 3217 1673 3272 matrim.
1686 3218 1792 3283 scribit,
1800 3236 1912 3289 popam

210 3302 440 3372 manifestissime
462 3303 594 3358 sidentur
614 3305 779 3374 porripere,
804 3305 870 3375 jam
889 3313 931 3358 est
950 3305 1047 3359 meisa
1073 3319 1186 3370 errare,
1213 3321 1275 3357 cum
1299 3304 1451 3357 disortium
1468 3304 1597 3357 concedit
1615 3311 1695 3356 estro
1714 3321 1833 3359 causam
1844 3308 1912 3375 sor·

210 3388 346 3458 quaestio.
384 3388 455 3443 stem
473 3404 539 3457 erpo
556 3393 598 3444 ad
614 3391 698 3444 amba
710 3391 832 3445 Domini
844 3390 978 3445 lactemus
991 3409 1048 3445 non
1072 3389 1237 3455 studiosis,
1262 3406 1346 3458 quam
1362 3389 1454 3443 solam
1472 3389 1615 3443 Dominus
1635 3389 1757 3458 accepit,
1774 3398 1803 3444 et
1818 3398 1912 3446 umes

210 3475 248 3529 sit
265 3473 328 3528 ulla
346 3474 496 3544 expositio,
518 3492 590 3545 quoe
608 3479 712 3546 afferat
731 3476 861 3545 quietem,
878 3477 905 3529 ei
921 3477 1047 3531 colamus
1073 3476 1169 3544 addit,
1189 3482 1289 3547 optare
1307 3491 1347 3541 se,
1363 3483 1395 3529 ut
1411 3476 1572 3545 defirsmmr,
1589 3475 1676 3530 licere
1692 3476 1846 3530 disortium
1864 3480 1912 3543 fa·

210 3560 361 3628 sustinere,
382 3575 442 3614 esse
466 3560 597 3615 illicitam
623 3578 685 3614 oum
704 3560 797 3615 altera
814 3561 945 3630 copulam
962 3562 1048 3615 etiam
1073 3579 1136 3617 cere
1154 3562 1188 3617 ob
1207 3562 1362 3616 absentiam
1381 3562 1546 3616 dimensam
1562 3561 1682 3616 alterius
1699 3562 1839 3631 coniupis.
1878 3562 1913 3616 Si

211 3662 244 3702 es
262 3662 351 3700 causa
362 3645 578 3715 fornicationis,
594 3646 706 3701 uidetur
719 3647 962 3716 satiejustificari.
993 3646 1047 3702 Ca-
1073 3649 1146 3702 enirn
1171 3665 1253 3703 error
1279 3654 1319 3700 est
1343 3647 1496 3702 divortium
1516 3648 1616 3712 facere
1635 3648 1671 3702 ob
1686 3647 1778 3702 aliam
1795 3664 1911 3702 emesam

202 3733 334 3803 jetanus,
353 3732 404 3801 qui
417 3731 539 3802 putavit,
559 3748 593 3786 ea
610 3733 663 3787 lac
681 3732 802 3785 Domini
818 3732 895 3811 ispe,
912 3739 943 3786 ut
960 3733 1046 3787 litera
1073 3752 1157 3804 qnam
1179 3732 1401 3803 fornicationis,
1429 3749 1496 3800 erpo
1521 3748 1646 3787 errorem
1674 3733 1753 3801 cupit
1785 3733 1912 3800 definiri,

206 3819 295 3889 plane
305 3826 395 3888 sonat,
413 3818 497 3873 licere
510 3817 670 3873 Christiano
686 3819 826 3873 dimittere
839 3834 954 3873 acorem
966 3836 1046 3873 msam
1073 3838 1134 3874 cum
1146 3820 1180 3875 ob
1195 3818 1348 3874 absenttam
1359 3818 1488 3888 conjaais
1503 3816 1655 3873 disortium
1668 3833 1727 3872 esee
1737 3818 1848 3873 licitam
1865 3821 1912 3873 de·

209 3922 242 3960 ec
266 3923 354 3960 causo
376 3905 582 3974 fornicationis
605 3912 630 3960 et
656 3904 746 3959 aliam
770 3906 887 3974 decere,
917 3907 995 3974 quod
1020 3914 1047 3959 et
1072 3905 1152 3971 finiri
1176 3906 1259 3977 cupit.
1301 3903 1525 3975 Respondemus:
1552 3909 1628 3959 recte
1648 3902 1749 3958 statuit
1771 3903 1911 3960 Lutherus

209 3991 277 4046 aliis
299 3991 457 4045 rationibus
480 3991 591 4044 uidetur
610 4006 698 4059 posse
714 3990 894 4060 persuaderi.
929 3992 984 4045 Est
1005 3993 1047 4044 in·
1074 3998 1168 4049 staca
1186 4008 1250 4048 cum
1265 3991 1340 4062 ipso,
1367 3990 1478 4046 unicam
1495 3995 1604 4046 annm
1621 4007 1681 4046 esee
1694 3989 1804 4059 justam
1821 4006 1856 4046 sc
1874 3990 1910 4046 le·

206 4078 308 4148 primis
328 4095 432 4147 mapsa
451 4078 505 4132 illo
521 4078 606 4145 ratio,
624 4093 707 4146 quam
722 4077 781 4149 ipse
796 4075 948 4145 Cajetanus
962 4079 1047 4146 affert
1073 4079 1199 4150 gitimam
1211 4075 1450 4133 dirorfiit'acieudi
1459 4091 1579 4145 causam,
1596 4074 1727 4131 videlicet
1735 4075 1910 4145 adulterium,

209 4172 235 4218 et
254 4164 311 4218 alii
327 4173 392 4219 ante
404 4165 487 4219 mum
504 4164 705 4233 copitaoerunt,
723 4171 749 4217 et
764 4171 858 4232 potest
878 4164 976 4232 cuique
990 4182 1046 4234 pa·
1073 4182 1107 4221 ac
1124 4163 1240 4236 proinde
1254 4170 1328 4220 errat
1344 4162 1478 4234 pontifex,
1497 4162 1609 4234 quondo
1627 4167 1704 4218 extra
1722 4177 1786 4218 eam
1797 4179 1909 4219 mam

211 4268 274 4305 rum
293 4250 431 4319 condenti
440 4250 536 4320 facile
555 4266 714 4318 occurrere,
731 4249 877 4304 uidelicet:
898 4250 994 4304 Omnis
1003 4267 1047 4305 re·
1075 4249 1224 4306 divortium
1249 4248 1391 4318 concedit,
1420 4247 1558 4319 quomodo
1585 4253 1680 4303 autem
1704 4262 1769 4303 aum
1795 4263 1829 4304 eo
1847 4265 1909 4305 con·

208 4336 322 4406 sponsio
341 4336 476 4406 sapientis
492 4336 572 4390 dehet
589 4336 690 4404 aptari
705 4342 788 4404 atqsse
805 4335 990 4405 interpretari
1005 4339 1047 4390 ad
1074 4336 1162 4392 ciliari
1186 4335 1303 4402 debeat,
1327 4334 1402 4407 quod
1420 4334 1561 4391 Lutberus
1581 4333 1690 4391 definiri
1709 4341 1805 4407 optat,
1828 4336 1909 4391 etiam

207 4430 324 4477 mentem
341 4430 368 4476 et
382 4439 492 4477 sensum
510 4422 727 4490 interropantis,
748 4422 825 4476 alias
842 4439 897 4476 non
916 4430 987 4478 esset
1004 4440 1046 4478 re·
1074 4422 1111 4480 ob
1135 4422 1300 4478 malitiosam
1320 4421 1502 4478 desertionem
1519 4420 1736 4492 permittendum
1758 4438 1822 4478 esse
1839 4421 1910 4494 parti

207 4511 362 4578 spondere,
379 4511 432 4563 sed
446 4509 528 4562 acrba
548 4509 627 4564 dare.
663 4507 784 4571 Quando
802 4508 888 4577 ipitur
905 4509 1047 4562 Dominus
1074 4509 1214 4566 innocenti
1231 4525 1333 4564 novum
1346 4507 1558 4578 matrimonium,
1573 4506 1688 4562 iuferius
1701 4507 1908 4578 explicabimus.

206 4601 324 4665 ropertus
342 4602 383 4649 est
400 4613 419 4648 a
433 4593 608 4662 Pharisaeos,
627 4611 665 4648 aa
678 4593 762 4648 liceat
776 4610 888 4659 acorem
897 4595 1047 4664 dimittere,
1075 4600 1102 4652 2.
1124 4595 1309 4660 Fatuitatem,
1335 4594 1401 4667 quia
1424 4590 1529 4650 ibidem
1546 4593 1638 4657 addit,
1664 4610 1693 4648 se
1714 4594 1806 4659 nolle,
1830 4595 1910 4664 quid·

207 4688 324 4750 ropatus
343 4687 384 4734 eet
400 4682 437 4734 de
454 4679 621 4734 demissione
636 4687 776 4749 perpetua
793 4684 970 4750 acpersectu
984 4698 1046 4736 cum
1074 4698 1158 4752 quam
1181 4683 1298 4751 definiri
1321 4681 1385 4737 sola
1403 4697 1503 4753 papae
1528 4689 1555 4736 et
1573 4680 1768 4753 episcoporum
1789 4682 1910 4736 auctori·

207 4766 320 4822 liccntia
347 4767 470 4821 descendi
486 4766 576 4820 aliam
594 4771 646 4822 etc.
666 4765 830 4836 Cujusmodi
847 4766 967 4822 rationes
985 4767 1046 4838 plu·
1075 4776 1145 4838 tate,
1177 4770 1229 4822 sed
1253 4767 1280 4821 si
1309 4769 1365 4822 duo
1395 4766 1503 4821 eruditi
1529 4773 1555 4821 et
1582 4766 1649 4821 boni
1670 4766 1728 4821 oiri
1748 4756 1911 4821 innomine

207 4869 251 4908 res
268 4859 365 4924 postes
383 4852 505 4924 subjicit,
522 4852 552 4907 in
569 4855 715 4909 comment.
735 4852 835 4922 prioris
854 4851 934 4922 epist.
948 4850 983 4906 ad
997 4852 1049 4908 Co·
1076 4853 1182 4909 Christi
1199 4855 1383 4908 consentirent
1401 4860 1427 4906 et
1445 4853 1475 4906 in
1494 4851 1605 4920 Spiritu
1619 4850 1728 4908 cirrati
1738 4853 1910 4921 pronuntia-

210 4939 293 4994 rinth.
313 4938 421 5004 scribit,
447 4940 541 4994 uideri
561 4938 617 4992 sibi
633 4954 692 4993 rem
709 4953 768 4993 esse
784 4939 928 5009 impendio
947 4941 1049 4993 duram
1075 4947 1149 5006 raet,
1174 4955 1268 4994 eorum
1285 4939 1430 5008 judicium
1449 4954 1478 4992 se
1496 4937 1624 4993 comdiis
1637 4937 1830 5007 prolaturum.
1864 4939 1911 5008 At,

213 5034 239 5079 et
257 5024 394 5094 iniquam,
411 5033 442 5080 ut
457 5025 501 5078 eir
524 5024 664 5093 innacius,
680 5025 792 5079 interim
808 5032 899 5080 aetate
916 5025 1009 5079 uirens
1022 5031 1050 5078 et
1077 5025 1171 5096 inquit
1181 5025 1376 5094 Bellarminus,
1393 5025 1469 5078 unde
1483 5023 1607 5092 emmas,
1625 5024 1697 5078 duos
1708 5023 1776 5079 ilios
1789 5025 1913 5081 lomim

216 5113 246 5166 in
276 5112 408 5166 Venerem
430 5111 583 5181 proclivis,
613 5111 693 5167 nuile
719 5128 770 5165 suo
789 5111 904 5179 delicto,
933 5112 989 5165 imo
1018 5126 1051 5165 ea
1076 5113 1106 5166 in
1131 5112 1241 5166 omnine
1267 5110 1372 5165 Giristi
1392 5110 1484 5178 mapis
1508 5109 1680 5164 consensisse
1701 5117 1730 5164 et
1750 5110 1781 5164 in
1801 5111 1914 5181 Spiritu

206 5197 303 5253 aliena
327 5196 413 5265 culpa
437 5206 462 5253 et
489 5198 519 5252 in
537 5214 568 5252 se
587 5198 679 5270 ipsum
697 5196 784 5252 eiiata
801 5197 912 5267 injuria
929 5204 1180 5309 copaturjsanctc,
1199 5196 1249 5267 qui
1264 5213 1298 5251 aa
1316 5195 1605 5265 diomsmprooinciis
1622 5212 1705 5249 unum
1724 5196 1862 5252 inlocum
1876 5198 1915 5252 ie·

205 5292 314 5339 mertare
342 5289 444 5337 statum
467 5291 492 5338 et
512 5292 650 5355 perpetuo
677 5283 807 5339 caelibem
836 5301 871 5338 ac
890 5283 1045 5338 luctuosam
1076 5285 1170 5355 pitime
1193 5282 1358 5340 conveniunt
1381 5285 1422 5338 ad
1439 5284 1530 5352 fidem
1553 5282 1746 5337 Cisrists'onam
1772 5284 1916 5354 maican·

203 5370 290 5425 sitam
299 5371 409 5435 ducere,
428 5369 556 5427 libidinis
569 5371 699 5426 incendio
712 5377 738 5426 et
757 5371 889 5426 orbitatis
900 5369 1045 5426 molestiae
1061 5390 1063 5403 ·
1077 5374 1165 5426 darm
1199 5370 1424 5442 Respondemus:
1451 5369 1481 5424 id
1502 5383 1567 5426 sero
1587 5368 1651 5424 sciri
1670 5373 1763 5440 potest
1780 5386 1815 5426 sc
1833 5371 1918 5428 debet

203 5443 390 5527 conjunctam,
402 5473 463 5511 cum
481 5473 535 5512 nec
552 5459 592 5511 sit
602 5459 658 5526 sas
676 5475 737 5513 cum
756 5457 891 5513 waltero
903 5456 1046 5527 conjunpi,
1060 5416 1063 5495 1
1076 5474 1109 5513 ex
1134 5457 1261 5530 diligenti
1285 5457 1409 5514 examine
1434 5455 1608 5512 decretorum
1624 5455 1661 5511 ad
1681 5472 1808 5513 normam
1824 5473 1859 5514 ac
1876 5476 1917 5514 re
