4020 6022
808 295 862 351 DE
878 292 1079 352 conluuio
1724 300 1786 358 379

88 454 202 518 nnbat,
220 452 295 524 qnod
316 453 419 510 debeat
434 453 618 509 reemennrt
634 454 713 516 siro,
737 452 766 507 id
786 456 829 508 eet
846 447 1014 520 quodcum
1030 448 1142 514 merito,
1161 449 1216 503 etsi
1231 466 1288 503 nes
1305 452 1339 521 τῇ
1357 450 1439 515 μίξει,
1471 462 1504 501 eo
1522 453 1614 501 temen
1630 449 1709 515 qaod
1725 446 1789 501 nsi·

89 540 127 595 ab
146 540 209 610 ipsa
226 538 336 594 initium
354 539 588 595 reconciliationis
604 539 741 611 proficisci
761 538 872 607 debeat,
890 551 924 590 ex
935 546 938 595 ἶ
951 532 1009 586 lum
1025 534 1114 588 olium
1132 533 1224 588 virm
1243 535 1380 588 adduciti-
1415 530 1454 585 El
1471 536 1583 603 postea:
1605 530 1682 593 Quid
1699 532 1787 585 dt'ct'tt

88 642 122 682 eo
148 631 224 682 recte
250 624 407 698 colligitur,
437 626 512 696 quod
538 641 593 680 non
616 631 682 695 agat
701 625 736 680 de
756 623 870 679 muliere
887 622 938 697 ob,
952 618 986 672 Si
1014 620 1052 672 sit
1082 619 1194 688 minem
1212 619 1351 685 infidelis,
1381 626 1493 672 memet
1521 635 1583 671 eum
1608 633 1712 684 urere,·
1742 617 1789 671 sis

89 711 299 768 fornicationem
325 727 344 765 a
359 711 419 764 viro
437 711 597 766 discedente
613 711 693 778 (haee
719 711 791 766 enim
810 727 865 765 non
883 704 1240 773 connerinensem,
1272 704 1470 773 sequaquam!
1514 703 1605 771 Atqui
1625 703 1789 769 fornicatio

90 814 154 867 pars
183 795 312 864 laedens,
339 796 388 850 sed
414 795 506 866 potins
533 797 631 865 laesa),
662 797 711 850 sed
730 813 801 867 qnae
819 795 855 849 ob
873 791 1043 851 ririminus
1080 798 1123 844 eet
1151 799 1300 859 peccatum
1335 807 1421 859 quam
1458 789 1622 858 infidelitas.
1686 790 1788 843 Minus

90 883 287 942 morositatem.
309 881 410 936 malam
428 883 664 937 conversationem
683 883 727 937 vel
745 898 844 937 caum
856 870 1064 945 alias'qot'dom
1081 884 1121 929 tei
1133 877 1309 946 somitoit'o,
1339 878 1392 929 tid
1411 878 1492 930 Dim
1509 876 1570 929 πώ
1592 876 1676 929 wldt
1689 876 1788 944 pmii

90 968 127 1023 ad
153 968 302 1023 divortium
324 984 380 1022 non
408 967 577 1023 sufficientes
597 968 717 1024 discedit
733 976 761 1024 et
778 968 817 1021 sic
837 958 1002 1036 partis'ete.
1057 961 1201 1023 Quomodo
1228 964 1384 1032 permissus
1416 970 1457 1014 est
1489 978 1550 1013 enne
1584 960 1696 1021 infideli
1722 978 1785 1014 cois·

90 1054 226 1109 bedentis
248 1053 337 1108 ricem
364 1054 488 1125 suscipit.
536 1055 615 1120 Quod
635 1053 729 1119 Deus,
759 1071 824 1109 eum
841 1048 1066 1115 fnerit2cuditue,
1085 1050 1115 1101 in
1133 1050 1250 1102 muliere
1268 1056 1361 1102 cutem
1380 1049 1544 1110 fornicante
1562 1063 1618 1100 non
1636 1054 1914 1103 oecmaterxvtttt.

90 1155 156 1211 pars
176 1138 267 1207 laesa,
299 1141 437 1193 mundum
452 1138 505 1194 sibi
524 1139 577 1210 ipsi
592 1139 825 1201 reconciliaverit,
856 1133 1072 1191 illud'murr'tus
1104 1152 1165 1188 eam
1193 1135 1331 1204 ejiciens!
1361 1134 1493 1203 quoniam
1516 1133 1562 1188 iric
1588 1134 1700 1202 quietern
1724 1151 1788 1203 spes

89 1226 195 1281 iactum
220 1230 264 1280 est
288 1229 403 1294 propter
419 1225 642 1280 intercessionem
661 1224 739 1289 Filii,
769 1225 817 1296 qni
841 1210 939 1277 nostri¹
953 1228 1001 1286 est,
1015 1223 1086 1289 sore
1103 1228 1134 1272 ut
1148 1236 1203 1289 per
1221 1219 1429 1272 matrimonium
1445 1219 1526 1272 seire
1544 1218 1581 1272 sit
1597 1236 1685 1290 pars,
1715 1234 1787 1287 quae

91 1311 152 1366 loeo
172 1310 259 1377 stetit,
279 1309 496 1365 satisfactionem
517 1311 669 1380 plenariam
686 1310 814 1382 promisit
832 1306 1048 1379 sicque2psriit
1082 1306 1144 1360 illic
1176 1313 1269 1359 autem
1281 1306 1347 1374 jam
1367 1303 1489 1359 selmum
1514 1314 1554 1357 est
1572 1305 1787 1359 matrimonium.

91 1397 201 1452 initium
235 1396 468 1451 reconciliationis
502 1403 596 1451 nostro
632 1399 694 1452 loco
733 1396 814 1459 fecit,
852 1386 1023 1450 unde³Past
1053 1392 1273 1455 fornicationem
1299 1394 1419 1446 meritus
1445 1410 1499 1444 non
1517 1399 1557 1445 est
1574 1393 1704 1458 maritus,
1736 1392 1789 1444 sed

91 1487 220 1538 notanter
237 1481 306 1536 dicit
325 1481 468 1551 apostolus
486 1487 510 1538 2.
530 1482 653 1537 Corinth.
672 1489 704 1550 5,
727 1499 753 1537 r.
774 1488 819 1538 19:
848 1484 941 1536 Deus·
954 1479 1065 1548 mulier,
1083 1480 1148 1533 iicet
1172 1481 1209 1533 sit
1226 1480 1331 1533 creltrie
1349 1479 1506 1541 idolorum,
1536 1496 1591 1533 non
1617 1478 1721 1532 amittit
1734 1477 1787 1545 jus

92 1576 154 1622 erat
173 1569 204 1621 s'n
225 1568 337 1623 cereso
355 1570 489 1620 muntium
507 1569 694 1621 reconcilians
722 1569 868 1637 sibiipsi,
898 1566 1058 1635 idmnriti.
1109 1564 1151 1618 Ex
1169 1565 1212 1620 his
1230 1564 1289 1620 sole
1308 1564 1411 1623 clarius
1429 1566 1532 1627 elucet,
1560 1562 1786 1633 chrysostomum

92 1660 136 1709 cst
166 1670 217 1724 per
235 1652 376 1708 christum
405 1659 434 1708 et
459 1659 574 1724 propter
593 1653 733 1709 Christum
759 1669 849 1726 genus
877 1651 928 1706 ha·
954 1668 1067 1706 eausam
1103 1651 1294 1705 fornicationis
1326 1653 1473 1723 sejungere
1503 1649 1539 1705 ab
1575 1649 1645 1718 illis,
1675 1654 1788 1719 propter

92 1755 205 1793 menum
223 1744 267 1793 est
278 1738 338 1794 Deo
355 1738 573 1796 reconciliatum.
606 1739 682 1810 Ergo
700 1739 754 1794 hoe
772 1738 927 1808 exemplum
939 1726 941 1747 ⁵
955 1754 1024 1808 quas
1044 1737 1186 1808 apostolus
1210 1737 1341 1806 prohihet
1361 1737 1503 1792 mulierem
1524 1754 1541 1791 a
1562 1735 1620 1789 viro
1639 1735 1788 1790 discedere.

93 1832 136 1880 est
155 1822 389 1899 ἀπροσδιόνυσον.
436 1825 482 1879 Ad
502 1825 626 1880 tertiam:
657 1827 824 1896 Apostolum
850 1824 941 1893 loqui*
955 1823 1060 1877 Eadem
1090 1832 1132 1878 est
1149 1823 1369 1894 Theophylucti,
1399 1822 1447 1894 qni
1471 1821 1660 1892 chrysostomi
1688 1819 1786 1875 abhrs·

94 1912 131 1964 eie
156 1912 289 1980 eonjupio
308 1918 452 1965 contrecto
471 1911 545 1964 inter
563 1912 705 1979 infideles,
736 1913 773 1964 de
796 1929 850 1979 quo
868 1902 1044 1975 Dofviator
1061 1914 1113 1975 est,
1132 1909 1279 1976 sententia,
1299 1925 1332 1963 ae
1349 1907 1465 1978 proinde
1485 1908 1635 1962 admodum
1655 1902 1786 1961 inmissi·

93 1997 186 2050 minus
208 1996 281 2048 nihil
301 2003 504 2065 praeceperat,
536 1995 622 2066 idque
643 1994 744 2067 prohat
770 2011 804 2049 ec
829 1995 1205 2073 fornagenrssennminus
1223 1992 1428 2065 colligitniiil
1448 2011 1516 2061 eece,
1535 1993 1610 2065 quod
1628 1992 1788 2047 interillos

93 2082 243 2152 loquendi:
271 2081 372 2136 ceteris
404 2098 454 2148 epo
483 2080 557 2149 dico,
600 2099 655 2135 nare
687 2082 834 2137 Dominus.
893 2082 1073 2144 At'causas,
1097 2089 1219 2150 propter
1251 2097 1322 2148 ortae
1347 2081 1501 2134 diuortium
1519 2081 1588 2149 fieri
1605 2087 1630 2132 et
1648 2080 1690 2132 ad
1712 2079 1788 2133 aiios

94 2169 208 2238 qrsando
225 2168 310 2236 jubet,
326 2184 441 2221 acorem
470 2184 489 2218 a
516 2167 577 2221 uiro
609 2184 664 2220 non
684 2168 840 2236 discedere,
858 2175 886 2220 et
902 2162 1068 2249 siznnpts'as
1087 2167 1208 2221 transiri
1231 2184 1316 2235 posse
1334 2164 1545 2235 chrysostomus
1568 2174 1593 2220 et
1614 2165 1789 2235 Theopiyia·

94 2253 262 2318 distruunt,
292 2269 405 2307 mame
424 2253 584 2322 innuptum,
618 2254 744 2322 loquitur
768 2255 804 2307 de
830 2254 1015 2323 metri-{clus
1035 2261 1145 2320 necant,
1157 2253 1381 2322 fornicationem
1400 2254 1520 2307 alterius
1537 2253 1666 2322 conjapia
1694 2268 1787 2306 nume·

93 2340 187 2394 monio
217 2346 360 2392 connecto
386 2339 460 2393 inter
483 2339 602 2408 fideles,
636 2341 713 2407 quod
732 2339 859 2394 Christus
886 2332 1022 2407 irs-lrare
1034 2339 1201 2408 proiciteot,
1231 2354 1295 2393 cum
1314 2339 1354 2394 illi
1372 2338 1426 2410 ipsi
1444 2344 1676 2394 commentatores
1692 2355 1788 2394 casam

92 2425 213 2478 solubile
253 2440 312 2477 esse
350 2424 555 2492 pronuntiarit.
610 2423 837 2494 Respondemus:
873 2414 1145 2489 nonliornicationis
1164 2425 1275 2481 disertis
1292 2424 1385 2479 verbis
1409 2423 1576 2494 exceperint
1628 2423 1788 2481 cecumenii

97 2518 207 2566 tantum
226 2509 360 2576 fidelium,
377 2509 427 2565 sed
446 2510 530 2564 etiam
548 2509 699 2566 infidelium
724 2511 927 2566 matrimonium
939 2502 942 2519 '
954 2512 1040 2567 verba
1057 2517 1124 2565 sunt
1139 2508 1300 2566 manifesta:
1329 2512 1388 2564 Len
1407 2510 1528 2564 Domini
1545 2518 1600 2574 eet,
1623 2527 1658 2563 ne
1675 2518 1789 2583 eccepto

96 2606 139 2655 est
175 2597 320 2651 individua
351 2600 381 2650 et
417 2595 616 2651 indissolubilis
653 2598 812 2668 conjunctio
846 2599 930 2652 unius
952 2597 1144 2663 fornicatione
1157 2598 1214 2665 fiat
1232 2597 1399 2659 diuortium·
1428 2595 1508 2650 item:
1534 2596 1582 2649 Vir
1599 2612 1714 2650 uuorem
1732 2613 1789 2651 sos

95 2683 178 2739 maris
209 2690 239 2737 et
264 2682 347 2736 unius
371 2681 490 2736 feminae
519 2698 554 2737 ex
572 2681 744 2738 institutione
770 2683 865 2737 divina
882 2684 928 2738 de·
955 2684 1079 2736 dimittet
1105 2682 1162 2735 nisi
1187 2682 1299 2736 ratione
1314 2682 1520 2745 fornicationis
1539 2684 1690 2750 destant,
1719 2681 1788 2737 lese

96 2768 248 2837 mendene,
269 2767 370 2822 falsum
388 2768 475 2838 igitur
492 2773 547 2834 est,
573 2767 723 2823 Dominum
744 2769 778 2825 de
796 2770 928 2842 conjugio
939 2786 944 2857 q
956 2769 1028 2822 enim
1045 2766 1219 2842 leeqclristi
1231 2777 1281 2831 est,
1299 2767 1373 2823 unde
1384 2768 1569 2823 Bellarminus
1579 2768 1617 2823 ad
1629 2766 1789 2825 Oecumenii

94 2853 312 2915 interiniideles
331 2859 474 2909 coeunte
492 2854 561 2909 nihil
579 2855 761 2924 praecepisse.
805 2856 835 2913 si
854 2857 943 2914 enimi
958 2853 1172 2925 explicationem
1190 2853 1259 2908 nihil
1278 2854 1430 2925 respondit.
1478 2855 1644 2910 Ambrosius
1660 2854 1705 2910 vel
1724 2853 1788 2924 qni·

94 2940 246 2996 infidelium
279 2940 486 2994 matrimonium
518 2948 561 2994 est
590 2957 685 2995 verum
717 2930 1066 3015 matrimoniumlcnnque
1078 2940 1149 2996 alins
1161 2947 1257 2995 auctor
1270 2941 1529 2995 commentariorum
1540 2940 1618 3003 dicit,
1629 2941 1789 3011 apostolum

95 3026 192 3096 utique
221 3026 311 3081 forma
348 3025 521 3080 matrimonii·
553 3026 582 3080 in
616 3026 761 3082 individua
787 3033 817 3084 et
845 3026 1034 3095 indis-lioqni
1046 3030 1083 3080 de
1094 3026 1220 3092 muliere,
1235 3043 1306 3097 quem
1315 3026 1422 3081 recedit
1435 3027 1501 3094 (non
1513 3028 1549 3083 ob
1560 3026 1789 3097 fornicationem),

96 3111 208 3167 solubili
236 3110 431 3180 conjunctione
455 3111 609 3167 consistens
632 3112 686 3183 ipsi
712 3122 865 3185 competet,
894 3114 1005 3181 emen
1036 3115 1071 3166 ab
1097 3113 1202 3167 molam
1229 3112 1469 3167 conuersationem
1489 3113 1553 3168 ciri.
1603 3113 1789 3169 Bellarminus

95 3215 153 3270 qua
171 3215 235 3252 cum
252 3198 388 3252 Dominus
407 3197 536 3263 deducat,
554 3215 610 3253 uon
628 3196 688 3255 esse
706 3199 811 3254 licitum
838 3200 942 3254 divor-³
955 3199 1068 3271 regerit,
1085 3216 1139 3267 per
1157 3200 1262 3253 maten
1281 3198 1520 3252 cancerationem
1536 3199 1609 3252 nihil
1626 3201 1788 3254 convenies·

92 3284 163 3338 tium
183 3283 236 3339 nisi
255 3284 291 3338 ob
310 3283 396 3339 solam
414 3282 641 3345 fornicationem,
674 3286 812 3356 quomodo
834 3285 869 3341 de
887 3244 1011 3357 inltise
1028 3286 1165 3354 intelliqi,
1193 3304 1276 3354 pesam
1295 3286 1321 3339 ei
1337 3286 1381 3339 eir
1404 3284 1491 3340 neeri
1508 3286 1591 3350 fidem
1617 3303 1673 3339 non
1689 3294 1789 3341 seruet.

94 3369 219 3426 fidelium
238 3370 412 3424 matrimonio
429 3369 497 3423 nihil
515 3371 691 3441 praecepisse
710 3371 843 3426 dicendus
857 3371 927 3427 erit?
938 3366 943 3433 l
955 3374 995 3427 At
1011 3372 1035 3427 si
1048 3380 1153 3426 tertam
1166 3370 1347 3442 apostolicum
1358 3370 1409 3425 hoc
1427 3387 1510 3425 sensu
1522 3371 1647 3443 accipere
1663 3372 1789 3442 velimus,

92 3455 162 3511 Tam
193 3455 345 3510 infidelium
371 3472 454 3526 qnam
478 3453 603 3509 fidelium
629 3456 833 3511 matrimonium
851 3436 1157 3537 chri-leontradiceret
1185 3456 1326 3526 apostolus
1355 3456 1408 3527 ipsi
1440 3456 1564 3525 Christo,
1599 3458 1648 3529 qui
1677 3465 1789 3529 propter

93 3551 153 3597 stus
173 3543 336 3612 pronuntiat
355 3558 415 3595 esee
433 3540 592 3609 insolubile,
610 3550 728 3611 excepta
738 3552 832 3597 tamen
844 3543 929 3599 forni·
941 3552 944 3605 Ι
955 3543 1164 3598 fornicationem
1183 3543 1324 3598 mulierem
1343 3559 1361 3596 a
1376 3543 1435 3598 viro
1454 3544 1596 3599 discedere
1620 3561 1702 3614 posse
1728 3561 1789 3616 per-

94 3629 211 3684 cationis
230 3643 329 3692 eausa,
359 3627 412 3681 nisi
430 3643 497 3698 ergo
524 3627 655 3697 velimus,
686 3627 842 3697 apostolum
865 3610 1049 3687 cumlmittit.
1085 3628 1245 3685 Fornicatio
1264 3628 1370 3699 species
1392 3636 1435 3684 est
1454 3630 1544 3686 malae
1562 3631 1788 3693 conversationis,

93 3713 217 3781 Christo,
253 3729 365 3768 serrum
395 3730 457 3766 cum
488 3713 624 3777 Domino,
659 3713 826 3784 discipulum
865 3733 928 3771 eum
956 3717 1005 3772 sed
1035 3732 1053 3769 a
1077 3731 1181 3788 genere
1207 3715 1244 3769 ad
1271 3724 1375 3770 certam
1393 3721 1421 3770 et
1439 3716 1648 3771 determinatam
1667 3716 1789 3787 speciem

94 3799 229 3872 magistro
248 3798 427 3863 committere,
446 3800 625 3853 statuendum
644 3800 713 3865 erit,
732 3801 828 3856 eodem
847 3802 1104 3872 modoiprocedere
1130 3817 1186 3855 non
1204 3801 1282 3859 licet.
1314 3819 1377 3855 cum
1394 3819 1450 3856 non
1468 3819 1532 3863 una,
1556 3802 1606 3857 sed
1624 3803 1717 3873 plures
1734 3803 1790 3860 sint

93 3902 126 3940 ac
152 3902 235 3940 sensu
260 3884 383 3939 fidelium
410 3884 615 3939 matrimonium
636 3885 783 3941 insolubile
809 3887 845 3943 ab
863 3874 1046 3958 spo-'malae
1076 3887 1293 3942 conversationis
1322 3887 1438 3957 species.
1487 3887 1570 3954 Quod
1599 3888 1672 3943 idem
1692 3900 1789 3945 auctor

93 3970 164 4026 stolo
191 3969 278 4024 fuisse
308 3971 532 4039 pronuntiatum,
566 3988 622 4042 quo
657 3972 740 4027 modo
777 3989 810 4027 ac
846 3991 929 4028 sensu
955 3975 983 4029 in
1007 3974 1188 4047 sequentibus
1213 3975 1272 4029 viro
1295 3991 1396 4029 novum
1425 3975 1628 4030 matrimonium
1662 3977 1790 4032 coneedit

94 4056 221 4112 christus
240 4055 311 4110 illud
330 4055 479 4111 insolubile
497 4073 558 4112 esse
577 4058 818 4127 pronuntiaverat,
850 4060 1071 4135 vide-qdimissa
1099 4068 1213 4131 propter
1240 4060 1406 4116 adulterium
1435 4078 1527 4125 uxore,
1558 4062 1665 4117 mulieri
1694 4070 1788 4119 autam

91 4142 160 4197 licet
189 4148 305 4213 excepto
339 4158 407 4196 casu
433 4142 633 4199 fornicationis.
680 4143 724 4198 De
754 4151 813 4199 tota
830 4145 882 4200 hac
898 4149 1031 4231 tolidem
1044 4149 1092 4219 jus
1113 4147 1241 4217 denegnt,
1260 4146 1289 4200 in
1310 4163 1343 4201 eo
1361 4164 1414 4202 uec
1433 4146 1593 4219 Scripturas
1612 4164 1716 4209 sacrae,
1736 4148 1789 4205 nec

93 4227 208 4282 inferius
224 4227 315 4298 plura.
364 4229 410 4283 Ad
441 4237 580 4300 quartam:
615 4231 717 4284 Patres
745 4249 799 4285 non
825 4251 929 4301 ponere
955 4234 1008 4288 sibi
1039 4233 1107 4304 ipsi,
1139 4249 1191 4286 uec
1210 4231 1379 4288 Bellarmino
1411 4233 1563 4301 consentit,
1593 4240 1624 4287 ut
1652 4251 1702 4289 sno
1726 4234 1803 4294 loco.

93 4315 281 4383 exceptionem
301 4315 329 4366 in
347 4314 402 4368 illa
421 4315 575 4368 sententia:
600 4318 628 4369 si
645 4317 810 4381 decesseris,
828 4320 927 4372 sedin
955 4320 1064 4389 plenius
1093 4317 1256 4373 ridebimus.
1304 4318 1449 4389 Scriptura
1480 4326 1509 4373 et
1536 4319 1700 4374 Ambrosius
1728 4321 1788 4393 ipse

91 4399 160 4454 illa:
175 4400 327 4469 praecipuo
344 4418 399 4455 non
408 4401 561 4470 accedere,
582 4419 616 4455 ac
635 4402 758 4472 proinde
774 4421 835 4456 cum
853 4404 927 4458 Pon·
955 4406 1002 4462 lih.
1024 4411 1046 4461 l.
1066 4405 1102 4461 de
1127 4405 1289 4459 Abrahamo
1319 4422 1344 4462 c.
1373 4412 1397 4461 4,
1427 4405 1545 4474 aequale
1564 4406 1617 4475 jus
1644 4407 1788 4477 utriusque

93 4486 190 4550 titiciie
216 4486 380 4541 consentire.
431 4486 556 4540 Eaedem
582 4496 674 4541 nutem
696 4497 797 4558 patres
825 4490 856 4542 in
873 4491 927 4544 ilia
953 4491 1081 4562 conjugis
1099 4497 1263 4563 agnoscunt.
1301 4493 1353 4545 Vae
1377 4491 1487 4561 (inquit)
1511 4491 1701 4562 messarim,
1732 4512 1788 4548 non
1835 4516 1838 4521 ¹

91 4571 248 4626 secuntiae
265 4571 293 4623 ss‘
310 4571 486 4639 ἀίσσωσσσίι,
506 4589 615 4640 ponere
630 4574 728 4644 polius
746 4574 926 4629 inclusionem
954 4578 1125 4631 conimieceri
1141 4575 1303 4631 adulterino
1322 4576 1452 4646 corpori,
1483 4593 1534 4631 nec
1557 4579 1629 4632 clare
1651 4578 1725 4633 hanc
1742 4596 1786 4634 oc·

91 4675 177 4727 qnam
201 4657 391 4725 exceptionem
410 4659 625 4722 fornicationis.
657 4659 885 4730 Respondemus:
904 4660 928 4715 si
953 4663 1092 4717 curionem
1123 4662 1241 4717 divortii
1269 4662 1440 4720 mulieribus.
1487 4662 1672 4718 Bellarminus
1695 4664 1788 4720 neutri

92 4741 218 4813 exceptio
243 4742 372 4812 ponenda
398 4742 497 4797 inille
521 4745 675 4813 sententia;
704 4747 853 4815 praecipio
871 4765 927 4802 non
954 4749 1082 4805 concedit
1099 4749 1164 4803 nori
1181 4748 1347 4803 matrimonii
1366 4753 1541 4818 potestatem.

93 4830 247 4891 discedere,
267 4828 364 4883 eadem
378 4829 507 4898 ponenda
521 4829 574 4885 erit
587 4830 616 4884 in
634 4830 696 4886 illa:
714 4833 743 4885 si
752 4834 927 4900 discesserit,-
989 4841 1047 4891 572.
1082 4835 1181 4890 Altera
1219 4841 1445 4906 argumentorum
1483 4842 1638 4890 nestrorum
1690 4834 1917 4892 elusissent·

91 4916 163 4970 ratio
181 4922 224 4970 est
241 4914 362 4976 evidens,
384 4915 450 4986 quia
470 4915 504 4971 de
524 4932 581 4970 una
594 4917 748 4988 eademque
759 4917 927 4977 discessione
954 4927 1062 4977 conant
1079 4938 1113 4975 ee
1130 4921 1296 4987 rationibus,
1315 4937 1431 4989 quarum
1446 4921 1536 4990 prima
1548 4921 1638 4990 petita
1654 4921 1690 4975 nl
1703 4922 1786 4977 aelai-
1798 4890 1903 4983 lm:-

91 5000 234 5072 apostolus
266 4999 398 5070 loquitur.
454 5001 532 5066 Quae
562 5002 648 5058 fuerit
681 4928 1020 5091 commentatorumltcrii
1035 5007 1203 5061 conditione.
1248 5005 1440 5077 Quodcunque
1467 5005 1557 5075 ipsam
1576 5004 1692 5062 sormam
1720 5024 1785 5063 con·
1800 4994 1865 5093 {¹⁸st

90 5087 207 5141 istorum
236 5086 390 5151 sententia,
423 5104 457 5142 er
488 5088 556 5158 ipsis
587 5105 683 5144 eorum
712 5091 804 5146 verbis
832 5092 941 5164 liquet:
949 5094 1022 5166 jugii
1043 5092 1123 5155 tollit,
1139 5099 1252 5162 propter
1271 5091 1341 5147 illud
1367 5091 1505 5161 separatio
1522 5091 1675 5164 conjugum
1694 5093 1786 5163 quoad
1799 5080 1906 5144 mussent

90 5170 304 5243 chrysostomus
326 5171 419 5227 homil.
445 5179 485 5229 19.
499 5174 528 5227 in
562 5181 580 5230 Ι.
599 5172 663 5229 Cor.
682 5182 710 5230 l:
743 5176 882 5238 Quoniam
900 5188 926 5232 et
952 5179 1094 5235 viriculum
1109 5177 1168 5233 fieri
1190 5185 1288 5249 potest
1336 5177 1420 5233 Itatio
1438 5177 1543 5248 pendet
1562 5193 1596 5232 er
1623 5179 1727 5234 usitata
1743 5152 1878 5247 reffi'

88 5266 208 5327 propter
225 5259 431 5326 continentiam,
458 5266 484 5312 et
507 5268 626 5330 propter
655 5262 731 5314 aliae
752 5279 863 5329 causus,
883 5266 921 5317 δι’
939 5266 1036 5337 [gulaz
1064 5265 1183 5319 Sublata
1199 5264 1244 5317 rei
1261 5265 1359 5328 formo
1385 5264 1496 5317 tollitur
1513 5280 1558 5317 res
1578 5263 1650 5333 ipso.
1696 5263 1787 5335 Atqui

90 5341 175 5405 ritino
194 5341 359 5421 προφάσεις,
390 5353 416 5398 σι
438 5345 545 5413 pusilli
572 5346 662 5399 animi
688 5349 836 5416 scrupulos
862 5367 925 5429 con·
939 5410 941 5419 ,
953 5351 1121 5406 adulterium
1139 5350 1229 5419 ipsam
1246 5348 1372 5419 conjugii
1391 5347 1507 5403 sormam
1526 5348 1607 5415 tollit,
1625 5347 1787 5419 quissolrit

91 5431 214 5498 tinpelnt
222 5432 294 5501 fieri
312 5433 474 5499 divisiones,
492 5431 590 5485 recline
610 5433 731 5502 quidem,
749 5435 848 5503 inquit,
866 5445 926 5490 nat
938 5436 941 5579 q
953 5438 1088 5492 unitatem
1106 5437 1211 5505 cunis,
1229 5435 1312 5490 iidem
1332 5434 1638 5506 conjugalemerertit,
1661 5433 1788 5507 adeoque

90 5519 203 5572 omnino
216 5535 273 5573 non
287 5518 367 5586 fieri,
398 5520 451 5572 sed
466 5518 618 5582 nifastem
640 5519 691 5587 sit,
723 5529 835 5575 maneat
855 5540 926 5578 uuor
953 5524 1015 5595 ipsa
1041 5520 1236 5578 substantialis
1256 5520 1423 5576 matrimonii
1450 5518 1550 5575 abolet
1584 5519 1725 5590 eonjugss
1753 5535 1787 5577 ex
