4020 6022
206 293 268 353 4³8
794 281 917 340 [ociis
934 281 1139 344 wettelmus
1157 284 1326 353 QUINTUS

206 441 267 498 obet
287 438 348 510 narb
370 439 552 509 requireret
565 438 610 508 bot
629 453 670 511 ec,
689 440 736 509 felt
754 439 804 496 bot
825 439 965 510 tffmtticbe
977 437 1042 494 aee
1069 439 1160 510 risset,
1175 443 1235 512 jam
1252 460 1317 498 vero
1336 442 1439 496 intutu
1457 443 1609 497 liberorum
1625 439 1765 512 conjugis
1776 456 1836 494 nen
1848 438 1913 494 adeo

205 526 306 596 libuit,
328 526 354 596 io
373 525 434 593 norb
464 525 640 596 uabeldioten
663 526 707 596 it,
737 527 793 583 bem
811 525 958 596 renitere
977 524 1042 593 oq·
1069 525 1106 580 ab
1124 527 1202 582 initio
1215 526 1302 598 firma,
1322 527 1435 583 fuerant
1447 527 1484 582 ab
1504 526 1721 599 imperatoribus
1740 525 1909 583 confirmata

208 614 307 693 libuit,
327 614 353 683 io
371 611 507 682 inimicita
523 612 564 683 te,
584 611 699 682 totidem,
721 613 752 669 id
770 613 845 686 quod
863 613 919 668 late
937 610 1041 667 ibidem
1069 612 1087 668 l.
1110 613 1164 678 Qui
1181 616 1210 669 in
1231 616 1373 687 prouincia
1391 621 1431 672 57.
1451 613 1479 671 li.
1498 614 1532 671 de
1546 615 1590 670 rit
1609 620 1705 684 nupt:
1728 614 1910 668 Monemaret

206 700 357 756 confirmat
411 697 517 764 Quodsi
536 716 601 755 vero
626 700 766 772 sponsalia
787 699 941 772 posteriora
958 697 1042 753 etiam
1069 702 1202 769 temporis
1219 702 1382 771 diurnitate,
1401 720 1455 771 qao
1474 702 1579 770 ipsura
1589 702 1670 770 juris
1684 702 1719 754 im
1731 698 1909 753 matrimonio

206 785 379 841 clandestina
395 802 446 856 per
463 786 592 857 copulam
603 793 792 842 consummata
808 786 947 857 prioribus
958 783 1042 839 etiam
1069 787 1204 841 eminenti
1214 789 1352 856 taifaieti
1364 797 1390 842 et
1404 791 1482 860 qaod
1493 790 1529 843 ab
1541 791 1607 844 aeia
1619 796 1669 841 tea
1680 787 1830 842 collecata
1839 792 1908 852 caet

205 871 325 942 publicis
346 871 405 926 sine
424 871 525 942 copula
552 873 702 928 contractis
725 872 917 944 praeferenda,
945 870 1042 941 utique
1068 890 1183 930 numero
1195 874 1343 930 liberorum
1355 885 1517 944 vestrorum,
1529 876 1636 929 idcireo
1656 892 1721 928 eam
1734 873 1807 927 haec
1819 871 1907 926 amaia

206 959 288 1014 etiam
303 959 508 1014 matrimonium
523 977 574 1030 per
586 959 715 1032 copulam
731 962 952 1015 consummatum
964 972 1041 1027 prae·
1068 961 1097 1014 ia
1116 979 1201 1016 uuum
1220 962 1614 1029 enumeram,⁹coafiremmus
1632 969 1740 1016 etatum
1758 960 1906 1015 liberorum

204 1044 350 1100 ferendum
367 1052 411 1101 est
427 1045 603 1116 sponsalibus
621 1045 759 1116 prioribus
777 1044 836 1100 eine
855 1044 955 1116 copula
977 1060 1041 1098 con·
1067 1056 1221 1103 uestronem
1238 1049 1268 1103 in
1286 1067 1318 1104 eo
1336 1051 1513 1104 matrimonio
1530 1049 1730 1119 quasitot-um,
1748 1049 1829 1116 quod
1847 1053 1905 1099 aute

204 1132 308 1200 tractis,
327 1131 373 1187 cui
396 1137 560 1203 argumento
587 1133 725 1204 quomodo
758 1132 847 1187 solide
882 1128 1043 1202 responderi
1069 1152 1157 1189 annos
1176 1137 1368 1204 quadrapiuta
1386 1143 1557 1190 contractum
1575 1143 1624 1206 est,
1637 1135 1768 1206 preinde
1787 1132 1906 1201 aequest

205 1218 306 1288 possit,
336 1218 424 1289 probe
449 1219 660 1290 dispiciendum
696 1219 804 1276 Tertio:
836 1217 885 1290 qai
913 1233 1042 1289 sponsam
1069 1221 1328 1292 lepitimecoaeepti
1343 1222 1472 1285 tanseat.
1501 1221 1620 1287 Quarto:
1639 1217 1904 1288 maritaariro,qni

206 1321 284 1360 suam
320 1305 356 1360 ab
398 1305 453 1361 alio
491 1322 676 1377 compressam
724 1304 921 1377 deprehendit,
980 1302 1042 1375 cogi
1069 1306 1148 1362 alteri
1166 1325 1283 1378 sponsae
1296 1308 1373 1378 prius
1392 1307 1475 1362 tidem
1494 1306 1725 1361 matrimonialem
1744 1305 1834 1373 dedit,
1850 1305 1904 1360 aba

207 1391 316 1462 nequit,
358 1397 390 1447 ut
429 1392 632 1449 matrimonium
676 1409 740 1447 cum
779 1408 814 1448 ea
863 1396 1041 1451 consummet,
1069 1400 1160 1449 tracta
1175 1393 1345 1449 haudtacile
1358 1394 1458 1448 iterum
1483 1393 1605 1449 inveniet
1617 1410 1763 1464 sponsum,
1788 1398 1904 1446 metuen-

205 1483 238 1531 ut
269 1477 397 1548 superius
421 1478 515 1533 multis
551 1478 736 1549 ostendimus3
786 1495 853 1550 ergo
886 1478 969 1533 etiam
994 1475 1043 1548 qui
1070 1481 1136 1536 dum
1155 1480 1248 1551 igitur,
1269 1497 1304 1535 ne
1316 1480 1439 1535 animum
1458 1480 1537 1534 malis
1551 1479 1658 1535 artibus
1678 1478 1816 1549 applicet,
1836 1475 1903 1548 quod

206 1581 336 1635 sponsam
370 1581 448 1620 snam
476 1565 555 1622 alteri
586 1565 720 1622 elocatum
748 1570 777 1621 et
797 1583 848 1636 per
867 1562 1042 1634 conjugalem
1069 1568 1096 1622 in
1111 1583 1278 1639 sponsanon
1295 1566 1481 1623 metuendum.
1513 1566 1698 1631 Quintotnon
1713 1567 1776 1620 sine
1792 1565 1904 1620 mnino

205 1650 333 1721 copulam
356 1650 411 1721 ipsi
428 1650 625 1708 adhaerentem
643 1650 838 1723 deprehendit,
857 1651 920 1723 cogi
937 1650 1043 1722 nequit,
1069 1654 1201 1710 eeendmo
1223 1655 1252 1708 in
1270 1671 1325 1708 une
1341 1654 1453 1709 civitate
1470 1653 1558 1708 rideri
1576 1658 1669 1724 potest
1688 1651 1814 1715 femina,
1840 1666 1904 1722 quae

208 1746 240 1793 ut
258 1755 319 1793 eam
338 1738 374 1793 ad
395 1756 425 1794 se
442 1739 559 1810 recipiat
583 1745 612 1794 et
631 1737 660 1793 in
677 1744 768 1794 torum
786 1737 940 1793 maritalem
960 1737 1043 1791 eollo·
1069 1742 1138 1798 duos
1157 1741 1242 1796 habet
1259 1741 1383 1806 maritos,
1406 1758 1500 1805 unum,
1524 1740 1569 1794 eni
1590 1745 1691 1810 sponte
1711 1738 1811 1809 nupsit
1828 1744 1856 1792 et
1873 1735 1903 1790 ab

205 1828 257 1879 0θῖ-
294 1824 415 1889 Οῑῑῦῐῐῡῑ
430 1825 496 1896 jure
512 1823 589 1879 civili
606 1824 630 1880 ei
649 1824 711 1896 quie
731 1823 839 1880 (limbus
858 1840 915 1881 rem
931 1824 961 1878 in
980 1821 1043 1877 ³⁰11·
1069 1846 1102 1885 eo
1121 1828 1256 1884 deflorata
1275 1835 1329 1896 est,
1350 1827 1481 1897 alterum,
1502 1827 1540 1882 ad
1566 1843 1648 1897 quem
1665 1825 1771 1881 marito
1798 1824 1904 1878 dimhso

208 1911 274 1965 dum
301 1909 458 1964 vendiderit
486 1915 515 1964 et
545 1910 692 1981 posteriori
722 1911 883 1976 tradiderit,
914 1916 975 1965 rata
1001 1913 1044 1964 est
1067 1921 1180 1986 propter
1203 1915 1285 1970 tidem
1315 1913 1543 1968 matrimonialem
1573 1917 1657 1967 antea
1686 1911 1786 1966 datam
1816 1910 1900 1965 redire

205 1997 289 2052 emtio
314 2013 378 2051 cum
399 2003 539 2067 postremo
565 1995 648 2064 inita,
680 1997 747 2054 licet
773 2013 837 2052 eum
857 1995 942 2067 priori
959 1994 1043 2050 etism
1069 2010 1165 2057 coacta
1182 2008 1225 2057 eet
1242 2002 1386 2071 eidemque
1404 1999 1556 2055 cohabitat.
1596 1999 1699 2055 Serto:
1716 1997 1741 2053 si
1760 1998 1809 2053 rel
1827 1995 1904 2050 mari·

205 2086 377 2138 contractum
403 2083 452 2150 til,
482 2082 500 2138 l.
519 2082 634 2148 Quoties
658 2081 689 2138 C.
715 2083 750 2139 de
778 2083 819 2139 rei
837 2082 969 2138 vindicat.
1009 2079 1042 2134 In
1069 2106 1112 2144 me
1129 2088 1272 2144 adulterae
1299 2086 1359 2142 loco
1385 2086 1487 2143 habere
1506 2085 1721 2151 velimutrum,
1747 2100 1823 2156 quae
1844 2086 1904 2154 poet

205 2171 323 2243 pignore
351 2169 425 2226 idem
456 2176 597 2239 amatu,
633 2168 681 2224 ille
710 2170 758 2241 qui
787 2169 864 2240 prius
896 2167 1041 2240 pecuniam
1068 2175 1206 2245 sponsalia
1234 2173 1315 2230 elteri
1348 2174 1459 2245 nupsit,
1488 2179 1582 2228 tamen
1611 2188 1668 2227 nou
1697 2177 1758 2226 tarn
1787 2185 1905 2241 corpore,

207 2257 290 2312 solvit
308 2262 337 2312 at
354 2262 453 2312 nactus
473 2261 516 2311 est
532 2256 650 2328 pignus,
674 2255 745 2311 illud
762 2257 877 2322 retinet,
894 2255 960 2310 licet
977 2270 1042 2309 cum
1068 2262 1142 2332 quod
1169 2261 1304 2315 intactum
1319 2260 1355 2315 ad
1374 2260 1503 2315 meritum
1530 2258 1637 2329 atnrlit,
1660 2275 1748 2330 quam
1769 2258 1862 2314 animo
1878 2263 1904 2312 et

205 2342 258 2399 elio
278 2341 313 2398 de
327 2342 539 2414 pignoramur
556 2341 653 2415 egerit,
671 2342 689 2396 1.
709 2341 808 2413 potor.
825 2340 858 2397 0·
879 2339 933 2406 Qui
951 2339 1043 2410 perior
1068 2352 1161 2402 mente
1178 2347 1307 2402 romara
1324 2346 1390 2415 erit,
1417 2347 1491 2418 quod
1511 2345 1596 2401 eoem
1621 2344 1802 2416 conjugalem
1819 2344 1903 2415 tege

204 2429 233 2484 in
250 2429 328 2501 pige.
362 2428 436 2484 Illud
457 2427 600 2500 Cypraeus
622 2429 649 2485 d.
670 2428 689 2487 l.
707 2428 743 2484 ad
762 2433 936 2500 praesentem
957 2443 1042 2499 quae·
1067 2435 1111 2499 rit,
1131 2433 1180 2489 sed
1193 2432 1245 2487 eie
1260 2433 1358 2490 manto
1378 2431 1555 2487 abstrahatur
1574 2439 1602 2488 et
1621 2448 1724 2502 sponso
1743 2431 1903 2488 cohabitare

203 2515 321 2571 ationem
356 2514 492 2587 applicari
528 2532 609 2585 posse
645 2514 735 2571 docet.
788 2515 825 2567 Io
854 2512 1041 2574 matrimonio,
1068 2527 1199 2591 cogatur,
1222 2525 1288 2574 tunc
1317 2519 1428 2574 demum
1459 2517 1600 2589 publicam
1626 2517 1759 2572 adulterii
1786 2517 1903 2588 speciem

203 2601 302 2674 inquit,
317 2603 393 2657 idom
404 2603 458 2671 ΙΝ
475 2603 644 2657 &retiarium
662 2617 721 2656 ⁶¹³0
739 2602 862 2656 rationis
878 2608 932 2669 eet,
955 2606 987 2653 ul
1008 2599 1042 2666 ²⁶⁸,
1067 2604 1211 2671 obtinebit,
1229 2604 1253 2658 si
1271 2604 1381 2659 vivente
1396 2620 1437 2669 eo,
1456 2603 1503 2659 cui
1521 2603 1550 2658 in
1570 2603 1779 2659 matrimonium
1800 2604 1865 2658 data
1877 2608 1904 2658 et

204 2690 254 2761 qui
271 2706 385 2745 osorem
397 2688 454 2743 sibi
471 2690 670 2759 desponsatam
688 2695 715 2742 er
734 2689 870 2743 orestem
889 2686 997 2755 aceepit
1017 2692 1042 2737 er
1067 2692 1103 2749 ab
1123 2709 1157 2748 eo
1175 2691 1322 2747 carnaliter
1342 2690 1470 2763 cognita,
1495 2690 1574 2746 alteri
1597 2689 1655 2745 viro
1680 2689 1711 2744 in
1729 2689 1902 2745 matrimonio

200 2777 340 2847 possidet,
353 2776 452 2846 potior
465 2776 502 2829 et
519 2775 579 2842 illo,
596 2778 644 2830 eui
660 2793 695 2830 ea
713 2782 820 2830 tautum
835 2774 982 2844 promissa
993 2779 1041 2840 eet,
1067 2777 1217 2834 cohabitet,
1258 2778 1395 2848 Septimo:
1423 2777 1446 2831 ei
1466 2776 1570 2832 semina
1590 2776 1699 2831 nubens
1713 2794 1833 2848 eponae,
1859 2774 1904 2848 qui

203 2882 270 2918 uam
299 2862 403 2934 copula
438 2868 537 2916 cassat
571 2862 775 2933 possessionem
803 2859 979 2915 matrimonii
1015 2866 1040 2912 tt
1067 2865 1147 2921 alteri
1173 2863 1283 2935 puellae
1312 2861 1395 2917 fidem
1432 2861 1557 2934 conjugii
1588 2861 1678 2931 dedit,
1714 2861 1902 2933 promissionis

203 2968 323 3022 spem
337 2957 405 3019 poet
425 2966 604 3020 compressum
616 2949 720 3018 accipit
733 2947 1041 3018 pienumtroditiooem
1067 2950 1141 3005 illius
1161 2950 1240 3005 alteri
1266 2948 1357 3004 factae
1380 2948 1465 3004 tuerit
1490 2947 1589 3018 ignara
1610 2947 1652 3014 (id
1678 2949 1759 3019 quod
1776 2949 1806 3004 in
1824 2965 1903 3020 qnae·

205 3037 335 3106 eorporis
358 3035 473 3106 seorim
507 3044 533 3090 et
555 3035 585 3089 ie
617 3037 702 3090 dubio
729 3035 829 3106 potior
851 3043 893 3089 est
918 3032 1042 3088 conditio
1067 3038 1155 3093 stione
1173 3036 1227 3091 tuit
1243 3035 1399 3105 additum),
1416 3040 1652 3106 praetoremnem
1668 3033 1785 3106 culpam
1802 3036 1903 3107 gravia-

200 3123 383 3195 poeeideatie.
429 3121 561 3181 Bartolns
584 3121 602 3176 l.
629 3121 653 3177 si
675 3121 738 3177 duo.
763 3120 792 3176 ff.
818 3120 860 3175 uti
882 3120 1038 3192 possidetis.
1067 3124 1164 3178 simam
1182 3122 1300 3177 sustinet
1318 3137 1449 3192 poenam,
1469 3120 1580 3190 quando
1598 3119 1747 3186 emerito,
1772 3121 1819 3176 cui
1834 3121 1903 3177 forte

204 3214 231 3266 3.
253 3213 298 3265 Ea
314 3210 469 3282 maltr‘pliei
492 3208 670 3263 absurditate
695 3207 863 3263 contrariam
884 3206 1041 3279 opinionem
1068 3227 1117 3281 per
1136 3208 1243 3280 aliquot
1261 3225 1347 3263 annos
1367 3206 1537 3262 cohabitavit
1548 3212 1577 3261 et
1592 3204 1695 3261 liberos
1711 3223 1749 3261 ex
1766 3224 1799 3263 eo
1815 3225 1903 3263 susce

205 3302 398 3368 consequente.
443 3294 537 3351 Primo
555 3295 579 3348 si
597 3294 634 3364 is,
659 3293 708 3366 qui
731 3299 795 3366 post
819 3294 960 3366 sponsalia
977 3310 1041 3350 con·
1068 3297 1118 3367 pit,
1137 3294 1266 3350 avellitur
1283 3299 1312 3349 et
1329 3293 1358 3348 in
1374 3292 1633 3347 viduitatisstatum
1648 3309 1713 3347 cnm
1731 3292 1828 3349 liberis
1848 3293 1903 3348 mis

205 3390 296 3440 tracta
315 3384 394 3440 ducit
417 3382 513 3451 aliam,
536 3399 571 3437 er
592 3382 709 3438 maritae
733 3382 796 3437 sinn
819 3381 985 3438 avelleretur
1008 3397 1041 3436 ac
1067 3382 1229 3452 conjicitur,
1253 3381 1309 3436 imo
1327 3379 1456 3434 adulterii
1477 3378 1633 3450 suspicione
1653 3387 1804 3450 gravatur,
1823 3380 1902 3452 quale

86 3520 94 3535 ,
205 3487 339 3544 sponsae,
372 3468 418 3524 cui
440 3469 519 3540 prius
546 3468 629 3523 tidem
658 3467 888 3524 matrimonialem
917 3467 1042 3537 dederat,
1068 3467 1271 3524 incommodum
1295 3466 1324 3521 in
1350 3464 1524 3537 separatione
1546 3471 1772 3536 antegressomm
1790 3483 1901 3538 sponsa·

205 3557 368 3628 traderetur,
386 3563 454 3611 tunc
473 3557 546 3626 ejus,
571 3571 643 3626 quae
660 3554 792 3611 minorem
807 3571 891 3625 passa
908 3561 950 3610 est
969 3554 1041 3625 inju-
1067 3557 1166 3611 iiorum
1188 3555 1301 3609 minime
1325 3553 1446 3608 omnium
1468 3552 1653 3607 metuendum.
1697 3557 1722 3608 t.
1746 3555 1791 3607 Ab
1815 3571 1900 3608 esem

205 3645 289 3713 riam,
312 3642 462 3699 haberetur
480 3642 551 3698 ratio
569 3643 672 3713 major,
690 3647 719 3697 et
736 3641 857 3697 vicissim
877 3643 951 3713 ejus,
970 3657 1042 3713 quae
1062 3644 1179 3713 plorum
1205 3642 1332 3694 raritate.
1376 3637 1519 3709 Cypraeus
1547 3638 1573 3694 d.
1607 3639 1626 3692 l.
1663 3641 1754 3694 multa
1791 3639 1903 3695 adduct

205 3732 339 3801 maJ’orem
358 3728 488 3800 injuriam
504 3744 588 3799 passa
607 3733 674 3794 erat,
692 3726 842 3784 haberetur
859 3727 931 3784 ratio
944 3727 1041 3784 minor.
1067 3727 1195 3798 exempla
1212 3725 1391 3793 feminarum,
1414 3741 1485 3795 quae
1510 3729 1574 3794 poet
1599 3725 1743 3795 sponsalia
1764 3733 1903 3781 connects

206 3817 263 3874 Sed
275 3831 445 3887 consequens
459 3813 593 3886 aequitati
602 3814 773 3869 adversatur.
796 3814 878 3887 Ergo.
901 3813 1042 3870 Connexio
1068 3817 1133 3872 aliis
1153 3813 1219 3868 viris
1238 3813 1267 3868 in
1288 3810 1492 3889 matrimonium
1523 3815 1589 3865 snut
1613 3811 1754 3882 elaeatae,
1782 3813 1832 3875 sed
1860 3813 1902 3866 vir

205 3903 349 3976 probatur,
368 3901 434 3973 quia
452 3899 503 3956 etsi
520 3900 636 3955 maritus
656 3900 767 3971 utrique
787 3900 918 3972 injuriam
935 3900 1041 3966 feeerit,
1071 3907 1198 3958 occurret
1214 3899 1328 3970 aliquod
1347 3896 1509 3967 exemplum,
1521 3895 1597 3968 quod
1616 3896 1722 3952 maritis
1734 3897 1902 3954 illisiueriut

205 3990 289 4063 priori
323 3987 435 4060 quidem
464 3986 549 4041 iidem
579 3985 755 4057 conjugalem
782 3985 876 4041 datam
902 3986 1042 4051 violando,
1071 3995 1181 4060 ereptae
1206 3994 1234 4044 et
1253 3984 1361 4057 sponsis
1388 3985 1445 4038 suis
1464 3984 1564 4038 iterum
1584 3983 1710 4040 traditae
1748 3984 1841 4040 indic
1866 3992 1901 4051 15,

206 4074 352 4147 posteriori
371 4073 400 4128 id
418 4071 494 4144 quod
511 4071 540 4125 in
557 4071 702 4143 lpotestate
731 4089 783 4126 sna
805 4088 861 4126 non
887 4079 961 4142 erat,
988 4080 1042 4128 tra·
1069 4093 1094 4133 r.
1116 4082 1139 4133 2.
1176 4073 1308 4130 Simeonis
1325 4088 1428 4143 sponsa
1446 4070 1490 4124 vel
1510 4069 1602 4140 potius
1620 4087 1689 4124 uror
1705 4071 1829 4127 traditur
1847 4071 1901 4126 cui·

207 4163 307 4226 dendo,
326 4178 382 4232 qua
400 4160 429 4214 in
447 4166 527 4230 parte
539 4158 684 4230 aequalem
704 4175 804 4229 passae
822 4165 887 4215 sunt
904 4159 1043 4231 injuriam,
1070 4163 1133 4216 dam
1150 4160 1317 4223 Philistaeo,
1342 4157 1390 4212 sed
1412 4157 1522 4213 Simeon
1538 4174 1600 4211 eam
1617 4173 1673 4212 non
1691 4157 1810 4228 repetit,
1838 4158 1900 4229 quin

206 4258 299 4306 tamen
318 4247 355 4304 ad
367 4247 487 4319 priorem
506 4245 597 4300 minus
617 4244 785 4300 incommodi
804 4245 885 4311 redit,
904 4246 929 4300 si
941 4261 1043 4317 sponso
1068 4249 1161 4319 potius
1178 4264 1211 4302 ao
1230 4246 1341 4302 nemine
1360 4243 1518 4298 Philistaeis
1546 4242 1619 4297 mala
1638 4243 1738 4313 infert,
1763 4261 1798 4300 ac
1817 4243 1899 4299 Phiii-

206 4350 301 4391 earere
324 4337 456 4404 cogatur,
484 4347 568 4401 quam
593 4329 630 4384 ad
660 4331 855 4401 posteriorem,
881 4331 906 4385 si
928 4332 1043 4386 maritus
1068 4335 1137 4389 staei
1162 4332 1320 4400 audientes,
1345 4329 1420 4402 quod
1443 4329 1576 4385 Simeonis
1599 4345 1678 4384 socer
1702 4348 1819 4386 uxorem
1845 4332 1900 4402 ejus

205 4422 246 4478 illi
260 4420 409 4490 eripiatur,
433 4416 518 4488 priori
541 4416 614 4472 enim
639 4416 762 4472 nondum
784 4423 881 4487 erepta
900 4424 943 4473 est
959 4418 1042 4490 virgi·
1068 4421 1148 4476 alteri
1184 4418 1331 4474 tradiderit
1360 4424 1390 4471 et
1414 4415 1451 4470 ad
1480 4415 1632 4469 vindictam
1663 4414 1741 4470 illam
1770 4432 1899 4488 meran

206 4509 294 4574 nitas,
319 4506 437 4576 ideoque
460 4503 570 4560 facilius
590 4504 673 4560 aliam
701 4503 887 4559 conditionem
911 4521 1043 4576 quaerere
1067 4525 1148 4562 suum
1170 4504 1323 4576 impulerit,
1351 4505 1556 4557 &scenderunt
1577 4510 1603 4554 et
1620 4502 1828 4557 combremarum
1848 4511 1900 4557 tea

207 4601 237 4654 et
253 4592 378 4648 invenim
396 4596 495 4662 potest,
514 4590 564 4645 sed
579 4590 724 4661 posteriori
736 4590 816 4661 illud,
832 4591 906 4662 qnod
919 4591 948 4646 in
964 4590 1042 4646 femi·
1067 4595 1210 4649 mulierem
1235 4609 1319 4661 qaeem
1333 4596 1447 4659 putrem
1469 4589 1546 4658 ejus,
1570 4605 1643 4658 quae
1659 4588 1715 4643 fait
1729 4589 1810 4660 justa
1827 4587 1900 4660 perfi-

207 4701 259 4739 neo
278 4698 346 4738 sexu
364 4677 632 4751 praestantissimum
650 4684 785 4749 censetur,
806 4685 941 4750 ereptam,
959 4678 1043 4750 virgi·
1068 4681 1131 4735 diae
1148 4695 1246 4750 poena.
1286 4683 1308 4732 1.
1320 4674 1439 4731 Samuel.
1456 4679 1493 4738 te,
1513 4691 1539 4728 v.
1562 4680 1601 4730 lt.
1635 4673 1900 4730 MerobSeulisfilia

208 4768 280 4823 nahe
316 4765 423 4822 scilicet
458 4764 612 4836 integritas.
671 4765 751 4821 Hanc
788 4765 923 4821 rationem
962 4768 1044 4837 urget
1069 4765 1171 4822 Duridi
1189 4765 1357 4834 desponsata
1376 4762 1459 4816 datur
1475 4760 1600 4815 Hadrieli
1621 4760 1805 4824 Molathitae,
1833 4759 1899 4834 qnod

210 4854 349 4910 Lutherus
368 4852 395 4911 d.
408 4851 426 4907 l.
440 4850 476 4906 de
495 4867 570 4906 caus.
589 4849 707 4908 matrim
726 4851 746 4909 t.
767 4856 826 4907 248.
861 4849 1001 4909 Secundo:
1020 4850 1043 4904 si
1070 4852 1230 4924 eonjugium
1247 4865 1381 4921 perquam
1398 4847 1545 4902 infeliciter
1565 4847 1661 4915 cessit,
1686 4847 1754 4918 quia
1772 4849 1856 4904 liberi
1873 4864 1899 4902 er

210 4940 319 4999 mulieri
336 4940 478 5011 integrum
491 4937 658 5009 relinquitur
675 4954 694 4992 a
711 4938 819 5008 marito,
837 4937 882 4992 cui
895 4937 1045 4992 solenniter
1071 4956 1103 4995 eo
1131 4936 1219 5009 geniti
1244 4941 1307 5008 post
1329 4952 1415 4990 annos
1445 4933 1553 5006 aliquot
1578 4933 1728 5002 suspendio
1758 4935 1899 5005 perierunt

208 5033 297 5098 nupta
320 5032 362 5082 est
387 5031 416 5081 et
437 5022 575 5095 copulata,
597 5022 632 5077 ob
652 5023 793 5095 sponsalia
814 5040 877 5079 oum
895 5023 949 5079 alio
968 5023 1045 5094 prius
1072 5031 1095 5081 2.
1116 5023 1234 5080 Samuel.
1254 5028 1301 5087 21,
1323 5040 1348 5076 v.
1370 5025 1395 5078 8.
1438 5019 1532 5075 David
1558 5030 1622 5074 vero
1649 5018 1723 5074 hanc
1741 5020 1900 5090 injuriatus

209 5119 351 5171 contracta
367 5112 527 5179 discedere,
549 5108 633 5165 facile
656 5109 807 5166 subornare
830 5110 934 5181 poterit
951 5109 1045 5175 alium,
1072 5111 1154 5168 Saule
1177 5127 1243 5181 rege
1267 5108 1321 5163 sibi
1350 5107 1452 5162 tactam
1476 5104 1668 5162 dissimulavit.
1715 5111 1742 5163 ὁ.
1767 5109 1816 5161 Er
1838 5111 1900 5178 jare

209 5200 256 5274 qui
273 5217 334 5257 eam
353 5197 407 5255 sibi
435 5197 632 5268 desponsatam
652 5195 740 5252 fuisse
759 5202 919 5267 praetexat,
945 5201 977 5250 ut
994 5195 1046 5250 hac
1073 5198 1216 5254 canonico.
1239 5194 1397 5250 Alexander
1408 5191 1461 5248 111.
1475 5211 1498 5249 c.
1511 5193 1591 5248 Licet
1605 5197 1715 5263 praeter
1729 5192 1843 5249 solitum
1856 5201 1901 5249 etr.

85 5311 138 5359 xpp,
149 5309 196 5356 m,
208 5288 315 5344 ratione
332 5302 350 5341 a
368 5284 518 5355 posteriore
537 5283 645 5347 marito,
666 5286 746 5349 cujus
764 5283 858 5340 taedio
876 5288 905 5339 et
918 5282 1048 5339 satietate
1074 5304 1099 5340 x.
1118 5284 1270 5354 desponsa
1290 5281 1419 5348 duorum',
1437 5278 1544 5341 statuit,
1562 5277 1637 5350 quod
1657 5296 1737 5346 neor,
1755 5297 1829 5349 quae
1843 5286 1901 5352 poet

208 5374 326 5442 laborat,
344 5370 529 5427 abstrahatur.
559 5369 667 5426 Tertio:
688 5371 713 5424 si
730 5388 763 5426 ex
784 5370 935 5441 posteriore
953 5369 1047 5424 matri·
1074 5371 1222 5441 sponsalia
1251 5371 1286 5424 de
1310 5368 1455 5438 praesemi
1484 5372 1629 5420 eontracta
1657 5365 1745 5419 alteri
1771 5371 1901 5436 nupserat

209 5461 300 5516 monio
318 5458 379 5513 nati
395 5455 489 5519 liberi,
508 5456 564 5512 illis
583 5473 686 5529 magna
705 5458 877 5529 irrogaretur
895 5456 1005 5528 injuria,
1024 5456 1045 5510 si
1074 5461 1115 5513 ad
1128 5458 1257 5528 priorem
1273 5455 1370 5509 redire
1384 5454 1491 5516 debeat,
1510 5450 1558 5508 sed
1577 5450 1678 5506 diserte
1690 5450 1779 5522 addit,
1798 5471 1817 5505 a
1825 5467 1901 5523 pree·

210 5550 376 5618 cogerentur
393 5548 481 5597 matre
500 5542 660 5597 dulcissima
676 5559 787 5612 carere,
804 5551 952 5614 propterea
971 5543 1045 5615 quod
1075 5544 1264 5599 decessoribus
1283 5542 1342 5595 sais
1359 5541 1449 5604 fuisse
1468 5538 1626 5608 aliquando
1638 5536 1725 5591 aliter
1736 5539 1902 5607 jadmatum

206 5632 259 5689 illa
274 5636 340 5687 ante
359 5628 520 5701 conjugium
536 5629 680 5699 sponsalia
696 5627 769 5684 torte
786 5646 851 5684 cum
860 5629 917 5685 alio
931 5637 1040 5685 conma-
1074 5631 1107 5686 Iu
1125 5627 1275 5686 Mutinensi
1294 5626 1411 5683 ecclesia
1427 5624 1457 5678 id
1474 5625 1566 5696 ipsum
1576 5624 1712 5679 usitatum
1724 5622 1814 5682 fuisse
1831 5624 1903 5682 ceut-
