4020 6022
804 336 858 393 Du
875 336 1074 397 cortinam.
1711 350 1770 409 411

87 494 217 562 intellipi.
254 492 324 549 Cum
352 493 427 549 enim
449 493 541 549 unitas
562 493 717 565 conjugalis
733 511 789 549 non
813 499 920 547 tantum
948 495 1021 551 mitti
1052 513 1108 552 non
1136 496 1227 552 debet
1281 496 1455 567 Augustinus
1485 495 1535 553 lib.
1566 500 1590 551 2.
1620 495 1656 551 de
1687 495 1774 551 adult

87 580 117 634 in
137 580 249 649 affectu,
266 580 316 635 sed
331 580 414 635 etiam
432 580 462 636 ιιι
479 585 577 635 mutua
600 596 745 651 corporum
773 586 917 650 potestate,
947 582 1058 653 coniug.
1076 581 1112 636 ad
1131 581 1247 637 Pollent.
1265 598 1289 637 c.
1310 587 1357 638 1³:
1384 583 1460 637 Puto
1480 580 1669 636 Christianum
1686 583 1774 636 nemi·

87 666 214 738 adeoque
245 675 276 723 ut
308 665 434 722 Christus
464 666 602 739 loquitur,
631 667 662 720 in
693 667 789 720 carnrir
813 666 920 720 unitate
946 685 1009 721 nem
1033 667 1171 722 reluctari
1194 668 1367 723 adulterium
1394 684 1454 722 esre
1478 668 1576 731 ιιιιιιιι,
1596 668 1647 735 qui
1662 668 1705 722 oet
1723 667 1775 721 diu

88 753 236 822 consistat,
252 752 315 808 ideo
336 754 372 808 ad
386 753 548 809 solvendum
565 752 765 808 matrimoniale
781 752 920 806 vinculum
946 752 1094 821 lanpueme
1120 753 1165 808 ool
1193 755 1244 808 diu
1273 753 1392 823 absente
1422 754 1466 807 nd
1497 754 1668 809 continenter
1685 754 1844 808 cicerextl·
1857 760 1903 803 itt.

87 856 145 894 non
161 838 269 895 sufficit
287 838 397 894 adulter
417 839 525 894 animm
541 839 586 895 vel
605 839 714 895 adulter
729 838 839 903 oonlns,
870 837 920 894 sed
946 840 1072 908 cupiente
1090 842 1207 909 conjupc
1223 856 1293 908 aua,
1309 839 1395 893 alteri
1409 839 1571 892 comminue
1586 847 1628 892 ιιι
1639 840 1776 907 samace.

90 925 184 979 carnis
204 924 339 981 unitatem
359 923 510 979 dissolvens
538 930 666 980 externus
686 924 816 979 adulterii
833 930 919 979 actus.
949 924 1018 978 cum
1035 942 1101 994 erpo
1118 925 1191 979 nibil
1206 926 1347 980 demusin
1361 925 1417 979 ieta
1434 925 1660 994 deprehendatur
1677 926 1776 992 fumun

89 1016 114 1067 3.
135 1010 268 1074 Quamvis
286 1010 415 1067 mollities
435 1010 716 1079 onaniticumscelus‚
733 1017 840 1065 mutum
858 1026 920 1081 pec·
946 1011 1014 1079 qnia
1038 1029 1088 1066 nec
1110 1011 1248 1081 propriae
1272 1011 1402 1065 libidinia
1420 1011 1566 1078 instinctu,
1598 1028 1648 1065 nac
1664 1011 1776 1064 alienae

88 1102 183 1151 catum
207 1096 266 1152 sive
289 1096 446 1153 voluntaris
471 1096 583 1151 seminis
605 1095 728 1167 profirsio
751 1112 843 1152 coram
865 1093 918 1150 Dei
946 1113 1091 1166 conuentu,
1108 1115 1158 1152 nec
1176 1099 1237 1151 uiro
1269 1097 1500 1166 acclamante,
1522 1097 1565 1150 uel
1583 1097 1776 1164 alsenmsel

86 1183 195 1253 J'ndicio
222 1184 260 1238 sit
276 1183 359 1255 louge
377 1183 489 1254 gravius
508 1183 654 1253 delictum,
685 1199 768 1254 quam
791 1181 920 1236 scortatio
945 1184 1115 1238 continemr
1126 1185 1217 1238 uivere
1230 1184 1357 1252 cupiente
1368 1182 1497 1237 nutante
1508 1182 1569 1247 alii,
1582 1182 1777 1237 redoidenter

89 1269 136 1326 vel
158 1269 339 1335 adulterium,
368 1276 461 1326 tumen
483 1287 546 1325 cum
567 1287 617 1342 per
645 1287 705 1325 eam
722 1285 840 1340 persorm
856 1284 919 1323 con·
946 1269 1041 1324 alteim
1059 1268 1177 1324 libidine
1196 1286 1332 1339 oppressa
1349 1270 1404 1323 oim
1417 1268 1546 1337 pertulit,
1558 1276 1687 1338 apparet,
1702 1270 1778 1337 quad

86 1356 640 1428 Jugatanondisrumpatmanimonislis
649 1355 763 1411 unitatis
772 1355 919 1421 rmculum,
944 1370 994 1408 nec
1022 1356 1168 1425 adultera,
1190 1373 1241 1409 nec
1256 1354 1418 1420 fornicaria
1441 1354 1501 1408 dici
1514 1362 1615 1424 potest,
1632 1357 1708 1408 unde
1727 1371 1777 1409 nec

90 1441 155 1498 ideo
172 1459 224 1498 neo
242 1442 292 1497 illa
310 1441 346 1496 ad
365 1441 513 1498 divortium
538 1441 697 1498 iaciendum
721 1441 861 1497 ruffinum
878 1447 920 1495 est
945 1442 1043 1511 aliqua
1062 1445 1205 1497 occarione
1221 1424 1296 1496 nale't
1312 1442 1423 1496 dimitti.

90 1545 190 1598 musa,
217 1528 320 1601 qnod
312 1546 403 1599 ipsum
422 1528 456 1583 de
473 1529 659 1601 praeposteris
679 1534 707 1583 et
732 1533 920 1600 praeternatu·
980 1533 1038 1585 613.
1074 1527 1264 1593 Quaerinut.
1276 1545 1314 1581 an
1331 1528 1362 1582 in
1376 1528 1493 1583 crimine
1504 1527 1903 1595 adulteriiperronarmrmn

88 1615 196 1670 ralibus
214 1632 278 1670 cum
295 1615 414 1686 conjuge
430 1615 625 1685 congressibus
642 1614 834 1684 statuendum,
865 1614 958 1669 alia
946 1632 1076 1669 innocens
1107 1623 1232 1669 ansatur
1254 1622 1395 1669 nocentem
1420 1616 1547 1669 dmerm
1574 1613 1618 1667 rel
1635 1588 1894 1680 ιιιιιιιιιῃοζξῃι,ιι

88 1719 155 1759 vero
174 1702 245 1757 ratio
265 1708 307 1757 ιιι
325 1702 464 1757 sodomiae
481 1701 657 1758 bestialitatis
675 1707 703 1756 et
720 1701 852 1766 incestus,
871 1717 920 1771 per
945 1700 1162 1772 Hieronymus
1154 1718 1183 1756 ιιι
1207 1718 1231 1757 c.
1255 1699 1411 1757 luninech
1440 1699 1588 1768 existimat,
1616 1694 1909 1783 ιιιιιιιιιιιιιιξξιζιξὲζιπί

88 1806 162 1861 qnae
179 1787 289 1860 flagitia
306 1790 407 1860 conjux
424 1805 525 1859 corpus
542 1806 636 1854 suum,
660 1789 740 1860 cujus
755 1793 920 1859 potestatem
946 1808 1000 1844 non
1014 1804 1100 1857 posue
1119 1805 1169 1841 nec
1187 1788 1287 1841 debere
1300 1787 1423 1856 retineri,
1443 1786 1524 1857 cujus
1542 1785 1708 1841 sententiam
1727 1801 1802 1884 ap·v
1788 1795 1902 1835 ctutum·

88 1892 146 1931 nors
164 1874 258 1940 babet,
276 1875 357 1931 alteri
374 1875 459 1930 tradit
476 1881 504 1931 et
524 1874 768 1943 unitutcmcaruis,
788 1891 845 1945 qua
856 1890 920 1929 con-
944 1873 1045 1944 probat
1061 1873 1185 1928 Bnoerus
1212 1872 1273 1927 libr.
1301 1878 1325 1927 ιι
1352 1872 1387 1928 de
1412 1888 1498 1944 ragno
1518 1871 1621 1927 Christi
1647 1887 1709 1941 cap.
1732 1856 1802 1925 32'
1788 1845 1881 1939 ..ἔξω

86 1960 152 2032 jugi
171 1961 371 2033 agglutinatum,
389 1959 494 2017 nefarie
505 1960 659 2032 disrumpit
682 1967 704 2018 1.
717 1960 779 2016 Cor.
797 1966 861 2029 ιιι.
876 1965 920 2015 m:
946 1959 1138 2030 Hemmingius
1157 1959 1193 2013 de
1210 1958 1383 2014 matrimonio
1403 1975 1468 2030 pag.
1488 1962 1545 2015 183.
1564 1955 1661 2024 refert,
1684 1955 1776 2011 ιιιιιιιι

93 2046 148 2111 Qut
175 2050 313 2103 adiceret
340 2056 447 2117 scorto,
480 2049 604 2114 efficitur
628 2067 713 2104 unum
737 2065 840 2117 corpus
859 2064 920 2101 cum
947 2045 1084 2117 quendam
1108 2044 1199 2117 pium,
1229 2045 1278 2117 qni
1304 2049 1458 2115 stupratam
1487 2043 1523 2098 ab
1549 2042 1604 2097 alio
1627 2043 1775 2114 conjugem

89 2150 130 2189 eo.
167 2133 246 2190 Idem
266 2135 442 2191 stamendnm
459 2133 495 2189 de
513 2133 641 2191 nefandis
658 2150 720 2189 cnm
738 2132 868 2189 masculis
886 2149 920 2187 ac
947 2132 1065 2188 retinere
1091 2131 1236 2204 cupiebat,
1264 2130 1413 2187 aDaniae
1441 2147 1508 2202 rege
1537 2128 1694 2185 Christiano
1723 2127 1776 2185 111.

89 2219 187 2276 bestiis
216 2219 410 2291 congressibus
443 2220 643 2292 temporalibus
679 2227 708 2275 et
740 2217 920 2275 infernalibus
946 2236 1010 2275 cum
1033 2224 1131 2274 senatu
1156 2217 1235 2288 regni
1256 2225 1284 2274 et
1307 2216 1467 2273 academiae
1491 2215 1663 2286 compulsum
1681 2214 1776 2280 fnisse,

90 2306 209 2361 flammis
230 2307 296 2377 J'ure
313 2306 501 2367 vendicandis.
547 2314 573 2362 4.
591 2307 720 2378 Denique
743 2306 855 2377 quando
872 2305 920 2360 ad·
947 2305 998 2360 etsi
1016 2305 1097 2361 valde
1114 2303 1304 2372 reluctantem,
1323 2308 1355 2358 ut
1372 2319 1447 2358 ream
1458 2319 1605 2373 personum
1618 2301 1776 2370 dimitteret,

90 2393 220 2448 ultorium
243 2393 355 2448 divortii
381 2392 521 2448 sufficiens
539 2398 568 2450 et
581 2395 660 2464 justa
683 2409 767 2448 cause
783 2391 921 2460 statuitur,
947 2408 981 2446 ne
998 2390 1133 2446 functioni
1150 2390 1291 2462 publicae,
1320 2407 1403 2461 quam
1422 2406 1530 2444 summa
1547 2405 1610 2443 cnm
1627 2387 1711 2443 laude
1727 2386 1776 2441 ad·

93 2478 261 2535 adulterium
278 2478 464 2535 voluntarium
481 2496 516 2535 ac
536 2485 728 2550 spontaneum,
746 2494 920 2550 nequaquam
947 2476 1130 2542 ministrabat,
1147 2476 1252 2531 inutilis
1268 2475 1438 2531 redderetur.
1475 2473 1580 2529 Contra
1596 2490 1661 2528 vero
1679 2474 1776 2544 Augu·

91 2581 158 2620 vero
182 2564 334 2623 violentum
363 2565 491 2637 conjugis
511 2571 637 2637 stuprum
661 2564 832 2636 intelligitur.
879 2564 920 2619 Ex
947 2564 1036 2619 atinus
1053 2564 1082 2619 in
1100 2563 1161 2619 libr.
1179 2563 1215 2619 de
1234 2561 1396 2618 adulterinis
1415 2562 1526 2632 conjug.
1555 2559 1593 2615 ad
1608 2559 1776 2616 Pollentiam

91 2651 184 2707 animo
209 2652 295 2722 enim,
327 2669 383 2706 non
402 2669 437 2709 ex
454 2658 519 2706 actu
538 2651 712 2707 aestimanda
727 2657 794 2706 sunt
811 2650 920 2706 debota
947 2668 1009 2722 cap.
1033 2658 1057 2707 9.
1078 2656 1103 2708 t.
1123 2656 1152 2706 et
1170 2657 1195 2707 9.
1214 2656 1243 2705 et
1264 2648 1312 2705 alii
1335 2646 1509 2714 existiment,
1534 2647 1694 2701 adultem
1719 2664 1776 2701 non

95 2739 148 2793 Ubi
165 2741 242 2794 deest
258 2757 403 2808 aecensus,
432 2738 473 2792 ibi
489 2746 516 2792 et
533 2745 642 2802 reatae,
667 2754 717 2792 nec
740 2754 805 2792 oere
821 2739 921 2792 uitiata
942 2755 1027 2808 poste
1047 2755 1095 2793 nec
1113 2738 1213 2792 debere
1229 2735 1388 2805 repudiari,
1406 2734 1458 2787 sed
1468 2741 1582 2802 partem
1597 2732 1776 2807 ,innocentem

90 2826 200 2880 canceri
222 2833 327 2895 potest,
357 2826 404 2879 cui
423 2841 478 2897 per
502 2826 558 2879 nim
580 2826 692 2880 illatum
710 2825 878 2880 estodium.
897 2841 920 2878 c
946 2828 981 2879 de
1003 2825 1068 2893 iure
1093 2824 1181 2878 mneri
1202 2825 1243 2877 ad
1260 2821 1521 2877 reconciliationem.
1565 2819 1622 2877 Nos
1648 2827 1776 2875 ιιιιιιιιιιι

90 2911 171 2978 Quod
182 2917 275 2968 autern
288 2916 341 2968 etc.
355 2917 396 2968 32.
416 2929 443 2983 q.
458 2918 488 2968 ιε
503 2912 652 2967 Pudicitia
668 2921 709 2966 eet
726 2911 921 2975 ιιιιιιιαιιιιι,
944 2911 1069 2982 praecise
1102 2926 1248 2982 urgemus,
1280 2909 1329 2964 sed
1346 2907 1392 2962 ria
1418 2907 1510 2962 medis
1528 2906 1688 2961 incedentes
1717 2912 1776 2962 ten-

89 3015 161 3068 auae
190 2999 351 3054 nolentiam
382 3017 438 3054 non
457 3000 546 3054 ιιιιιι.
599 2999 724 3071 Corpori
744 2999 920 3069 monnesio
944 2997 1059 3051 tandm
1076 2995 1153 3066 prius
1168 2992 1493 3050 essereconciliutionem
1507 2992 1624 3047 dicimus
1635 2992 1776 3059 (nimirum

89 3086 228 3155 insertur,
259 3103 316 3139 non
339 3085 441 3139 animo.
494 3085 572 3139 Unde
591 3086 717 3154 ιιιιιυιι
744 3101 846 3154 oorpm
862 3085 918 3139 oio·
947 3084 971 3137 ιι
995 3098 1114 3153 persona
1138 3081 1166 3135 in
1191 3079 1357 3135 adulterium
1381 3079 1459 3148 lapsa
1481 3095 1536 3132 non
1563 3078 1601 3133 sit
1618 3077 1776 3148 deploratae

88 3170 180 3225 lenter
211 3177 423 3240 corrumpetur,
455 3170 483 3225 ιι
506 3169 650 3242 pudicitia
674 3173 772 3226 mentis
796 3177 920 3225 seruetur
947 3167 1077 3232 malitiae,
1096 3183 1148 3222 nec
1165 3164 1315 3237 prostituet
1333 3181 1364 3220 se
1381 3180 1445 3219 cum
1461 3163 1575 3234 publica
1597 3163 1727 3228 infamia,
1750 3164 1774 3217 si

91 3257 207 3326 illaad,
234 3265 327 3312 tamen
344 3256 459 3311 ιαιιιιιι
476 3257 655 3326 duplicatur,
686 3258 759 3312 sicut
775 3260 812 3313 B.
830 3258 921 3311 lamia
945 3258 1022 3310 certet
1038 3269 1103 3325 spes
1120 3252 1263 3324 affulgeat,
1280 3250 1340 3307 iore
1356 3255 1388 3305 ut
1405 3250 1435 3304 iu
1445 3254 1586 3321 posterum
1604 3258 1682 3306 casto
1699 3248 1776 3305 visat

88 3344 185 3407 fertur
214 3343 319 3397 ἀιιιιιιι
337 3343 509 3399 Panchaeis:
541 3342 574 3398 se·
603 3343 720 3399 inuitam
747 3361 789 3399 me
816 3345 920 3409 feceris
945 3358 978 3396 ac
1006 3340 1078 3411 pasti
1106 3337 1245 3394 innocenti
1273 3337 1365 3393 laesae
1381 3335 1522 3393 humiliter
1547 3352 1609 3392 seso
1637 3335 1775 3407 subjiciat,

91 3430 203 3499 uiolari,
233 3430 350 3484 castitas
382 3429 454 3483 milei
482 3430 674 3502 duplicabitur
705 3432 747 3484 ad
779 3448 919 3493 coronam,
946 3425 1105 3499 cumprimis
1130 3425 1155 3480 si
1179 3423 1344 3481 adulterium
1368 3422 1406 3479 sit
1424 3423 1578 3492 occultam,
1609 3440 1662 3481 nec
1689 3422 1726 3479 ab
1743 3439 1775 3479 eo

92 3535 148 3571 non
162 3517 233 3570 enim
246 3516 532 3586 inquinaturcmpue,
545 3518 602 3571 ιιιι
615 3520 650 3572 de
663 3534 798 3572 concensu
813 3519 917 3574 mentis.
947 3514 1062 3569 infamia
1095 3512 1139 3569 vel
1174 3509 1384 3567 existimationis
1420 3509 1566 3565 diminutio
1602 3510 1776 3579 metuenda);

91 3602 255 3659 Ambrosius
281 3602 328 3658 lib.
356 3609 379 3658 2.
398 3603 433 3658 de
459 3602 528 3675 virg.
557 3611 585 3659 et
608 3603 728 3660 habetur
744 3622 770 3671 c,
808 3603 919 3659 Tolera-
946 3600 1045 3672 quodsi
1063 3616 1128 3655 vero
1148 3597 1222 3669 parti
1239 3595 1380 3653 innocenti
1397 3595 1558 3668 persuaderi
1574 3602 1708 3667 nequeat,
1740 3603 1773 3653 ut

91 3687 174 3745 bilius
186 3693 239 3744 etc
250 3705 326 3744 caus.
344 3694 372 3743 et
384 3695 490 3759 queat.
509 3688 586 3743 iisd:
610 3690 697 3759 Virpo
705 3691 842 3761 prostitui
856 3698 919 3760 pot·
945 3686 1056 3742 nocenti
1074 3685 1184 3755 culpam
1196 3683 1334 3739 condonet
1345 3698 1461 3753 eamque
1478 3681 1508 3736 in
1519 3683 1637 3754 gratim
1649 3682 1774 3753 recipiat,

93 3782 142 3843 ert,
173 3776 332 3829 adulterari
358 3792 414 3830 non
441 3782 543 3846 potest.
592 3774 669 3830 ldem
700 3776 763 3834 libr.
794 3777 831 3832 ad
850 3776 919 3847 virg.
945 3773 1008 3845 cogi
1023 3789 1079 3828 non
1097 3770 1208 3842 poterit,
1225 3775 1257 3824 ut
1271 3768 1329 3839 juri
1346 3785 1397 3824 suo
1415 3768 1570 3837 renuntiet,
1595 3767 1646 3823 sed
1663 3767 1773 3824 divortii

91 3860 206 3932 lapsam
226 3878 250 3915 c.
269 3867 295 3918 t.
314 3868 342 3917 et
358 3860 690 3919 hsbetmcllereraetc.
706 3862 790 3919 ibid:
808 3865 921 3919 Revera
945 3858 1066 3917 faciendi
1095 3857 1184 3914 libera
1214 3872 1247 3910 ac
1274 3856 1358 3926 plens
1386 3859 1510 3925 potestas
1536 3853 1590 3925 ipsi
1611 3861 1653 3931 ιιι
1670 3854 1773 3924 relicta,

90 3966 146 4002 non
169 3955 263 4016 potest
292 3965 360 4001 caro
379 3949 534 4018 corrumpi,
562 3949 620 4003 nisi
635 3966 710 4004 mnne
738 3950 828 4012 suerit
855 3958 921 4005 ante
946 3946 1053 4004 etiamsi
1081 3961 1147 4016 pars
1177 3958 1279 3998 nocens
1307 3940 1391 3996 semel
1422 3940 1556 3995 duntaxat
1587 3940 1617 3995 ιιι
1646 3941 1774 3997 adulterii

92 4042 235 4103 corrupta.
272 4033 446 4104 Augustinus
472 4034 519 4091 lib.
541 4040 563 4091 1.
583 4035 618 4089 de
637 4035 688 4089 cir.
708 4034 768 4091 Dei
791 4053 814 4092 c.
838 4040 874 4092 18.
892 4041 920 4091 ιι
945 4036 1053 4092 foveam
1078 4046 1138 4086 sese
1162 4026 1270 4084 dederit
1293 4026 1474 4097 praecipitem
1503 4033 1532 4082 et
1556 4027 1773 4083 mandationem

92 4119 211 4175 babetur
228 4135 252 4175 c.
284 4119 330 4174 lta
346 4136 382 4175 ne
400 4124 451 4176 etc.
470 4118 524 4180 ib.:
546 4119 595 4174 Ita
613 4136 647 4174 ne
666 4121 788 4190 aliquam
805 4122 920 4190 polluat
946 4119 1035 4193 plenis
1057 4115 1184 4172 faucibus
1207 4114 1359 4185 promittat.
1399 4118 1421 4168 1.
1448 4112 1532 4178 Quia,
1563 4114 1612 4183 qui
1628 4114 1697 4182 jure
1722 4132 1773 4168 auo

92 4207 189 4261 aliena
204 4206 303 4275 libido,
320 4208 471 4261 metuitur!
487 4224 542 4262 non
557 4207 675 4276 polluet,
694 4208 722 4262 ei
734 4209 832 4263 aliena
850 4209 920 4278 erit,·
948 4208 1044 4275 utitur,
1061 4202 1168 4258 nemini
1182 4201 1319 4270 injuriam
1330 4201 1416 4269 facit.
1457 4199 1546 4271 Atqui
1560 4216 1626 4270 pars
1642 4199 1774 4255 innocens

91 4294 119 4348 ιι
135 4300 228 4347 autem
241 4293 357 4363 polluet,
374 4312 430 4348 non
449 4294 502 4347 erit
519 4294 625 4352 aliena.
657 4294 716 4349 Sed
734 4314 796 4350 cnm
809 4296 921 4367 pudici·
948 4311 965 4349 s
992 4291 1112 4361 conjuge
1144 4286 1272 4343 adultera
1298 4285 1445 4341 disortium
1472 4284 1576 4341 iaciens
1602 4284 1688 4340 utitur
1710 4286 1774 4356 jure

93 4381 135 4435 tia
154 4379 192 4433 eit
210 4380 297 4434 cirtae
316 4380 405 4433 animi
415 4380 592 4450 comitemque
603 4381 705 4437 tabeat
715 4382 920 4447 fortitudinem,
948 4395 1006 4444 suo,
1025 4393 1088 4431 cum
1107 4391 1158 4446 per
1176 4388 1332 4444 expressam
1351 4371 1453 4426 Christi
1478 4370 1641 4427 sententiam
1664 4371 1773 4427 divortii

90 4466 186 4537 potiar
202 4467 338 4535 quaelibet
356 4465 436 4521 mala
452 4465 574 4521 tolerare
587 4469 728 4535 deomant,
743 4485 827 4538 queam
846 4468 921 4523 male
946 4462 1066 4520 faciendi
1088 4466 1211 4533 potestas
1227 4459 1282 4529 ipsi
1299 4458 1336 4513 sit
1354 4458 1459 4514 relicta
1502 4456 1601 4514 llatth.
1626 4464 1658 4526 ι,
1686 4475 1712 4518 ι.
1732 4463 1774 4513 92.

93 4554 255 4609 contentire.
293 4553 400 4607 Nullus
424 4559 516 4606 autem
544 4554 738 4624 mapnanimue
759 4563 785 4608 et
797 4556 921 4624 pudicae
947 4570 971 4608 c.
991 4555 1038 4615 19,
1064 4567 1089 4603 v.
1110 4554 1135 4604 9.
1151 4547 1236 4618 Ergo.
1272 4552 1297 4602 2.
1317 4544 1371 4610 Qui
1389 4545 1542 4601 adulteram
1565 4543 1676 4600 retineri
1693 4561 1775 4615 posse

91 4643 123 4694 in
143 4647 282 4712 potentatu
306 4639 402 4708 labet,
432 4639 503 4709 qnid
532 4642 567 4693 de
594 4656 647 4694 essa
675 4656 760 4694 earne
776 4642 840 4705 fiat,
870 4642 922 4695 red
947 4642 1064 4709 negant,
1095 4635 1210 4688 nimium
1235 4632 1326 4703 ripidi
1352 4637 1431 4700 sunt,
1463 4632 1510 4703 qui
1536 4630 1676 4703 repudiari
1693 4648 1774 4701 posse

93 4735 200 4781 tantum
217 4726 289 4796 qnid
304 4732 411 4780 annuat
428 4725 472 4779 uel
483 4733 571 4780 mente
588 4733 696 4780 renuat.
728 4725 796 4788 Quin
809 4728 921 4781 tandem
947 4728 1059 4822 negant,
1076 4722 1191 4777 nimium
1200 4720 1316 4790 faciles,
1335 4718 1434 4775 veritas
1452 4718 1538 4790 igitur
1555 4718 1584 4773 iu
1602 4719 1693 4774 medio
1709 4735 1773 4776 cou-

94 4832 166 4868 sana
182 4812 290 4867 scilicet
303 4819 392 4866 mente
399 4812 551 4881 putauerit,
568 4829 598 4866 re
611 4813 734 4884 perdere
741 4813 921 4883 pudicitiam,
947 4810 1034 4873 sistit,
1061 4824 1133 4880 quae
1150 4807 1256 4863 rationo
1273 4804 1540 4861 circumstantiarum
1555 4803 1650 4860 habita
1671 4810 1773 4861 ιιιιιιιιι-

94 4902 121 4955 ei
149 4902 226 4965 forte
259 4900 288 4954 oi
320 4897 498 4971 apprehensa
533 4899 576 4953 nel
593 4915 730 4969 oppressa
757 4916 840 4952 carne
868 4916 921 4953 sua
947 4915 1001 4970 que
1024 4895 1053 4951 in
1078 4893 1192 4950 dirersis
1218 4890 1328 4947 casibus
1354 4891 1445 4946 locum
1465 4889 1567 4946 habere
1587 4907 1669 4961 posse
1686 4891 1772 4949 docet

93 4994 292 5042 mactatus-et
304 4985 448 5054 erpteatur
463 4985 552 5039 libido
564 5003 619 5040 non
637 4987 710 5039 sual
735 5002 760 5044 c.
775 4985 920 5056 Proposito
948 4992 970 5040 9.
990 4983 1117 5055 Utraque
1135 4979 1274 5036 sententis
1293 4978 1323 5032 ιιι
1341 4983 1461 5034 extremo
1478 4976 1568 5049 posita
1592 4976 1649 5033 suis
1666 4976 1774 5035 laborat

93 5081 145 5130 etc
170 5073 252 5128 ibid:
273 5073 425 5141 Proposito
448 5071 536 5125 animi
550 5079 745 5143 permanente,
768 5088 822 5140 per
844 5074 921 5141 quod
947 5067 1166 5127 difficultatibus.
1201 5066 1232 5122 si
1246 5065 1527 5137 praecisestatuatur,
1544 5063 1699 5122 adulteram
1717 5083 1772 5121 non

92 5163 177 5215 etiam
195 5177 297 5230 carpum
321 5158 496 5224 sanctificari
511 5159 629 5222 meruit,
654 5158 712 5227 spn·
734 5159 849 5229 corpori
863 5176 919 5212 non
946 5174 1029 5230 posse
1046 5172 1098 5213 nec
1117 5154 1218 5210 debere
1241 5151 1367 5218 retineri,
1399 5150 1572 5206 matrimonia
1593 5150 1664 5209 benc
1687 5168 1772 5224 qnan-

92 5247 188 5315 ausert
205 5246 382 5300 sanctitatem
399 5245 534 5300 violentia
552 5244 680 5298 libidinir
698 5244 817 5309 alienae,
835 5261 919 5313 quam
946 5245 1038 5316 doque
1086 5238 1281 5296 concordantia
1326 5238 1526 5307 dissolvuntur,
1572 5236 1773 5295 misericordiae

91 5341 184 5387 rcroat
213 5333 424 5403 pmeenerantia
454 5348 522 5385 suae
548 5331 741 5387 continentiae.
784 5330 868 5386 Plura
891 5331 921 5386 iu
947 5332 1039 5387 aditus
1069 5325 1236 5396 obstruitur,
1267 5323 1361 5380 divine
1386 5324 1532 5381 clementia
1556 5322 1693 5396 spirituali
1723 5322 1773 5378 ad·

92 5419 209 5477 ιιιιιιιιιι
245 5418 408 5476 ιιιιιιιιιιιιιι
444 5416 546 5474 ibidem
582 5422 744 5474 coacmvstu
790 5417 919 5475 invenies.
947 5416 1044 5473 ulterio
1056 5410 1611 5486 pollutospostconversiouemrecipiens
1624 5409 1774 5465 infamatur

93 5505 163 5563 Oum
181 5522 247 5578 ergo
265 5505 398 5562 violenter
414 5520 547 5576 oppressa
563 5504 690 5561 adultera
707 5520 763 5559 nou
782 5502 834 5571 sit,
856 5503 919 5561 ideo
947 5510 999 5561 etc.
1034 5501 1065 5559 si
1081 5498 1204 5573 praecise
1221 5501 1366 5566 ιιιιιιιιιιι,
1384 5497 1538 5553 adulteram
1554 5512 1610 5551 nou
1622 5512 1703 5567 posse
1719 5511 1772 5552 usc

94 5613 113 5651 a
136 5594 232 5652 marito
256 5600 369 5669 propter
386 5593 535 5649 uiolentam
551 5591 627 5649 illam
649 5591 854 5664 oppressionem
875 5591 916 5649 di-
948 5587 1050 5646 deborc
1068 5582 1220 5661 repudiari,
1252 5581 1360 5641 Christo
1386 5582 1455 5641 illud
1471 5582 1644 5658 permitteuti
1664 5589 1772 5645 coutra-
