4020 6022
838 313 889 368 DE
908 311 1108 371 GONJUGIO.
1751 331 1809 388 qpp

109 485 127 520 a
156 467 253 535 primo
281 466 377 536 stipite
407 469 538 524 trahitur.
592 468 649 522 ssd
678 466 776 538 quidni
801 467 886 523 etiam
911 483 945 521 ex
976 482 1053 520 mous
1071 468 1148 529 filias
1161 478 1254 539 potest
1271 472 1351 526 iliius
1370 475 1475 543 neptim
1490 478 1599 539 desere,
1619 474 1671 529 hoc
1699 477 1807 545 estqui

108 553 304 608 Beneventum
327 553 469 622 addimus,
499 555 565 625 quia
587 571 688 624 eorpus
714 553 799 609 hebet
826 559 945 624 quatuor
973 550 1079 607 sobrini
1096 554 1169 609 inter
1185 573 1215 610 se
1235 564 1315 626 sunt,
1342 575 1397 612 non
1417 565 1535 629 possunt
1551 560 1724 616 matrimonio
1744 577 1807 615 oon·

109 639 237 693 humores
261 643 290 694 et
315 637 409 694 anima
431 645 488 694 tres
512 639 665 709 potentias,
704 655 776 708 quae
794 639 945 708 conjuncte
967 637 1066 709 jungi,
1097 640 1194 712 sicque
1224 642 1364 712 prohibite
1386 650 1451 698 sunt
1476 645 1652 700 matrimonia
1676 646 1759 701 etiam
1778 646 1808 699 in

109 723 216 779 faciunt
233 730 355 795 septem,
382 726 445 780 ideo
465 726 494 780 in
513 724 629 796 septimo
654 725 765 780 demum
780 725 870 796 gradu
888 725 943 779 um
971 723 1054 778 tertio
1073 725 1164 795 gradu
1192 725 1282 783 lineae
1311 729 1444 798 aequalis.
1495 729 1626 786 Sobrinos
1654 731 1807 787 Harmeno·

109 809 183 864 illam
208 810 351 881 sanguinis
367 807 515 867 delicere?
564 809 596 867 Si
621 809 650 865 in
676 816 776 879 quarto
793 810 884 882 gradu
902 810 944 865 vis
970 809 1054 878 pulus
1072 809 1141 865 dicit
1158 827 1219 866 esse
1237 812 1267 866 in
1284 816 1380 881 prada
1396 823 1483 880 ssato,
1504 815 1610 871 scillcet
1622 818 1705 886 juxta
1724 817 1807 872 ratio·

108 893 157 949 illa
181 894 326 966 sanguinis
351 913 368 950 a
394 896 488 966 stipite
517 897 690 953 descendens
709 896 815 963 deficit,
847 896 943 968 sicque
970 909 1033 948 nem
1051 895 1228 966 computandi
1248 897 1356 967 injure
1374 898 1449 954 civili
1467 906 1615 970 receptam.

108 980 334 1051 oonunguinitas
358 981 563 1036 matrimonium
581 982 736 1053 impediens
762 987 865 1050 emeat,
893 998 944 1038 cur
1004 984 1062 1035 ³41.
1097 979 1131 1034 In
1159 981 1286 1051 patribus
1314 1000 1406 1053 pauca
1431 985 1466 1041 de
1500 986 1647 1055 prohibitis
1672 961 1906 1058 gradibus,¹,†1,ff,⁸

108 1065 136 1120 in
155 1066 229 1122 linea
245 1071 322 1122 recta
331 1066 481 1138 prohibitio
499 1085 554 1123 non
571 1067 600 1122 in
619 1073 718 1138 quarto
737 1068 828 1138 gradu
850 1067 943 1123 termi-
968 1071 1130 1133 omurmnt,
1155 1084 1218 1122 cum
1246 1066 1281 1123 de
1307 1068 1447 1125 coelibatu
1473 1071 1629 1127 extollendo
1653 1079 1681 1126 et
1698 1088 1805 1141 promo-
1933 1068 1936 1073 ⁴

107 1159 207 1221 natur,
240 1152 289 1208 ssd
313 1154 342 1208 in
361 1152 499 1208 inlinitum
527 1153 706 1210 extenditur?
752 1152 782 1208 si
797 1153 826 1207 in
844 1158 943 1224 quarto
968 1150 1161 1223 vendomegis
1188 1169 1272 1225 quam
1290 1155 1421 1210 decastis
1434 1157 1557 1228 conjugii
1569 1156 1679 1228 legibus
1697 1158 1799 1213 soliciti

106 1239 196 1309 gradu
212 1238 325 1309 penitus
345 1238 441 1295 deficit
459 1239 501 1293 vis
519 1239 606 1295 omnis
625 1239 769 1310 sanguinis
796 1240 871 1309 ejus,
895 1238 942 1308 qui
968 1234 1053 1291 fuisse
1071 1237 1225 1295 videantur.
1269 1241 1356 1312 Apud
1375 1242 1553 1297 Ambrosium
1579 1249 1669 1298 exstat
1687 1244 1805 1314 epistola

106 1343 123 1379 a
151 1325 239 1395 primo
263 1325 359 1395 stipite
384 1325 518 1393 trahitur,
542 1342 592 1380 our
611 1325 756 1396 pontifices
776 1331 841 1380 aute
860 1324 943 1381 Inno-
968 1321 1005 1374 ad
1032 1322 1198 1392 Paternum,
1228 1325 1275 1396 qui
1303 1326 1340 1381 ab
1364 1328 1576 1398 imperatoribus
1604 1329 1804 1399 amplissimum

107 1411 228 1465 centium
247 1412 431 1466 extenderunt
444 1410 657 1480 prohibitionem
673 1410 809 1480 usquead
823 1409 941 1481 gradum
967 1405 1099 1463 honorem
1124 1416 1287 1480 acceperat,
1316 1411 1334 1465 l.
1360 1418 1385 1469 6.
1413 1413 1494 1483 epist.
1519 1419 1560 1469 66.
1584 1432 1616 1469 ex
1643 1431 1700 1485 qus
1717 1415 1806 1471 multa

106 1496 274 1567 septimum?
311 1495 465 1552 Deficiente
487 1496 679 1567 prohibitionis
702 1513 788 1551 causa
805 1496 834 1550 in
852 1495 942 1566 gradu
968 1493 1108 1548 observari
1119 1501 1244 1566 possunt
1263 1496 1400 1553 Paternus
1411 1499 1458 1553 ille
1475 1500 1607 1569 cupiebat
1618 1499 1676 1555 filio
1688 1506 1799 1571 neptem

105 1583 217 1653 quinto,
242 1589 319 1636 serto
344 1589 372 1637 et
399 1583 530 1652 septimo,
560 1598 669 1638 cessam
697 1581 781 1637 etiam
800 1581 943 1637 debuisset
967 1577 1097 1649 copulare
1115 1596 1148 1634 er
1166 1580 1238 1644 iilis,
1258 1581 1311 1638 hoc
1328 1589 1371 1638 est
1387 1590 1420 1639 nt
1442 1584 1529 1640 frater
1548 1585 1687 1656 acciperet
1703 1585 1803 1640 sororis

106 1669 166 1737 ipsa
191 1665 347 1738 prohibitio.
391 1667 420 1720 Si
446 1667 474 1721 in
501 1675 600 1738 quarto
623 1668 713 1739 gradu
737 1668 779 1721 vis
796 1666 941 1738 sanguinis
967 1662 1062 1729 filiam,
1079 1667 1197 1722 maxime
1215 1669 1281 1739 quia
1295 1669 1380 1726 irater
1399 1669 1446 1725 ille
1465 1670 1573 1725 diversa
1598 1677 1686 1727 matre
1711 1671 1803 1726 editus

106 1754 219 1824 cognati
238 1752 340 1817 delicit,
358 1770 408 1808 cur
421 1753 608 1809 Bellerminus
626 1754 686 1825 ipse
705 1770 729 1809 c
748 1759 791 1811 ut.
809 1753 941 1823 disputat,
968 1756 1028 1806 mat
1044 1768 1130 1821 quem
1148 1769 1238 1819 soror,
1268 1754 1349 1823 cnjus
1372 1754 1459 1810 liliam
1477 1756 1579 1812 ducere
1595 1757 1714 1812 volebat.
1749 1756 1803 1810 Re·

106 1859 160 1894 non
175 1839 265 1903 fariis
283 1840 354 1893 seiri
365 1856 458 1908 posse,
477 1855 621 1909 quousque
639 1841 730 1894 uirtus
743 1839 797 1894 iiia
815 1839 941 1907 masdsm
967 1836 1082 1907 quisisit
1098 1838 1236 1894 Paternus
1254 1839 1394 1896 Ambrosii
1411 1842 1572 1911 consilium,
1596 1842 1671 1913 quod
1692 1841 1746 1912 ipsi
1774 1842 1803 1896 in

105 1924 252 1993 sanquirss's
274 1932 462 1993 perseueret„
477 1941 512 1979 ao
533 1925 682 1994 probabile
709 1940 784 1988 esre,
818 1923 941 1978 nuncin
967 1938 1002 1976 ea
1020 1923 1141 1994 epistole
1158 1926 1361 1990 communicat,
1387 1944 1421 1982 ex
1438 1944 1472 1982 eo
1489 1927 1644 1999 colligitur,
1667 1928 1802 1982 eeclesiae

103 2012 247 2083 plaribm,
272 2028 346 2065 nanc
369 2015 400 2064 in
418 2011 604 2080 paucioribus
626 2011 851 2081 generationibus
876 2025 941 2063 son·
968 2010 1068 2063 veteris
1095 2009 1223 2067 doctores
1241 2028 1417 2083 nequaquam
1435 2030 1454 2068 a
1471 2029 1501 2068 se
1518 2013 1640 2068 alianum
1661 2013 1802 2082 judicasse

107 2098 227 2164 serrari,
251 2105 341 2167 prom
358 2096 388 2150 in
404 2114 460 2151 ano
474 2098 617 2166 paternos·
637 2105 678 2151 sst
702 2096 789 2151 uirtus
808 2112 891 2164 qaam
910 2095 941 2149 in
967 2094 997 2148 in
1015 2095 1105 2150 causis
1124 2096 1390 2164 matrimonialibus,
1416 2099 1578 2169 praesertim
1597 2098 1625 2152 in
1640 2098 1801 2168 quaestione

106 2184 189 2237 aiioi
227 2182 282 2239 Sed
301 2182 369 2253 quid
387 2183 464 2238 hisce
482 2182 565 2254 nugis
584 2182 700 2238 ulterius
719 2179 916 2237 immoramur?
968 2179 1003 2235 de
1022 2180 1169 2249 prohibitis
1186 2183 1336 2253 gradibus,
1366 2185 1532 2240 seutentiam
1550 2200 1630 2239 suam
1656 2199 1800 2253 exponere.

10 2280 92 2321 sassa
141 2276 200 2326 339.
235 2272 262 2323 3.
282 2270 404 2323 Itatsons
424 2285 529 2323 causas
545 2267 690 2332 smmaiis.
734 2266 941 2323 Prohibitionee
967 2264 1063 2336 Negat
1079 2266 1259 2338 Ambrosius,
1294 2268 1349 2324 tale
1365 2270 1527 2340 conjugium
1551 2286 1613 2325 esse
1636 2269 1755 2337 licitum,
1773 2269 1803 2324 id

10 2340 84 2423 22:1⁶1„
106 2354 265 2424 pontificiae
282 2354 383 2408 divinis
400 2353 634 2425 prohibitionibus
650 2359 855 2424 exaequentur,
874 2351 940 2406 dum
968 2350 1042 2421 quod
1060 2351 1144 2406 seriis
1162 2351 1308 2408 confirmat
1324 2354 1486 2411 redonibus.
1518 2359 1541 2409 1.
1556 2356 1603 2409 Ea
1619 2357 1681 2424 ispe
1693 2354 1801 2410 diuina.

105 2441 165 2511 pari
187 2441 294 2495 ratione
313 2440 495 2496 somnolentias
514 2440 640 2511 obligare
657 2439 804 2507 dicuntur,
822 2455 856 2493 ac
873 2439 940 2493 dum
967 2437 1064 2504 Pras,
1081 2437 1180 2507 inquit,
1198 2456 1298 2493 ramas
1317 2440 1388 2507 lepis
1406 2440 1478 2495 scita
1490 2441 1701 2508 interrogemus,
1717 2455 1802 2509 pras·

106 2526 232 2597 pontifex
246 2533 411 2598 potestatem
426 2525 605 2596 dispensandi
619 2542 675 2580 non
693 2525 781 2579 solum
794 2524 823 2578 in
841 2529 940 2594 quarto
967 2523 1060 2576 tendis
1077 2522 1150 2576 enim
1166 2525 1197 2577 in
1208 2525 1264 2578 tmir
1284 2525 1383 2592 literia
1396 2527 1472 2594 qaod
1484 2526 1654 2596 permissam
1667 2526 1719 2579 hoc
1733 2526 1802 2594 jars

105 2613 210 2685 gradu,
241 2615 322 2684 cujus
351 2611 565 2682 prohibitionem
597 2612 658 2681 ipse
690 2609 855 2676 introduxit,
891 2611 941 2666 sed
967 2609 1064 2664 divano
1078 2609 1244 2664 mantiam
1267 2610 1605 2682 hujsssmodipipnoribus
1620 2611 1800 2671 sentinatur,

106 2699 189 2753 etiam
213 2698 242 2752 in
270 2697 393 2754 seeundo
410 2697 501 2753 lineae
527 2696 681 2768 inaequalis
700 2698 789 2767 gradu
807 2696 940 2751 divinitus
967 2711 999 2749 so
1016 2697 1094 2766 quod
1121 2713 1178 2750 non
1199 2697 1236 2750 nt
1255 2696 1441 2766 prohibitam,
1470 2714 1519 2765 spo
1546 2705 1639 2751 ostem
1657 2704 1683 2750 et
1698 2696 1800 2765 prohi-

105 2784 245 2855 probibito
269 2784 323 2838 sibi
350 2788 468 2850 arrogat
517 2781 559 2837 At
582 2783 680 2838 abesse
705 2796 723 2835 a
746 2781 828 2836 nobis
855 2781 940 2838 debet
966 2782 1053 2836 bitem
1086 2799 1193 2838 assero.
1246 2783 1283 2838 Et
1309 2790 1421 2854 postea:
1450 2784 1536 2839 mad
1567 2783 1631 2837 lieet
1661 2784 1692 2836 in
1720 2782 1750 2838 V.
1769 2785 1801 2839 T.

106 2887 189 2942 qnam
215 2869 389 2939 longissime,
418 2873 452 2924 ut
468 2868 542 2924 hunc
562 2867 812 2923 Antichristianum
836 2866 939 2922 fastum
966 2868 1108 2938 legamus,
1135 2876 1166 2922 at
1184 2869 1291 2937 alianis
1311 2885 1426 2924 rnorem
1444 2887 1525 2924 suam
1545 2884 1672 2925 sororem
1688 2869 1802 2936 diceret,

104 2958 261 3029 probemus.
290 2961 314 3010 t.
333 2956 586 3025 Respectacaasas
599 2955 707 3025 finalia
737 2952 939 3010 Prohibitiones
966 2961 1058 3008 tamen
1077 2954 1155 3008 istud
1172 2954 1349 3023 insumam,
1372 2963 1402 3007 ut
1421 2955 1569 3025 quisqssam
1593 2962 1702 3022 neptem
1720 2971 1802 3008 suam

10 3081 29 3110 ,.
104 3042 268 3099 Pontifieiae
287 3047 416 3114 spectant
434 3040 672 3097 confirmationem
681 3037 792 3113 papalis
804 3039 939 3109 primatus
965 3040 995 3094 in
1021 3057 1138 3097 acorem
1164 3041 1288 3109 ascs'piat
1313 3049 1339 3095 st
1358 3042 1503 3110 conjcpsm
1521 3043 1608 3096 dieat.
1643 3040 1718 3110 Ergo
1734 3040 1800 3094 Am·

53 3149 59 3160 ·
104 3130 134 3184 in
152 3128 270 3184 ecclesia
298 3133 327 3184 et
358 3133 424 3182 sunt
442 3125 565 3197 aucupia
587 3124 777 3197 pecuniarum.
832 3126 939 3195 Figunt
964 3125 1072 3180 brosius
1099 3142 1276 3197 nequaquam
1304 3127 1402 3182 statuit
1432 3143 1495 3182 cum
1524 3125 1691 3194 Pontifieiis‚
1723 3126 1800 3197 leges

105 3217 178 3271 enim
194 3216 268 3283 lapse
283 3215 377 3284 pretio
397 3222 482 3283 atque
497 3211 751 3283 refiguntBomeni
767 3210 809 3266 illi
827 3210 938 3267 deastu.
966 3210 1075 3266 divinas
1102 3211 1131 3266 in
1149 3210 1277 3267 Levitico
1300 3213 1458 3283 propositas
1484 3217 1594 3267 tantum
1611 3212 1647 3266 ad
1665 3212 1800 3282 populum

104 3301 138 3357 ln
157 3300 273 3356 oonsilio
292 3298 405 3369 quidem
421 3297 588 3357 Tridentino
605 3297 717 3355 udan.
732 3301 776 3356 et
795 3311 894 3352 cauom
913 3301 936 3351 6.
964 3296 1114 3352 iudaicam
1146 3299 1304 3368 pertinere,
1334 3299 1384 3354 sed
1412 3299 1539 3355 omnibus
1566 3315 1613 3354 eas
1640 3298 1712 3352 latas
1729 3313 1799 3354 esec.

104 3388 140 3441 de
161 3385 298 3441 reformet.
317 3384 471 3440 matrimon.
498 3387 648 3452 statutum,
673 3383 749 3454 qnod
768 3383 799 3438 in
825 3389 937 3436 corura-
966 3383 1172 3440 l’raetendebst
1188 3384 1338 3455 Paternus,
1356 3403 1492 3455 personas
1505 3386 1577 3441 taire
1588 3403 1644 3439 non
1652 3385 1800 3455 prohiberi

102 3474 204 3528 iendis
227 3471 414 3525 matrimoniis
439 3469 587 3525 urinalia
610 3469 724 3525 aninmo
748 3469 817 3524 dari
839 3469 937 3523 mosas
965 3487 1093 3540 asprmsa
1112 3471 1143 3524 in
1163 3473 1297 3541 Leviticq
1318 3472 1467 3543 respondet
1484 3469 1662 3526 Ambrosius:
1684 3469 1718 3524 ss·
1734 3468 1800 3524 ideo

104 3557 287 3628 dispensatio,
313 3557 358 3610 osi
390 3572 474 3622 raro,
492 3571 606 3624 samqsss
631 3571 665 3609 sa
693 3570 780 3609 caasa
801 3561 829 3609 st
845 3554 938 3622 pratis
965 3557 1133 3628 permissum
1155 3566 1258 3629 patae,
1291 3559 1360 3628 qnia
1390 3558 1553 3628 memaidsr
1585 3574 1642 3611 non
1672 3564 1712 3610 ast
1730 3573 1800 3625 pro·

103 3661 161 3698 esse
181 3643 398 3707 emetiendam,
416 3645 447 3695 s'n
465 3642 588 3696 secando
606 3642 703 3710 prada
719 3658 861 3709 maguam
879 3640 937 3693 ds's·
965 3644 1095 3708 bibitam,
1124 3661 1175 3697 nso
1201 3645 1279 3698 illud
1300 3644 1474 3714 prohibitam
1502 3659 1627 3696 sermone
1661 3641 1732 3710 lepis
1755 3656 1800 3695 rs-

99 3731 293 3801 pensandam,
325 3729 383 3782 nisi
405 3729 478 3782 inter
502 3743 619 3794 mopsos
634 3725 782 3797 principes
804 3735 832 3780 st
844 3725 938 3795 puhli-
964 3729 1072 3796 peries,
1103 3746 1137 3782 ns
1167 3737 1252 3799 pater
1286 3729 1378 3792 tiliam
1408 3745 1489 3782 suam
1517 3743 1631 3780 acorem
1669 3726 1801 3797 accipiat.

103 3835 166 3871 sam
182 3833 307 3870 causam.
344 3814 401 3872 Sed
416 3813 510 3885 praxis
528 3812 658 3880 ostendit,
672 3811 817 3883 plumbum
831 3810 940 3882 papalis
966 3815 1041 3885 Ergo
1068 3813 1233 3869 Ambrosius
1258 3813 1372 3884 statuit,
1398 3812 1598 3884 prohibitiones
1619 3812 1649 3865 in
1673 3810 1801 3867 Iesitieo

106 3901 320 3975 dispensationis
338 3917 407 3956 auro
423 3900 506 3955 fusile
523 3898 666 3970 impetrari
683 3914 772 3968 posse
965 3914 1022 3952 non
1038 3905 1147 3956 umam
1173 3899 1209 3954 ad
1229 3915 1361 3970 personas
1385 3897 1549 3954 nominatim
1567 3913 1724 3967 expressas,
1750 3896 1800 3953 sed

21 4003 81 4052 1031·
141 3995 201 4045 340.
237 3988 332 4058 Atque
358 3986 429 4041 haec
454 3984 490 4039 de
514 3982 747 4054 prohibitionibus
766 3981 839 4052 juris
856 3997 939 4036 cano
966 3984 1049 4040 mam
1067 3985 1104 4039 ad
1124 3985 1229 4057 grsdm
1246 3984 1466 4056 aequidistentes
1484 3983 1632 4054 pertinere.
1684 3983 1801 4052 insuper

10 4055 90 4147 ¹?ssoe
105 4074 161 4130 nici
186 4073 242 4128 sint
268 4073 351 4128 dicta.
394 4071 466 4136 Quia
489 4087 553 4126 sero
572 4069 698 4126 calixtus
720 4072 855 4139 provocet
884 4085 940 4123 non
966 4087 1001 4126 ex
1025 4070 1088 4142 lege
1115 4070 1210 4125 divina
1226 4088 1246 4125 a
1263 4070 1363 4125 minori
1379 4070 1416 4125 ad
1442 4070 1533 4139 majus
1559 4068 1612 4124 hoc
1635 4068 1718 4123 mode
1737 4085 1800 4123 eon-

104 4159 194 4216 solum
213 4158 252 4214 ed
270 4160 471 4225 mannan,
489 4157 538 4212 sad
556 4155 640 4212 etiam
660 4153 836 4210 Graecorum
849 4154 941 4226 leges:
966 4154 1066 4210 cludit:
1098 4155 1174 4218 Quid
1199 4163 1254 4223 ast,
1287 4156 1365 4224 qaod
1389 4155 1514 4207 damari
1538 4160 1622 4222 queat
1650 4153 1717 4221 (tale
1735 4152 1800 4207 con-

106 4245 336 4315 C'onsanpuinsos
376 4243 479 4314 (inquit
500 4241 618 4312 epistola
646 4247 672 4298 2.
691 4256 764 4312 quae
782 4238 901 4295 habetur
917 4256 940 4294 c.
962 4241 1074 4312 jugium
1088 4239 1305 4303 esseillicitum),
1318 4258 1380 4293 carn
1394 4240 1439 4294 isa
1454 4239 1553 4293 diuina
1566 4240 1649 4293 stiam
1655 4239 1801 4307 patrueles

104 4330 327 4400 Oonjunctionee.
348 4335 390 4385 36.
402 4334 508 4400 quaest.
520 4326 941 4396 2.)dicimussos,qaosdirinas
966 4328 1075 4392 fratres
1089 4327 1238 4397 prohibeat
1256 4326 1402 4383 memma
1421 4327 1452 4380 in
1467 4326 1645 4396 sonjupaism
1662 4325 1801 4394 copulam,

103 4424 131 4472 et
150 4419 351 4486 imperatorem
374 4431 409 4468 oe
431 4415 625 4469 Romanorum
655 4420 738 4482 atque
765 4410 941 4465 Graecorum
967 4414 1018 4483 qai
1035 4414 1091 4467 sihi
1108 4421 1210 4485 quarto
1224 4415 1365 4469 sooisntsm
1381 4414 1497 4482 madai
1540 4411 1671 4476 Quamvis
1689 4426 1754 4465 sero
1771 4409 1801 4465 in

103 4504 179 4572 ispes
197 4502 420 4571 consanguineos
432 4500 597 4572 appellenis
608 4497 671 4555 ideo
683 4497 821 4555 coronidis
832 4498 894 4552 loeo
907 4514 941 4553 ex
966 4516 999 4556 eo
1015 4508 1144 4556 occurret
1166 4499 1316 4576 ἁμάρτημα
1341 4499 1454 4571 aliquod
1473 4498 1708 4572 μνημονευηκόν,
1736 4513 1801 4551 cum

104 4587 230 4642 Graecae
256 4587 392 4642 ecciesiae
415 4583 659 4640 constitutionibus
686 4590 714 4638 et
732 4589 841 4655 patrum
860 4589 940 4638 setu-
966 4584 1011 4641 hic
1042 4587 1147 4657 gradm
1176 4587 1316 4643 secundus
1349 4586 1439 4642 lineae
1470 4584 1578 4656 equalis
1602 4600 1658 4639 non
1682 4585 1719 4639 sit
1738 4600 1800 4653 pro-

103 4674 219 4729 stiorum
237 4671 348 4742 scriptis
366 4670 505 4743 quaedam
522 4670 558 4724 ad
580 4670 653 4724 hune
669 4669 762 4724 locum
779 4668 940 4725 reseremus.
951 4704 954 4721 ι
966 4672 1071 4727 hibitus
1090 4673 1152 4744 lege
1170 4672 1266 4727 divina
1286 4671 1350 4736 (nisi
1370 4672 1486 4728 velimus
1504 4671 1605 4734 dicere
1622 4669 1801 4726 Ambrosium

104 4760 183 4825 Quae
212 4758 315 4815 fuerint
346 4756 482 4813 eeclesiae
510 4753 635 4812 Graecae
664 4755 716 4810 bac
747 4755 782 4808 de
816 4773 847 4811 re
875 4734 1019 4841 oon-isibi
1037 4758 1091 4814 hoc
1106 4757 1244 4823 soluisse,
1274 4757 1349 4828 quod
1366 4774 1446 4813 nemo
1464 4756 1553 4828 possit
1569 4756 1723 4827 patruelem
1741 4755 1800 4810 sive

105 4845 263 4902 stitutiones
288 4851 317 4901 et
339 4843 559 4912 observationes,
585 4841 679 4915 colligi
708 4846 801 4913 potest
818 4859 852 4898 ex
868 4840 938 4898 Her·
951 4862 953 4891 ι
966 4843 1080 4899 amitam
1106 4861 1185 4899 snam
1210 4843 1328 4912 ducere,
1361 4844 1412 4898 hoc
1438 4842 1572 4914 estquod
1590 4840 1745 4913 prohibitus
1763 4842 1802 4896 sit

104 4932 252 5003 menopulo
283 4930 488 5001 nomophylace
514 4936 543 4986 et
569 4929 667 5002 judice
692 4927 939 5000 Thessalonicensi,
965 4931 1074 4998 prasius
1106 4932 1245 4984 secandas
1269 4930 1361 4984 lineas
1393 4930 1565 4997 inaequales,
1595 4928 1670 4982 sicut
1697 4926 1800 4982 Beller-
1848 4986 1853 5001 ,

10 5030 89 5076 ‚m
104 5017 154 5087 qui
178 5018 208 5072 in
232 5017 344 5088 epitom.
366 5016 438 5087 juris
461 5015 551 5071 civilis
589 5015 653 5071 libr.
684 5021 709 5072 t.
728 5013 772 5069 tit.
793 5021 817 5071 6.
835 5013 940 5080 scribit,
966 5015 1056 5071 minus
1077 5011 1113 5071 de
1132 5015 1288 5072 metrim0n.
1307 5032 1331 5070 c.
1348 5021 1388 5071 27.
1400 5014 1430 5068 in
1442 5015 1559 5086 exempl.
1575 5019 1639 5069 tert.
1654 5013 1801 5077 existimat,

104 5102 326 5173 patriarcharum
344 5107 450 5156 statuta
468 5117 486 5155 a
503 5099 618 5156 Graecis
644 5099 857 5172 imperatoribus
875 5117 939 5155 con·
966 5101 1056 5158 Exod.
1074 5106 1101 5171 6,
1119 5118 1145 5159 v.
1164 5106 1206 5156 26.
1226 5101 1254 5155 in
1275 5101 1389 5173 vulgata
1406 5100 1532 5156 versione
1550 5117 1651 5156 nomen
1667 5096 1801 5169 patruelis

103 5188 215 5243 firmata
238 5204 328 5259 usque
352 5188 390 5243 ad
420 5188 531 5243 tertium
554 5187 644 5241 lineae
670 5185 795 5258 aequalis
821 5186 939 5257 gradum
966 5186 1057 5259 accipi
1075 5205 1125 5258 pro
1142 5193 1259 5259 patrna,
1285 5204 1341 5242 non
1359 5204 1409 5257 pro
1429 5203 1522 5241 sorore
1539 5185 1688 5257 patruele),
1708 5190 1801 5238 tamen

104 5272 260 5330 extendisse
280 5273 493 5344 prohibitiones.
531 5274 604 5341 Epo,
622 5270 727 5341 inquit,
751 5290 808 5325 non
823 5290 939 5341 possam
966 5291 1000 5331 ex
1030 5291 1063 5329 ao
1094 5273 1273 5343 intelligitur,
1307 5274 1382 5345 quod
1404 5273 1570 5329 Ambrosius
1594 5269 1738 5328 confirm0t
1759 5285 1800 5325 ra·

102 5362 208 5414 ducere
232 5361 324 5424 fitium
346 5361 457 5414 sororis
482 5359 527 5413 rel
537 5357 664 5426 fratris,
686 5357 744 5410 sire
758 5357 864 5425 patris,
882 5357 940 5410 sire
966 5358 1061 5430 gulam
1093 5356 1220 5430 superius
1249 5359 1420 5430 propositam
1446 5356 1474 5431 ξ.
1504 5363 1568 5416 288:
1600 5356 1637 5413 us·
1667 5356 1801 5412 remotior

102 5447 206 5500 matris
226 5463 317 5511 meae,
343 5445 397 5500 hoe
414 5450 457 5502 est
474 5443 616 5516 prohibita
635 5448 700 5497 sunt
725 5442 857 5512 conjugia
875 5460 939 5498 con·
964 5446 1075 5513 gradus
1093 5445 1277 5514 prohibetur,
1306 5445 1393 5501 mairo
1423 5444 1515 5512 asapia
1535 5442 1730 5513 propinquior
1759 5440 1801 5496 in·

103 5530 280 5588 sobrinornm
293 5531 323 5586 in
340 5531 463 5587 secundo
480 5530 572 5602 gradu
588 5529 678 5585 husae
697 5526 829 5599 aequalis.
878 5506 1280 5599 Nsoitsiligitarprotiirias.
1313 5529 1384 5586 oen
1393 5531 1512 5599 ism'orn,
1528 5528 1629 5599 inquit,
1648 5526 1801 5583 interdicta
