4020 6022
814 229 868 288 DE
885 228 1086 290 cortuum.
1738 237 1798 297 463

101 387 142 445 ud
162 387 355 460 magisustam
373 386 517 460 politicum
535 393 612 445 certa
631 388 738 445 ratione
756 393 784 446 et
808 386 890 444 modo
908 386 938 441 in
970 404 1025 459 que
1044 387 1182 460 episcopis
1201 388 1268 444 solis
1284 387 1387 445 debere
1403 385 1559 444 vendicare.
1593 384 1752 442 &academ
1769 402 1800 441 se

107 479 189 531 tract.
209 473 245 531 de
270 474 394 545 magistr.
414 473 538 546 exposito
562 475 696 545 pertinet,
729 480 761 529 ιιι
778 475 847 529 alias
864 476 940 544 leges
967 473 1152 529 Bellarminus
1181 475 1263 543 dicit,
1291 493 1375 545 posse
1401 475 1561 545 principem
1589 474 1740 544 politicum
1766 475 1801 528 de

104 560 318 630 ecclesiasticas,
337 560 377 615 ita
392 578 503 633 quoque
521 561 555 616 de
574 560 705 632 conjugio
720 561 796 632 leges
809 560 940 616 honestas
953 550 955 563 '
968 561 1173 630 impedimentis
1204 561 1378 617 matrimonii
1409 560 1497 630 hepem
1515 562 1603 628 ferre
1625 561 1800 630 approbante

103 647 216 702 divinae
247 646 304 718 legi
326 647 482 703 conformes
505 648 690 719 promulgare.
738 647 821 718 Ergo.
868 649 894 702 2.
911 647 939 700 A
964 645 1097 715 principe
1115 647 1310 702 cockeiastieo.
1347 647 1387 701 At
1404 663 1506 718 quaeso
1524 645 1577 700 sub
1604 651 1709 717 papatu
1726 646 1800 716 prin·

102 733 273 789 masurio.
324 732 385 789 Nisi
411 733 525 805 politico
544 732 719 805 magistratui
747 733 775 787 in
794 722 1077 875 causarumqeipibus
1095 733 1215 802 politicis
1232 732 1300 789 haec
1316 738 1439 803 potestas
1453 731 1637 804 relinquitur?
1671 731 1800 801 Episcopi

104 819 346 875 matrimonialium
396 811 595 892 dijudicatione
639 836 705 876 suae
750 819 942 890 relinquantur
968 823 997 871 et
1016 835 1110 873 eorum
1128 819 1260 876 officiales
1272 819 1412 875 omniasd
1428 835 1459 873 se
1470 824 1629 889 rapuerunt
1659 821 1686 871 2.
1698 818 1801 871 Patres

102 912 214 977 partes,
246 907 384 962 sententia
407 905 465 962 lata
488 924 543 961 non
564 907 666 978 poterit
684 906 854 962 exsecutioni
873 905 942 974 dari,
968 906 1084 959 concilii
1102 907 1269 960 Miheoitani
1292 923 1348 960 non
1370 913 1467 975 petere
1490 905 1592 974 tepens,
1624 922 1681 976 qna
1706 906 1801 958 decer·

103 1009 157 1047 nec
173 993 314 1048 temeritas
334 993 476 1048 bominum
496 993 623 1049 eoirceri.
654 992 794 1048 Lutherus
806 992 836 1046 in
853 990 941 1062 praei.
968 998 1067 1055 natur,
1099 1009 1156 1046 non
1184 993 1270 1046 licere
1292 999 1360 1061 post
1390 992 1542 1046 disortium
1569 992 1658 1044 aliam
1687 1007 1801 1044 ararem

106 1079 170 1138 libr.
192 1080 226 1134 de
245 1080 338 1134 causis
357 1080 476 1136 matrim.
502 1086 566 1135 tom.
586 1088 611 1136 5.
630 1080 694 1136 Jen.
713 1078 807 1135 Germ.
824 1078 845 1133 f.
873 1083 942 1134 238:
968 1078 1086 1144 ducac,
1110 1081 1162 1132 scd
1183 1096 1240 1148 qua
1255 1064 1349 1148 poena
1365 1085 1479 1132 catana
1493 1078 1656 1147 puniendus
1679 1077 1729 1146 sit,
1752 1075 1803 1145 qui

102 1169 188 1224 ilaitt
213 1165 398 1237 traiicitur
423 1166 649 1236 obttiilliitbigtn
675 1166 706 1235 tit
723 1166 751 1222 ia
770 1167 865 1236 inicitur
887 1164 941 1220 aab
968 1162 1001 1216 t'd
1030 1165 1146 1233 jecerit.
1203 1163 1428 1235 Respondemus:
1472 1163 1506 1218 de
1545 1163 1599 1218 hec
1639 1162 1801 1232 exceptione

103 1253 174 1310 auen
195 1251 298 1320 &aben
323 1252 439 1323 isiqtiiq
466 1267 496 1322 ru
514 1253 644 1322 hautein,
669 1252 730 1307 aba
753 1252 803 1308 mit
819 1253 867 1308 ten
885 1254 942 1308 tta:
967 1248 1075 1320 egimus
1101 1246 1129 1322 ξ.
1161 1257 1220 1306 574.
1266 1250 1378 1307 Sufficit
1395 1250 1490 1315 nobis,
1518 1249 1593 1322 quod
1610 1255 1703 1321 patres
1727 1247 1802 1302 illius

103 1339 213 1408 ridica,
227 1337 429 1394 bttttbitiiltit
446 1338 549 1408 uouit,
570 1339 638 1394 latta
656 1339 779 1394 rismum
797 1338 884 1408 bittitt
896 1338 941 1405 ssd)
967 1336 1076 1390 concilii
1106 1337 1196 1409 legem
1221 1337 1450 1392 matrimonialem
1470 1353 1488 1391 a
1509 1353 1539 1393 se
1557 1336 1643 1391 latam
1660 1336 1697 1392 ab
1716 1336 1800 1406 impe·

102 1424 166 1494 aad>
190 1432 239 1480 tot
259 1425 314 1494 ind,
346 1436 385 1480 tao
417 1424 484 1495 rint
520 1424 570 1481 bui
599 1424 720 1494 tntillirbt
750 1424 868 1494 &tincti
902 1422 942 1477 bie
967 1428 1057 1477 satore
1082 1422 1297 1478 confirmandam
1322 1431 1351 1479 et
1375 1440 1494 1494 poenam
1521 1424 1550 1477 in
1568 1424 1629 1493 ejus
1645 1427 1798 1492 transgres-

103 1510 214 1578 &tilitit
233 1510 359 1581 brunetti.
394 1512 419 1564 3.
437 1511 464 1563 Α
486 1520 656 1580 comparato.
702 1509 938 1575 Quemadmodum
966 1525 1040 1564 sores
1057 1510 1233 1565 statuendam
1250 1515 1357 1580 petunt,
1376 1528 1409 1565 ex
1429 1526 1462 1565 eo
1480 1511 1553 1564 enim
1571 1507 1715 1564 manifeste
1735 1524 1799 1562 con-

103 1597 141 1650 de
158 1595 220 1650 aliis
239 1595 368 1650 civilibus
388 1595 507 1666 negotiis
520 1602 548 1651 et
562 1595 750 1652 conductibus
761 1595 939 1668 magistratus
969 1594 1098 1664 spicitur,
1130 1597 1204 1667 quod
1221 1597 1378 1667 primitivae
1397 1596 1532 1652 ecclesiae
1549 1611 1725 1666 nequaqnam
1744 1592 1798 1650 sibi

105 1683 184 1753 leges
209 1682 320 1737 divinae
348 1682 406 1753 legi
430 1688 615 1753 congruentes
637 1682 833 1755 promulgandi
863 1688 939 1752 pote·
968 1681 1034 1735 solis
1062 1688 1229 1752 potestatem
1264 1682 1402 1737 incensis
1425 1681 1673 1737 matrimonialibus
1696 1679 1797 1751 jndici-

102 1776 203 1826 statem
244 1768 352 1824 obtinet
387 1785 421 1823 ae
450 1770 533 1839 juxta
561 1770 624 1824 illas
648 1770 757 1841 judicie
794 1769 939 1824 instituere
966 1767 1047 1823 aliter
1064 1768 1233 1838 procedendi
1246 1785 1279 1824 ac
1292 1768 1438 1825 decidendi
1453 1767 1610 1832 sumserint,
1629 1766 1678 1821 sed
1692 1764 1799 1836 politici

102 1870 254 1927 earumque
272 1861 487 1927 mmsgressores
506 1858 603 1928 poenis
621 1857 761 1928 subjicere
781 1860 887 1927 potest,
907 1860 939 1909 ιιι
965 1855 1143 1926 magistratus
1169 1856 1364 1912 auctoritatem
1396 1860 1424 1911 et
1441 1854 1574 1909 auxilium
1596 1853 1649 1909 hac
1671 1851 1700 1907 in
1718 1859 1798 1923 parte

98 1939 211 2010 justitia
232 1946 262 1995 et
287 1941 474 2012 tranquillitas
494 1942 525 1997 in
545 1943 605 1997 vita
622 1943 698 1997 civili
719 1942 830 2009 floreat,
861 1939 938 1995 utin
965 1941 1147 2011 implorarint.

104 2031 187 2082 tract
206 2026 241 2083 de
258 2027 381 2098 magistr.
401 2025 429 2103 ξ.
450 2034 508 2084 219.
530 2029 687 2094 docuimns;
715 2029 754 2083 ite
774 2044 885 2099 quoque
904 2027 939 2081 de
1000 2032 1059 2082 703.
1094 2028 1139 2083 De
1169 2046 1315 2083 causarum
1344 2027 1586 2083 matrimonialium
1609 2025 1706 2098 judice
1733 2040 1797 2079 con·
1809 2017 1916 2111 ,⁸1:¹²3ss

103 2113 250 2184 conjugio,
281 2113 311 2168 in
330 2131 384 2185 quo
400 2132 455 2169 non
476 2116 589 2170 minima
613 2133 677 2186 pers
694 2114 836 2171 felicitatis
854 2114 937 2184 hujus
965 2113 1058 2168 cilium
1076 2113 1269 2170 'l'ridentinum
1295 2133 1360 2171 sess.
1387 2121 1427 2171 24.
1447 2131 1508 2170 can.
1538 2118 1576 2169 12.
1602 2113 1641 2167 sic
1660 2111 1893 2167 decernitzutno-

102 2199 179 2254 vitae
208 2199 347 2265 consistit,
379 2207 472 2272 potest
501 2201 577 2273 leges
604 2202 735 2257 honestas
753 2200 937 2274 promulgare,
966 2200 1002 2254 Si
1018 2202 1081 2269 quis
1100 2201 1210 2266 dicerit,
1231 2220 1332 2256 causas
1350 2201 1571 2256 matrimoniales
1596 2218 1652 2255 non
1671 2183 1867 2269 sperarem·

103 2285 255 2341 secundum
283 2286 347 2341 illas
371 2287 499 2358 judicare
524 2292 553 2343 et
575 2294 758 2344 contemtores
783 2305 877 2343 earum
901 2286 938 2340 ad
966 2289 1007 2341 ad
1031 2288 1142 2358 judices
1169 2288 1388 2357 ecclesiasticos,
1418 2289 1572 2342 anathema
1590 2287 1635 2343 sit.
1682 2283 1800 2339 Concilii

103 2371 212 2428 debitas
241 2387 346 2443 poenas
374 2390 511 2429 revocare.
569 2378 594 2429 h.
633 2377 680 2428 En
702 2392 778 2429 more
807 2373 939 2429 ecclesiae
968 2378 1089 2429 mentem
1108 2374 1291 2430 Bellarminus
1322 2374 1457 2431 demetr.
1481 2391 1504 2429 c.
1530 2378 1573 2430 32.
1597 2372 1637 2426 sic
1666 2369 1799 2441 explicat:

97 2468 248 2528 perpetuo.
291 2461 324 2514 ln
343 2460 461 2515 ecclesia
477 2461 632 2516 lsrailitica
658 2466 771 2516 senatus
788 2461 937 2525 seniorum,
967 2460 1194 2527 Distinpuendce
1205 2468 1270 2514 sunt
1281 2477 1383 2514 causae
1396 2459 1628 2515 matrimoniales.
1654 2458 1801 2520 Quaedam

102 2545 148 2600 cui
165 2545 304 2615 judicium
327 2547 361 2602 de
381 2547 472 2602 causis
489 2547 738 2602 matrimonialibus
765 2548 938 2602 commissum
966 2553 1031 2600 sunt
1050 2546 1161 2602 omnino
1179 2546 1330 2619 politicae,
1359 2554 1389 2600 nt
1407 2547 1442 2599 de
1462 2546 1581 2612 dotibus,
1598 2546 1632 2598 de
1650 2543 1800 2597 ansano-

102 2636 174 2701 erat,
193 2633 339 2688 constabat
355 2650 411 2689 non
425 2651 458 2688 ex
471 2633 662 2690 sacerdotibus
675 2635 772 2699 solum,
791 2634 840 2688 sed
854 2633 938 2687 etism
965 2633 1053 2701 nsbru,
1085 2634 1121 2686 de
1151 2633 1353 2687 hereditatibus
1370 2637 1424 2688 eto.
1444 2635 1585 2702 qwedam
1602 2637 1667 2684 sunt
1689 2628 1800 2682 omnino

100 2716 223 2789 politicis
241 2719 371 2789 personis.
406 2721 581 2775 Theodosias
600 2721 750 2790 imperator
767 2719 857 2791 legem
876 2719 941 2773 tulit
966 2720 1143 2789 spirituales,
1169 2729 1200 2774 ut
1218 2723 1254 2773 de
1269 2722 1402 2790 partibus
1425 2720 1606 2788 sacramenti,
1636 2720 1672 2771 de
1690 2715 1801 2770 benedi·

102 2803 331 2861 consobrinorum
356 2807 488 2878 conjugia
525 2807 718 2877 prohibentem
751 2811 822 2862 teste
842 2807 939 2876 Augu·
966 2807 1058 2859 ctione
1094 2807 1270 2861 sacerdotali
1312 2814 1374 2873 ete,
1417 2807 1556 2876 quaedam
1587 2804 1697 2873 purtim
1737 2808 1802 2855 arnt

103 2890 177 2946 stino
200 2891 248 2947 lib.
275 2896 314 2947 15.
335 2892 370 2946 de
393 2892 445 2948 civ.
465 2892 501 2947 D.
520 2910 543 2946 c.
568 2898 606 2948 16.
634 2899 663 2949 et
679 2892 827 2948 Ambrosio
845 2891 894 2948 lib.
915 2898 938 2948 8.
965 2892 1112 2962 politicae,
1140 2895 1250 2963 partim
1268 2893 1447 2963 spiritualem
1478 2899 1508 2945 ut
1526 2894 1562 2945 de
1583 2889 1720 2961 prodibus
1737 2906 1800 2958 cop·

104 2976 185 3049 epist
211 2982 253 3034 ab.
277 2977 426 3032 concilium
451 2979 650 3033 Mdeas'tanum
675 2980 703 3034 in
722 2980 882 3052 quaestione
905 2979 940 3034 de
966 2979 1104 3044 nationis,
1135 2982 1170 3035 de
1201 2979 1345 3050 diuortiis,
1377 2983 1413 3034 de
1445 2977 1651 3048 impedimentis
1675 2984 1701 3030 et
1724 2976 1801 3045 alis's,

105 3079 193 3118 cause
209 3063 319 3119 divortii
337 3064 399 3136 lege
419 3065 556 3135 imperiali
574 3083 643 3136 opus
673 3084 734 3122 esse
758 3066 877 3121 saucivit
912 3073 941 3120 et
967 3081 1039 3134 quae
1066 3067 1108 3119 ad
1134 3068 1226 3135 speum
1253 3073 1426 3120 contractum
1456 3065 1628 3118 matrimonii
1649 3063 1801 3132 pertinent,

104 3148 159 3205 bac
177 3151 284 3205 ratione
302 3149 340 3204 ad
358 3150 481 3205 tibunal
497 3151 537 3222 pii
556 3158 585 3207 et
598 3151 748 3207 Christiani
760 3154 939 3225 magistratus
968 3159 1103 3221 quantenus
1123 3152 1196 3207 enim
1214 3159 1373 3207 contractus
1393 3151 1443 3206 ilie
1456 3151 1599 3205 naturalis
1612 3158 1661 3217 est,
1681 3148 1802 3204 materia

105 3235 350 3291 matrimonialium
367 3253 514 3291 erasmum
533 3238 762 3310 dijudicationem
780 3240 884 3296 retulit.
968 3246 1007 3290 est
1028 3239 1165 3307 politica,
1198 3247 1333 3307 quatenus
1357 3240 1432 3293 idem
1449 3245 1609 3293 contractus
1634 3245 1673 3290 est
1693 3238 1801 3302 sunda·

140 3328 199 3379 702.
233 3322 440 3379 Praetermissis
474 3326 645 3395 argumentis
688 3326 801 3397 reliquis
834 3326 939 3381 Bellar·
968 3333 1087 3377 mentum
1104 3326 1275 3378 sacramenti
1293 3333 1318 3379 et
1333 3344 1378 3379 res
1406 3326 1607 3393 conscientiae,
1641 3321 1802 3393 spiritualis

51 3453 63 3473 ,
105 3408 197 3463 minus
222 3410 413 3464 tantummodo
440 3410 476 3464 ad
500 3412 666 3481 particulam
684 3413 774 3485 quinti
797 3413 899 3482 excipit
917 3419 939 3468 1.
968 3419 1016 3468 cst.
1067 3412 1162 3465 Primi
1193 3413 1302 3482 pencris
1331 3432 1434 3467 causas
1462 3413 1532 3466 dicit
1568 3411 1731 3481 simpliciter
1762 3410 1803 3462 ad

99 3512 186 3565 posse
208 3495 369 3567 principem
391 3496 543 3567 politicum
568 3499 603 3550 de
619 3499 825 3571 impedimentis
844 3500 940 3553 matri·
964 3497 1111 3566 politicum
1136 3500 1331 3568 magistratum
1359 3500 1519 3568 pertinere,
1552 3498 1668 3553 secundi
1689 3497 1801 3564 pencris

103 3581 192 3635 monii
211 3581 300 3649 legem
322 3581 419 3650 ferre,
451 3586 504 3636 sed
519 3584 650 3654 principe
674 3586 864 3640 ecclesiastico
889 3603 939 3655 ap·
967 3603 1068 3638 causas
1092 3587 1134 3638 ad
1157 3586 1248 3638 solam
1277 3587 1437 3647 ecclesiam,
1467 3586 1544 3639 tertii
1563 3585 1675 3654 pencris
1698 3599 1800 3636 causas

99 3667 248 3736 probante,
264 3667 292 3720 si
309 3667 381 3721 enim
398 3667 444 3722 hic
464 3678 610 3741 repugnet,
638 3670 685 3725 lca
702 3670 757 3726 s'tta
774 3673 828 3725 erit
845 3673 940 3740 irritu,
968 3673 1009 3723 ad
1017 3671 1167 3741 politicam
1184 3673 1381 3740 mugiet-ratum
1393 3673 1538 3741 pertinere
1555 3688 1652 3740 posse,
1668 3672 1721 3723 sed
1739 3687 1800 3723 cum

102 3753 181 3822 quod
208 3754 314 3825 probem
343 3770 376 3807 ea
406 3754 461 3808 tito
491 3755 555 3824 ipsa
577 3757 732 3811 Theodosii
753 3758 821 3827 ispe.
869 3757 939 3812 Cum
967 3757 1197 3811 subordinatione
1216 3760 1257 3811 ad
1275 3758 1502 3826 ecclesiasticum,
1522 3757 1690 3825 simpliciter
1708 3762 1800 3809 autem

102 3840 175 3892 enim
200 3857 257 3892 non
281 3840 334 3893 diu
354 3847 419 3910 post
440 3841 503 3909 fitis·
520 3842 582 3910 ejus
608 3844 798 3913 abrogassent,
824 3844 842 3898 l.
862 3843 939 3899 Cale·
964 3845 1108 3916 pertinere
1131 3846 1172 3898 ad
1194 3844 1355 3914 principem
1372 3845 1596 3898 ecclesiasticum.
1641 3841 1801 3913 Responde·

102 3924 225 3980 brandis.
253 3924 283 3980 (i.
303 3925 338 3979 de
360 3931 439 3996 nupt.
463 3935 488 3980 et
507 3929 690 3984 Justinianns
715 3931 813 3985 itidem
830 3932 939 3985 tulisset
968 3949 1043 3985 mus:
1078 3936 1098 3986 1.
1129 3947 1230 3986 causae
1262 3930 1327 3985 illae
1356 3931 1431 3985 tertii
1457 3930 1566 4000 generis
1596 3929 1633 3984 ad
1658 3927 1801 3999 politicum

100 4012 199 4080 bspem,
218 4019 248 4064 ut
266 4012 344 4066 licita
365 4023 455 4068 essent
468 4015 650 4070 matrimonia
668 4017 741 4070 inter
754 4016 939 4072 consobrinos.
967 4018 1161 4089 magistratum
1178 4035 1234 4072 non
1252 4023 1360 4072 tantum
1379 4017 1517 4087 pertinere
1530 4024 1664 4085 ponerint,
1695 4015 1744 4070 sed
1764 4014 1801 4069 sd

51 4100 85 4145 hl·
101 4094 132 4172 ξ.
157 4097 294 4156 Duorum.
321 4099 412 4157 Instit.
446 4100 482 4154 de
506 4108 585 4172 nupt.
631 4102 788 4174 Gregorius
808 4107 939 4176 pontifex
967 4121 1030 4158 eum
1048 4105 1131 4160 etiam
1148 4103 1244 4160 referri
1265 4105 1379 4172 debent,
1404 4110 1435 4159 ut
1452 4121 1485 4158 ex
1502 4103 1673 4174 argumentis
1690 4109 1801 4156 nostrae

100 4185 190 4254 legem
217 4185 344 4240 Honorii
372 4193 399 4240 st
430 4187 591 4242 Jurtiniani
623 4190 805 4259 reprehendit
834 4192 864 4245 in
894 4209 938 4245 re·
967 4191 1120 4246 sententiae
1139 4190 1283 4246 evincitur.
1331 4196 1355 4245 2.
1372 4190 1428 4244 Per
1448 4189 1707 4243 msbords‘nutionem
1724 4188 1801 4242 illam

99 4271 207 4339 scripto
237 4274 278 4325 ad
310 4271 496 4341 Aupustinum
525 4275 684 4344 Anpiorum
722 4279 882 4349 episcopum
914 4289 939 4333 et
968 4277 1074 4348 politici
1104 4277 1282 4349 magistratus
1314 4282 1364 4331 ant
1393 4276 1612 4346 καταχρηστικῶς
1637 4273 1802 4345 intelligitur
1831 4296 1835 4303 ¹

98 4364 200 4413 contra
216 4359 327 4423 statuit,
356 4359 429 4413 inter
446 4362 626 4417 consobrinos
643 4364 745 4418 illicita
766 4383 825 4420 esse
841 4368 937 4420 matri·
968 4364 1113 4419 consilium
1134 4371 1162 4418 et
1179 4362 1343 4434 suffragium
1357 4362 1501 4416 ministerii
1513 4361 1703 4424 ecclesiastici,
1725 4360 1800 4431 quod

97 4445 210 4512 monia,
235 4453 261 4498 et
278 4445 347 4498 haec
361 4449 508 4516 pontificis
527 4449 589 4518 les,
615 4469 670 4507 non
688 4460 780 4506 autem
805 4454 859 4507 illa
879 4471 937 4508 cae·
965 4451 1095 4522 politicus
1133 4451 1314 4521 magistratus
1343 4450 1371 4504 in
1402 4447 1651 4503 matrimonialibus
1690 4446 1799 4518 legibus

97 4531 177 4587 saris
208 4532 239 4585 in
258 4533 376 4586 ecclesia
394 4534 519 4589 obtinuit.
539 4552 561 4590 c.
581 4537 724 4603 Quaedam
735 4544 786 4594 etc.
805 4546 846 4596 35.
868 4557 895 4610 q.
914 4546 936 4597 2.
965 4537 1176 4608 promulgandis
1201 4544 1228 4592 et
1247 4537 1415 4592 exsecutioni
1435 4535 1598 4589 mandandis
1616 4552 1672 4589 non
1688 4534 1799 4589 omnino

95 4618 326 4689 Respondemus:
343 4636 400 4675 non
412 4622 554 4692 quaeritur
569 4627 604 4678 de
624 4626 715 4694 sacto,
734 4643 816 4697 quam
832 4626 938 4681 scilieet
965 4625 1186 4696 praetermittere
1206 4622 1306 4692 debet,
1338 4629 1388 4677 aut
1415 4628 1538 4693 potestas
1571 4622 1620 4676 illa
1662 4619 1799 4692 αὐτοκρα-

95 4711 265 4778 poteststem
294 4706 413 4762 Mmani
443 4709 588 4779 pontifices
618 4711 816 4781 imperatorum
844 4714 935 4768 couni·
965 4710 1058 4781 ropani
1088 4717 1172 4780 atque
1204 4706 1315 4779 ripparii,
1335 4725 1418 4778 quam
1437 4708 1561 4778 pontifex
1580 4723 1643 4761 cum
1667 4707 1724 4761 suis
1744 4707 1800 4777 epi·

96 4791 195 4848 sentia
212 4800 239 4848 et
257 4793 434 4865 indulgentia
451 4815 603 4870 progressu
622 4800 763 4871 temporis,
785 4806 843 4855 tum
862 4802 937 4856 circa
965 4797 1055 4867 scopis
1082 4796 1109 4850 in
1135 4795 1278 4866 politicum
1303 4795 1497 4866 magistratum
1526 4793 1579 4848 sibi
1600 4799 1719 4864 arrogat.
1770 4793 1800 4849 Si

94 4895 198 4937 causm
224 4880 456 4948 matrimoniales,
486 4889 544 4940 tum
574 4887 651 4941 circa
675 4887 731 4941 alia
758 4887 842 4959 hujus
862 4888 935 4943 vitae
963 4883 1048 4954 priori
1078 4899 1161 4937 sensu
1196 4881 1348 4952 accipitur,
1384 4881 1575 4949 concedimus,
1606 4880 1629 4934 si
1646 4879 1801 4950 posteriori,

93 4964 212 5038 negotia
229 4965 258 5019 in
277 4967 394 5022 ecclesia
414 4969 450 5026 de
468 4969 544 5027 iacto
564 4972 617 5027 sibi
636 4974 862 5042 vendicaverint,·
885 4975 933 5029 sed
963 4987 1103 5042 negamus.
1156 4975 1179 5024 3.
1199 4968 1326 5023 Christus
1356 4968 1428 5023 enim
1456 4968 1539 5023 talem
1572 4972 1737 5037 potestatem
1771 4968 1801 5021 in

93 5053 229 5120 dejure,
259 5070 332 5124 qnae
360 5060 388 5109 et
404 5056 494 5128 qualis
516 5064 639 5128 potestas
658 5059 784 5115 Romano
804 5060 933 5131 episcopo
962 5059 1171 5129 imperatorem,
1196 5071 1276 5126 reges
1300 5060 1328 5110 et
1342 5054 1481 5125 principes
1501 5055 1634 5125 apostolis
1661 5062 1800 5110 eteorum

91 5143 123 5196 et
143 5137 206 5193 aliis
224 5139 359 5196 ecclesiae
377 5141 509 5198 ministris
524 5146 588 5215 jure
605 5152 759 5217 competat,
785 5147 834 5203 ubi
851 5146 933 5203 facile
961 5145 989 5199 in
1011 5142 1164 5198 ministerio
1183 5140 1387 5196 successoribus
1405 5140 1566 5210 neutiquam
1584 5140 1732 5210 concessit,
1751 5140 1801 5195 sed

90 5224 286 5300 concedimus,
318 5230 511 5301 magistratum
544 5231 731 5287 Christianum
762 5232 791 5287 in
821 5233 931 5305 legibus
961 5231 1052 5304 potius
1072 5230 1224 5302 derogavit.
1262 5229 1363 5284 Matth.
1386 5234 1418 5282 20
1447 5246 1472 5281 v.
1491 5234 1533 5284 25.
1565 5227 1634 5283 Luc.
1654 5232 1696 5296 22,
1710 5243 1736 5281 v.
1756 5230 1800 5280 25.

89 5311 346 5369 matrimonialibus
362 5314 485 5371 ferendis
504 5317 649 5373 ministerii
670 5318 849 5375 ecclesiastici
873 5320 930 5375 sus·
958 5320 1036 5375 Rom.
1060 5324 1101 5381 13,
1120 5335 1146 5373 ν.
1167 5323 1189 5372 1.
1227 5322 1248 5371 1.
1268 5315 1344 5371 Petr.
1367 5321 1390 5382 5,
1410 5332 1436 5371 v.
1458 5320 1483 5369 3.

88 5397 215 5471 Qum
246 5405 275 5454 et
303 5400 449 5456 eonsilium
478 5419 534 5457 non
567 5404 669 5460 debere
699 5407 927 5475 praetermittere,
995 5412 1058 5461 tot.
1093 5405 1285 5475 Argumenta,
1318 5401 1419 5472 quibus
1436 5400 1621 5456 Bellarminus
1647 5415 1726 5455 suam
1743 5402 1800 5452 sta.

88 5484 141 5543 ⁸0d
160 5500 303 5557 ”effluis
320 5487 480 5560 P01¹fiflssem
499 5488 570 5547 hanc
591 5496 763 5567 νομοθεσίαν
783 5491 835 5544 sibi
856 5492 926 5549 stris·
960 5493 1042 5553 bilire
1069 5496 1185 5548 conatur
1208 5488 1390 5557 sententiam,
1420 5487 1473 5542 tria
1490 5495 1563 5543 sunt.
1614 5485 1714 5540 Priora
1739 5484 1795 5539 duo
1812 5483 1866 5530 xvi
1880 5480 1920 5527 ili
