4020 6022
778 297 830 355 DE
850 297 1050 357 consumo.
1680 252 1761 368 'ete

63 452 152 510 altero
169 453 207 508 sit
224 451 426 531 afhmandnm.
466 461 492 512 4.
509 453 735 509 Fundamentum
752 453 836 524 hujus
854 469 900 508 ex·
926 469 1040 509 acorem
1058 461 1084 510 et
1107 455 1196 509 dmin
1226 457 1334 511 ducere.
1379 455 1421 510 Ex
1445 452 1546 526 quibus
1570 454 1697 511 omnibus
1721 456 1762 513 sic

63 539 241 613 plicationis,
270 558 325 613 qua
343 541 482 612 excipitur
496 557 581 595 cansa
599 540 727 597 adulterii
743 557 761 595 s
777 539 900 612 generali
926 538 1104 612 collegimus:
1132 540 1221 604 Quem
1244 557 1357 596 causam
1385 539 1511 597 Christus
1537 540 1597 611 ipse
1627 547 1761 614 tanquam

63 625 250 698 prohibitione
262 626 584 692 divortii,eceollatione
595 627 719 681 otiorum
733 628 900 697 scripturae
925 624 1031 695 primus
1063 629 1160 680 auctor
1196 626 1377 682 institutionis
1411 625 1535 697 conjugii
1574 642 1607 680 ac
1640 627 1761 697 optimus

62 715 203 769 dictorum
228 720 255 767 et
279 730 314 767 sc
335 714 400 783 ipso
424 721 529 767 natare
555 713 694 767 adulterii
717 713 900 768 demonstrari
925 711 1049 781 ejusdem
1076 712 1210 781 interpres
1242 728 1260 766 s
1287 712 1409 784 generali
1436 712 1622 784 prohibitione
1651 713 1761 768 divorti

62 816 153 872 posse.
188 798 330 870 conjuges
357 814 392 854 ex
408 799 551 870 primaeva
570 797 624 854 Dei
642 798 816 860 institutione
834 804 901 853 sunt
925 797 1042 868 excepit,
1060 804 1174 868 propter
1194 815 1255 853 eam
1279 797 1426 854 divortium
1447 797 1557 868 proprio
1575 799 1680 853 dictum
1700 814 1760 854 esse

61 903 206 941 enecare
225 884 296 943 Gen.
315 891 345 952 2,
370 904 395 942 v.
414 891 456 942 tt.
482 885 582 941 Matth.
601 892 646 953 it,
660 901 685 938 v.
705 891 730 944 6.
749 885 798 941 scd
820 901 899 947 uxor,
925 883 1031 937 licitum
1063 883 1160 938 merito
1185 883 1338 954 judicatur.
1394 882 1450 939 Sed
1487 899 1600 938 eausam
1631 883 1760 939 adulterii

27 1038 33 1049 ι
61 989 135 1044 qnae
154 972 320 1031 fornicatur.
347 971 381 1027 fit
399 989 456 1027 nna
473 988 538 1027 caro
555 988 620 1026 cum
637 971 777 1037 adultero,
796 975 825 1025 et
842 985 898 1023 ma·
925 967 1051 1023 Christus
1082 969 1140 1037 ipse
1170 969 1278 1024 duobus
1307 968 1336 1023 in
1359 968 1427 1023 locis
1451 976 1480 1022 et
1504 969 1617 1040 quidem
1645 969 1760 1025 dirersis

61 1059 143 1125 ritus,
160 1057 209 1130 qni
228 1057 390 1123 fornicatur,
407 1057 439 1112 fit
457 1073 514 1111 nna
530 1074 595 1113 caro
610 1074 672 1112 curn
685 1063 777 1111 scorto
799 1061 819 1111 1.
836 1053 897 1109 Cor.
923 1054 1109 1125 temporibus,
1136 1056 1248 1127 quando
1266 1072 1300 1110 ex
1325 1054 1450 1126 professo
1476 1054 1618 1111 materiam
1636 1056 1710 1110 hanc
1729 1056 1759 1112 in

62 1150 89 1210 b,
108 1161 135 1201 v.
156 1151 196 1201 16.
225 1143 301 1216 Ergo
319 1160 373 1198 non
394 1143 514 1213 amplius
532 1151 625 1198 manet
644 1143 783 1197 vinculum
802 1142 897 1211 conjn-
924 1141 1104 1196 concionibus
1135 1142 1193 1196 suis
1219 1141 1366 1209 tractarit,
1393 1158 1411 1195 a
1429 1142 1553 1212 generali
1571 1141 1758 1213 prohibitione
1843 1134 1849 1145 ⁶

61 1230 136 1304 galis
152 1230 283 1294 unitatis,
300 1229 350 1284 sed
371 1228 476 1284 nefarie
493 1245 543 1298 per
566 1228 732 1283 adulterium
754 1226 898 1296 disrumpi·
925 1227 1034 1282 divortii
1055 1229 1173 1298 excepit,
1192 1234 1224 1282 ut
1240 1228 1398 1283 Matthaeus
1412 1226 1545 1295 αὐτήκοος
1562 1229 1640 1284 testis
1661 1228 1758 1284 confir·

60 1319 122 1385 tur',
149 1322 178 1371 ct
204 1333 255 1387 per
279 1330 451 1386 consequens
477 1315 604 1369 adultera
630 1319 722 1383 potest
750 1313 897 1383 repudiari.
924 1320 989 1369 mat
1027 1312 1102 1385 Ergo
1120 1322 1234 1384 propter
1252 1330 1364 1369 causam
1382 1314 1512 1370 adulterii
1530 1314 1678 1370 divortium
1696 1331 1758 1386 pro·

62 1410 88 1459 i.
104 1402 212 1458 Locum
228 1401 313 1456 Marc
331 1407 371 1469 tt,
389 1418 415 1454 v.
430 1406 470 1456 tl.
489 1406 518 1454 et
535 1400 603 1455 Luc.
627 1394 709 1462 16,ἰ.
730 1404 769 1455 18.
790 1399 828 1461 (ἰιι
843 1415 898 1469 quo
924 1398 982 1468 prie
1002 1398 1107 1453 dictum
1126 1400 1223 1455 merito
1238 1400 1360 1470 judicari
1385 1400 1469 1456 debet
1487 1402 1603 1457 licitum.
1643 1403 1757 1457 Assum·

61 1487 189 1560 exceptio
207 1485 397 1542 fornicationis
416 1503 472 1541 non
492 1484 610 1540 habetur
629 1485 750 1556 adjecta)
768 1483 897 1554 supplen-
923 1492 981 1538 tum
1009 1484 1189 1541 confirmatur
1213 1503 1247 1541 ex
1272 1485 1340 1557 ipsis
1367 1486 1469 1541 Christi
1494 1486 1585 1543 verbis
1611 1487 1710 1544 Matth.
1732 1494 1756 1556 5,

61 1574 129 1628 dum
149 1590 210 1628 esse
234 1590 268 1628 ex
285 1572 441 1641 Mattheeo,
467 1572 534 1643 quia
548 1573 630 1641 juxta
652 1569 799 1641 vulgatum
816 1584 897 1622 cano·
923 1587 948 1624 v.
967 1575 1008 1626 32.
1031 1588 1092 1642 cap.
1120 1578 1163 1637 te,
1189 1591 1214 1628 v.
1233 1578 1264 1629 9:
1292 1573 1349 1636 Qut
1371 1575 1509 1627 dimiserit
1531 1590 1646 1628 acorem
1676 1591 1756 1629 suam

58 1675 127 1714 nem
141 1659 284 1728 pariciora
312 1659 413 1728 erponi
433 1659 531 1711 debent
563 1659 714 1710 secundam
737 1656 839 1724 pluro,
870 1662 897 1708 et
922 1666 1036 1726 eccepto
1076 1659 1277 1724 fornicationie
1313 1677 1401 1714 consu
1441 1668 1467 1714 et
1508 1661 1621 1713 durarit
1658 1661 1757 1729 alium,

60 1746 163 1814 rapida
179 1744 321 1812 sensatis
335 1760 390 1812 per
411 1743 598 1812 exceptionem
614 1742 687 1795 aiibi
701 1743 839 1796 auditam
856 1747 896 1792 cst
921 1745 1091 1799 moechatur.
1164 1744 1240 1816 Ergo
1293 1746 1341 1817 qui
1396 1750 1510 1816 propter
1566 1745 1756 1801 fornicationis

59 1833 222 1887 limitando.
263 1829 308 1885 De
324 1829 386 1884 loeo
401 1828 498 1883 Matth.
519 1836 548 1892 5,
574 1845 600 1884 v.
620 1834 663 1884 32.
687 1827 716 1882 in
738 1826 831 1898 specie
847 1842 897 1880 no·
921 1845 1034 1885 cansam
1060 1848 1173 1888 uxorem
1200 1831 1314 1887 dimittit
1333 1836 1362 1887 et
1385 1831 1469 1887 eliam
1486 1831 1578 1899 ducit,
1607 1848 1662 1886 non
1678 1849 1755 1888 moe-

60 1918 185 1986 tandnm,
207 1914 346 1971 Christum
359 1932 437 1970 suam
451 1915 613 1984 doctrinam,
631 1914 717 1986 (quod
729 1913 895 1969 adulterium
921 1915 1029 1972 chatur.

58 2005 249 2062 committatur
277 2020 328 2074 per
356 2001 503 2073 repudium
533 2002 728 2082 quodcunque,
757 2000 809 2055 nisi
845 1998 897 2053 fiat
956 2007 1014 2057 565.
1055 2002 1209 2058 Videamus
1237 2002 1398 2057 Bellermini
1428 2001 1593 2072 sophisticas
1624 2002 1754 2057 detorsio·
1768 1993 1842 2033 Μ·

60 2089 255 2160 causastupri)
269 2086 676 2160 opponerenonlegidivinse,
693 2086 894 2156 sedcorrupte
920 2103 983 2156 nes,
1011 2087 1114 2159 quibus
1140 2087 1201 2143 loco
1230 2087 1295 2143 huic
1326 2087 1478 2145 clarissimo
1509 2087 1626 2144 nebulas
1652 2042 1857 2145 inferroffiiinti·⁸

59 2168 94 2233 lis¹
108 2175 283 2239 Pharisaicis,
296 2174 411 2244 perinde
428 2180 460 2229 ut
473 2173 501 2228 in
512 2173 696 2243 explicatione
711 2173 801 2243 quinti
817 2188 895 2242 prae·
922 2181 1045 2228 conatur.
1076 2173 1137 2228 Lib.
1158 2179 1180 2229 1.
1208 2173 1649 2245 demetrim.cap.1't.'pr0fert
1665 2176 1755 2230 varias
1768 2149 1847 2239 'offis
1870 2194 1883 2219 ⁰

59 2263 133 2335 cepti
151 2261 264 2318 fecerat.
290 2260 442 2327 Quiaenim
452 2259 563 2331 Moyses
572 2259 633 2331 lege
649 2274 700 2312 sna
712 2258 825 2313 forensi·
834 2274 895 2328 per·
921 2260 1105 2330 exceptiones,
1125 2275 1196 2331 quae
1210 2260 1376 2315 sententiam
1390 2260 1477 2330 ipsius
1490 2260 1579 2332 magis
1597 2266 1754 2332 suspectam
1768 2251 1877 2346 23¹3,

58 2349 172 2404 miserat
183 2347 336 2419 repudium,
348 2346 620 2417 jubensrepudietae
632 2345 698 2399 dare
709 2343 834 2398 libellum
850 2359 894 2397 re·
921 2345 1041 2400 reddunt
1079 2361 1163 2417 quam
1194 2345 1355 2416 probatam,
1387 2351 1419 2399 nt
1453 2346 1525 2402 enim
1564 2346 1838 2417 jurisconsultum

58 2436 148 2508 pudii,
164 2434 228 2490 ideo
242 2432 383 2489 Pharisaei
394 2432 422 2487 in
435 2447 601 2504 quocunque
613 2430 721 2501 repudii
734 2447 801 2485 casu
811 2429 894 2484 mem
921 2432 1026 2494 dicunt,
1047 2433 1093 2485 cui
1109 2431 1305 2500 multipliciter
1322 2434 1518 2502 respondetur,
1537 2433 1585 2485 iili
1602 2450 1658 2487 non
1670 2433 1756 2488 semei

59 2521 176 2578 formam
197 2520 285 2575 libelli
304 2518 515 2574 introduxerant
530 2534 564 2572 se
576 2524 746 2588 receperant,
764 2522 796 2570 nt
812 2515 894 2570 mari·
920 2522 985 2573 bene
1005 2521 1200 2588 respondetur.
1245 2519 1337 2573 Verba
1356 2520 1501 2573 Mattiaci
1519 2519 1629 2591 (inquit)
1646 2520 1704 2573 nisi
1720 2519 1754 2573 ob

57 2614 104 2662 tus
122 2607 200 2661 uxori
224 2621 241 2660 a
265 2622 295 2660 se
319 2604 482 2676 repudiatae
510 2604 675 2658 concederet
708 2602 847 2658 licentiam
866 2608 895 2657 et
919 2606 1153 2672 fornicationem,
1177 2612 1298 2674 poseant
1335 2605 1431 2675 accipi
1454 2606 1498 2660 ael
1528 2606 1681 2674 exceptive,
1711 2605 1754 2662 ael

59 2698 233 2765 potestatem,
254 2699 283 2743 ut
299 2691 368 2744 daci
381 2698 477 2758 posset
488 2708 506 2743 a
516 2705 680 2758 quocunqne
697 2689 769 2756 aire,
787 2688 895 2742 nemine
920 2691 1056 2760 repetire.
1091 2693 1115 2744 1.
1129 2690 1164 2745 Si
1174 2691 1352 2760 accipiantur
1366 2692 1511 2760 ecceptioe,
1528 2692 1755 2762 respondendnm

54 2779 228 2849 prohibente.
268 2774 324 2832 sed
350 2774 476 2830 Christus
498 2775 636 2840 ostendit,
660 2791 716 2828 non
734 2774 894 2846 exlegibus
921 2786 970 2846 est,
990 2777 1130 2831 Christum
1149 2795 1205 2832 non
1221 2777 1302 2847 loqui
1318 2778 1352 2831 de
1372 2778 1535 2831 dimissione
1554 2781 1651 2848 moad
1661 2779 1755 2833 aincu-

59 2862 225 2932 forensibns,
244 2862 293 2917 sed
312 2879 346 2917 ex
365 2863 428 2933 lege
448 2860 552 2925 morali,
572 2866 601 2914 et
618 2860 647 2914 in
659 2860 713 2914 hac
733 2860 894 2931 quaestione
921 2864 987 2928 lam,
1004 2865 1056 2917 sed
1071 2863 1163 2917 solam
1181 2866 1278 2932 quoad
1297 2871 1401 2931 imum,
1428 2865 1543 2932 qnando
1566 2867 1693 2919 concedit
1711 2865 1755 2919 di·

58 2966 93 3004 ea
107 2949 204 3019 priene
221 2949 350 3018 conjaaii
370 2948 543 3001 institutione
569 2947 720 3016 petendum
744 2962 804 3000 esse
818 2945 893 3016 judi·
920 2950 1079 3003 musioncm
1097 2948 1127 3000 in
1145 2966 1231 3002 causo
1243 2949 1453 3012 fornicationis.
1482 2947 1708 3019 Respondemus:
1732 2956 1752 3006 1.

58 3036 147 3097 mum,
170 3033 239 3104 qnid
255 3033 284 3088 in
300 3032 359 3088 foro
385 3032 570 3087 conscientiae
588 3048 622 3086 ec
638 3048 730 3086 coram
747 3031 801 3086 Dei
818 3031 893 3103 judi·
921 3034 1043 3089 dimissio
1064 3035 1156 3105 quoad
1181 3041 1271 3088 torum
1291 3040 1400 3088 matum
1418 3051 1471 3088 non
1491 3043 1534 3089 est
1551 3052 1647 3091 verum
1664 3036 1754 3091 divor·

60 3121 105 3177 cio
124 3119 231 3175 licitum
253 3120 290 3174 sit
308 3119 353 3174 vel
369 3118 511 3184 illicitum,
529 3118 643 3186 proinde
660 3134 836 3189 nequaqnam
855 3117 894 3172 ite
920 3122 1005 3188 tium,
1032 3120 1082 3175 sed
1109 3120 1245 3175 duntaxat
1263 3119 1373 3175 divortii
1400 3109 1540 3190 spectrirm
1554 3137 1587 3175 ac
1606 3120 1754 3175 divortium

58 3207 155 3263 inferri
174 3222 263 3277 posse.
300 3205 358 3259 Lex
378 3204 503 3259 Metalce
525 3204 643 3259 forensis
661 3204 797 3276 permittit
813 3204 892 3260 libel·
920 3206 1122 3279 imaginarium.
1162 3205 1294 3260 Erasmus
1323 3207 1352 3261 in
1382 3211 1475 3261 annot.
1502 3223 1564 3277 cap.
1589 3212 1626 3261 19.
1653 3206 1753 3264 Matth.

57 3296 117 3350 lnnr
136 3292 254 3365 repudii,
274 3308 341 3364 ergo
360 3307 453 3346 coram
471 3291 533 3346 Deo
550 3306 605 3344 non
623 3296 729 3361 peccat,
749 3290 799 3344 sed
817 3297 893 3345 recte
918 3312 945 3364 p.
965 3299 1015 3348 62:
1036 3293 1203 3347 Ambrosios
1220 3309 1358 3361 mponeru
1376 3293 1524 3362 epistolam
1541 3295 1583 3347 od
1594 3292 1754 3348 Corinthios

56 3380 142 3449 fecit,
169 3380 217 3450 qui
235 3393 400 3450 quacunque
419 3377 454 3431 de
479 3393 564 3431 causa
589 3392 700 3431 uxorem
732 3376 848 3431 dimittit
865 3384 893 3430 et
916 3380 1043 3451 priorem
1062 3379 1160 3432 tribuit
1178 3379 1282 3432 marito
1294 3379 1347 3447 jos
1365 3379 1549 3448 repudiandi,
1568 3395 1655 3448 neque
1673 3395 1753 3434 secus

56 3471 224 3539 potestatem
255 3462 334 3517 alteri
366 3460 490 3516 nubendi
528 3461 619 3517 eidem
648 3462 789 3529 concedit,
827 3462 894 3533 quia
918 3466 1003 3520 sentit
1022 3466 1174 3534 Orr'qenee,
1193 3467 1269 3518 ande
1288 3466 1381 3518 coacti
1397 3482 1491 3518 suanm
1508 3465 1593 3519 aliud
1609 3467 1753 3534 quoddam

56 3551 196 3608 institutio
218 3548 341 3621 conjugii
359 3548 487 3617 ostendit,
511 3565 572 3603 esse
590 3549 724 3619 ,copulam
746 3548 892 3603 indissolu·
919 3553 1037 3606 divortii
1053 3568 1140 3619 aenas
1159 3552 1300 3618 indecere,
1320 3553 1398 3620 qaod
1414 3552 1457 3604 ita
1475 3552 1593 3605 dirimat
1611 3560 1754 3605 consaeta·

56 3638 158 3701 bilem,
191 3636 301 3691 interim
328 3635 357 3689 in
388 3634 438 3688 illa
467 3635 529 3704 ipsa
556 3633 678 3706 generali
706 3635 893 3705 prohibitione
918 3639 1012 3692 dinem
1032 3639 1222 3701 domesticam,
1241 3644 1271 3690 at
1289 3637 1380 3690 nitido
1397 3637 1488 3690 seciae
1505 3637 1755 3706 maneutconjapii

56 3722 195 3781 temerarii
225 3721 335 3777 cisonii
361 3720 465 3790 excipit
480 3719 606 3775 Christus
628 3738 742 3774 causam
765 3722 892 3785 feraria-a·
918 3724 1075 3790 uinculum,
1093 3726 1172 3792 qaod
1185 3724 1296 3792 quidem
1320 3724 1437 3776 divortii
1458 3739 1544 3791 penas
1567 3739 1663 3777 nomen
1683 3724 1753 3776 dan·

56 3811 151 3878 ticam,
168 3808 297 3862 nimirum
314 3807 381 3877 qnia
398 3806 448 3861 illa
459 3805 564 3861 directe
586 3814 695 3876 pugnat
712 3823 775 3860 cum
794 3813 893 3861 natura
920 3816 998 3863 tanat
1019 3810 1138 3863 diuortii
1153 3809 1248 3872 tabet,
1273 3826 1335 3862 cnm
1353 3827 1373 3861 a
1390 3809 1471 3862 nobis
1488 3811 1525 3862 sit
1541 3815 1698 3877 repertam,
1717 3810 1754 3862 de

55 3894 181 3966 conjugii
202 3909 235 3947 ac
253 3899 350 3947 eontra
369 3891 564 3946 substantialia
581 3892 756 3955 matrimonii,
775 3892 893 3964 ideoque
919 3898 970 3950 icoc
989 3913 1046 3949 non
1060 3902 1242 3964 percantatos
1264 3895 1394 3949 Judaeos
1409 3912 1464 3967 per
1485 3911 1515 3948 se
1532 3894 1633 3963 ls'qnet,
1655 3894 1754 3964 picibus

56 3980 199 4034 vinculum
218 3978 342 4049 coniugii
360 3977 450 4033 solvit.
500 3975 544 4031 De
561 3976 621 4031 loco
641 3976 740 4033 Matth.
762 3983 801 4046 te,
821 3995 847 4034 v.
869 3983 893 4034 9.
918 4000 1038 4051 prorsas
1056 3989 1122 4034 erat
1139 3980 1316 4048 incapacium.
1349 3980 1428 4034 Idem
1446 3979 1475 4035 in
1497 3987 1518 4035 l.
1531 3980 1592 4034 Cor.
1607 3987 1631 4035 t.
1649 3997 1677 4051 p.
1690 3984 1754 4036 32⁹:

56 4069 87 4120 in
105 4066 198 4136 specie
214 4065 376 4131 notandum,
393 4062 560 4118 Pharisaeos
577 4063 767 4133 quaestionem
784 4063 893 4119 Christo
923 4068 1005 4132 Quod
1021 4085 1072 4121 nos
1089 4067 1310 4139 interpretamur
1334 4067 1500 4134 diuortium,
1528 4083 1590 4119 cnm
1609 4065 1755 4119 dirimitur

57 4167 212 4226 proponere
228 4150 263 4206 de
281 4167 347 4205 vero
366 4149 493 4213 divortio,
510 4148 563 4204 hoc
579 4156 622 4202 est
642 4150 780 4205 solutione
799 4151 892 4204 matri·
920 4153 1071 4206 donrestica
1095 4153 1266 4205 consuetudo
1277 4159 1405 4205 manente
1417 4151 1545 4222 conjaqii
1556 4152 1676 4219 aincrdo,
1693 4151 1756 4220 qais

55 4238 140 4294 monii
160 4236 254 4309 quoad
272 4235 421 4303 vinculum,
438 4252 474 4289 an
491 4252 659 4306 quecunque
678 4235 712 4291 de
726 4252 811 4291 causa
824 4237 892 4291 illud
919 4256 1043 4308 unqaam
1060 4245 1192 4306 ceterum,
1209 4237 1253 4290 vel
1272 4237 1478 4306 tieoloporam,
1494 4237 1539 4290 ccl
1549 4237 1629 4305 juris
1647 4236 1754 4291 consui

56 4326 94 4379 sit
124 4323 232 4379 licitum
261 4340 287 4379 r.
309 4327 333 4379 3.
365 4321 492 4376 Christus
525 4321 731 4392 responsionem
759 4328 830 4393 petit
858 4339 892 4376 ex
920 4332 1010 4377 torum
1035 4323 1192 4392 appellavit
1217 4323 1391 4376 diuortium!
1440 4325 1466 4377 2.
1495 4322 1634 4376 Dimiseio
1658 4324 1755 4390 quood

10 4418 43 4461 te.
56 4409 147 4481 prima
164 4408 290 4480 conjugii
308 4406 495 4470 institutione,
518 4422 590 4478 qnae
610 4408 745 4476 ostendit,
765 4409 893 4480 copulam
921 4419 1011 4465 torum
1032 4417 1153 4473 tantum,
1179 4414 1310 4463 manente
1333 4408 1442 4479 integro
1467 4408 1609 4480 conjugali
1633 4409 1754 4475 vinculo,

57 4513 118 4552 ease
136 4493 362 4549 indissolubilem.
398 4491 541 4563 conjuges
558 4501 694 4547 suntuna
713 4511 789 4550 caro.
817 4495 893 4566 Ergo
919 4496 1036 4552 ‚ludaeis
1053 4495 1108 4550 fuit
1125 4495 1234 4565 penitus
1259 4496 1370 4566 ignota,
1395 4494 1469 4550 unde
1493 4494 1677 4549 Bellarrninns
1694 4494 1754 4564 ipse

55 4600 122 4654 pars
149 4597 206 4636 uns
232 4596 288 4635 non
314 4579 399 4635 debet
422 4579 563 4634 dimittere
589 4579 704 4635 alteram
735 4597 762 4633 v.
778 4587 804 4636 t.
824 4587 848 4636 5.
869 4588 891 4637 6.
920 4584 948 4637 in
973 4599 1045 4653 resp.
1071 4582 1107 4636 ad
1132 4580 1233 4653 object.
1260 4587 1300 4637 14.
1325 4587 1431 4651 septem
1457 4581 1627 4651 argumentis
1644 4580 1754 4655 probat,

54 4667 198 4723 Pharisaei
231 4667 361 4720 ἔνστασιν
396 4665 563 4735 depromunt
598 4682 631 4720 ex
668 4666 732 4739 lege
768 4666 893 4722 Massica
916 4686 972 4739 per
990 4668 1117 4721 libellam
1135 4668 1252 4736 repudii
1267 4669 1360 4736 ipsam
1378 4668 1505 4737 conjnpii
1521 4667 1755 4736 oincniamapad

54 4755 140 4810 Dent
156 4758 204 4823 tt,
220 4771 246 4807 v.
268 4759 298 4808 i:
316 4752 430 4819 Moyses
449 4753 595 4806 mandauit
612 4755 684 4806 dare
704 4753 830 4806 libellum
851 4771 892 4807 re·
919 4756 1050 4808 daciaeos
1070 4754 1161 4817 facisse
1180 4753 1314 4818 solmam,
1332 4754 1374 4806 s'ta
1395 4761 1425 4806 ut
1439 4760 1507 4822 post
1522 4754 1673 4822 repudium
1688 4770 1754 4823 per·

52 4839 151 4912 pedii,
167 4857 192 4891 v.
211 4845 234 4894 7.
262 4838 425 4909 Respondet
441 4837 576 4902 Christus,
596 4845 708 4909 propter
728 4844 893 4916 orlqporap-
920 4842 1034 4894 maerim
1058 4841 1150 4904 faerit
1175 4857 1275 4893 nocam
1299 4840 1509 4893 matrimonium
1535 4858 1592 4893 non
1616 4840 1705 4894 solum
1724 4847 1755 4893 at

58 4928 125 4981 dian
150 4924 240 4980 cordis
263 4924 367 4996 populo
384 4925 505 4979 Judaico
528 4925 661 4995 aldoyse
679 4925 709 4979 id
726 4925 812 4980 fuisse
831 4943 894 4980 con·
921 4927 1011 4978 minas
1042 4925 1161 4992 maliem,
1189 4927 1241 4978 sed
1273 4925 1357 4978 etiam
1384 4933 1416 4978 at
1448 4925 1564 4979 licitum.
1609 4925 1643 4979 In
1666 4923 1755 4980 forma

57 5028 182 5078 cessum,
206 5027 263 5066 non
291 5018 384 5066 autem
408 5027 441 5066 ex
466 5011 556 5082 prims
580 5012 703 5082 conjugii
720 5010 894 5066 institutione
920 5011 1006 5067 libelli
1030 5011 1155 5082 repudii,
1180 5027 1252 5081 quae
1280 5010 1372 5066 adhuc
1401 5010 1484 5066 hodie
1511 5010 1626 5067 Judaeis
1650 5013 1756 5067 usitata

58 5088 209 5153 deddctum
234 5114 260 5152 v.
286 5102 309 5151 8.
337 5112 371 5151 ac
398 5097 511 5152 tandem
530 5113 554 5152 v.
573 5102 598 5152 e.
617 5096 712 5167 plene,
736 5097 844 5167 integre
862 5100 979 5164 aclest,
1006 5114 1135 5167 expresse
1163 5097 1277 5167 ponitur
1302 5097 1371 5152 haec
1401 5096 1540 5151 clausula:
1572 5099 1699 5153 Concedo
1729 5099 1757 5152 ei

57 5183 205 5256 perspicue
221 5182 257 5237 ad
276 5182 467 5253 quaestionem
484 5200 502 5237 a
520 5182 678 5237 Pharisaeis
702 5181 755 5235 sibi
770 5183 895 5251 proposi·
921 5184 1065 5238 licentiam
1084 5191 1110 5237 et
1135 5191 1315 5252 potestatem,
1346 5191 1377 5236 ut
1402 5201 1457 5252 pro
1478 5184 1560 5236 libita
1583 5200 1634 5236 sisa
1657 5186 1753 5253 eodm,

57 5278 116 5326 tam
145 5268 306 5339 respondet,
333 5268 408 5340 qnod
436 5286 492 5323 non
515 5268 598 5323 liceat
626 5283 738 5322 uxorem
756 5267 896 5324 dimittere
920 5286 975 5338 quo
996 5270 1127 5338 uoluerit,
1148 5270 1267 5338 dacique
1288 5271 1377 5338 possit
1395 5271 1431 5322 ab
1450 5270 1526 5323 omni
1543 5271 1612 5338 ciro,
1625 5287 1674 5322 nec
1693 5286 1755 5322 eom

58 5355 113 5410 nisi
136 5354 174 5410 ob
194 5354 413 5410 fornicationem.
459 5354 505 5410 sic
529 5368 596 5426 ergo
620 5352 762 5407 Pharisaei
788 5353 817 5407 in
844 5371 895 5408 sua
921 5357 1036 5426 qrsmqnc
1056 5356 1206 5425 prohibere
1235 5364 1408 5426 praesumat.
1451 5356 1557 5427 Ecquis
1583 5357 1669 5428 igitur
1700 5353 1752 5408 sibi

58 5441 223 5514 quaestione
239 5446 348 5512 ponunt
360 5441 512 5507 definitam,
530 5439 656 5496 Christus
674 5440 703 5494 in
716 5441 895 5508 responsione
921 5441 1082 5512 persuaderi
1099 5442 1210 5512 poterit,
1232 5440 1370 5497 Christum
1382 5442 1416 5497 de
1430 5442 1548 5498 divortio
1561 5460 1625 5498 cum
1636 5440 1753 5498 iudaeis

57 5527 206 5599 subjungit
235 5527 424 5591 definitionem
454 5527 579 5592 divortii,
610 5525 684 5596 quod
702 5525 740 5580 sit
755 5525 895 5581 dimittere
919 5527 1081 5599 loquentem
1112 5526 1188 5581 aliud
1219 5527 1328 5585 divortii
1354 5545 1442 5599 genus
1460 5529 1641 5592 intellexisse,
1666 5544 1749 5599 quam
