4020 6022
252 320 314 379 ’dd
833 313 955 372 Locus
972 312 1176 373 monemus
1196 315 1365 381 QUINTUS

254 468 398 525 lectionem
426 468 511 524 fleur.
540 468 697 540 Stepbenus
723 476 873 539 propterea
894 468 1004 539 judicat
1032 487 1087 526 non
1114 474 1197 528 modo
1214 474 1313 541 velint,
1341 473 1420 545 sequi
1442 472 1535 526 statim
1561 471 1675 543 possint.
1711 472 1775 536 Qus
1792 473 1887 544 gratia
1902 474 1949 529 do

253 570 314 609 esse
324 554 514 626 rejiciendam,
532 555 606 625 quod
622 554 719 609 eedem
733 553 871 625 oppositio
888 554 962 609 inter
972 554 1088 629 γνώμην
1114 560 1216 631 sephns
1237 564 1266 614 et
1283 558 1373 613 Maria
1395 575 1413 614 a
1430 574 1581 630 congressu
1607 558 1726 613 maritali
1744 557 1948 627 abstinuerunt,

256 644 303 695 sel
319 640 453 711 iusseris
469 646 557 695 exstet
574 658 598 695 v.
619 645 660 695 25.
703 639 808 695 Verum
827 640 1021 710 praetermissa
1039 641 1088 696 illa
1114 662 1174 701 eam
1192 647 1298 716 absque
1315 646 1459 701 vocatione
1476 644 1525 699 alii
1541 644 1674 717 coniuges
1693 650 1798 701 temere
1816 645 1872 701 sibi
1888 663 1948 717 pre

254 726 478 797 interpretatione
518 725 701 797 praeferimus
728 742 805 794 eam,
842 742 914 796 qnae
940 726 1087 781 relativum
1113 730 1222 786 mittere
1246 750 1302 787 non
1328 730 1440 787 debent.
1485 730 1635 787 Cassianus
1657 729 1750 785 collat
1776 736 1818 788 u.
1843 748 1906 803 cap.
1924 740 1947 788 7.

253 817 332 868 τοῦτο
354 814 395 866 cd
419 818 506 865 totum
524 813 679 866 oratiouem
697 813 912 882 praecedentem
934 828 1086 868 accommo·
1113 823 1261 890 postquem
1277 822 1430 883 narrasset,
1455 818 1560 871 laicum
1583 818 1724 885 quendum
1742 824 1899 887 pareutum
1921 820 1949 871 oi

254 900 316 970 dat,
342 904 375 954 ut
393 899 430 954 sit
446 914 556 966 sensus,
588 897 725 970 quidquid
754 898 789 954 de
816 897 955 954 coelibatu
975 903 1004 954 et
1022 914 1086 953 con-
1114 912 1139 959 et
1166 904 1285 973 imperio
1311 903 1483 975 compresum
1508 920 1623 957 acorem
1648 903 1763 957 ducisse
1793 912 1822 958 et
1839 920 1902 957 essi
1919 912 1947 957 ut

248 986 330 1058 jugio
348 985 405 1039 dixi
420 985 570 1049 haetenus,
590 984 665 1054 quod
684 983 791 1039 scilicet
808 984 909 1039 mrum
925 985 963 1038 sit
980 984 1086 1039 bomini
1112 1007 1236 1044 sororem
1256 990 1401 1052 labasse,
1427 987 1587 1059 subjungit,
1608 988 1698 1043 uuus
1721 997 1800 1044 recte
1824 992 1861 1043 ab
1881 990 1947 1045 elisi

252 1072 396 1127 mulierem
413 1089 470 1125 sou
488 1078 617 1141 scopere,
639 1078 664 1125 et
683 1072 895 1140 quodpropter
916 1071 1085 1135 fonticutio·
1113 1083 1192 1143 gestu
1212 1092 1344 1143 mapsam
1363 1075 1432 1128 aliis
1450 1074 1626 1128 imitantibus
1639 1075 1768 1129 uttalmse
1780 1076 1946 1145 perniciem,

252 1174 314 1212 uem
338 1158 437 1212 debeut
460 1157 649 1226 uuusquisque
672 1157 773 1211 buben
794 1172 909 1210 uxorem
935 1174 1030 1226 mm,
1057 1158 1085 1213 id
1112 1163 1187 1234 Ergo
1208 1162 1236 1216 in
1265 1160 1378 1232 pietatis
1406 1160 1499 1215 studio
1521 1175 1578 1216 non
1598 1168 1656 1215 tam
1674 1160 1712 1215 sd
1737 1161 1873 1232 specialia
1889 1179 1946 1217 san·

252 1260 307 1299 non
330 1242 421 1314 accipi
444 1243 527 1298 velim
547 1242 652 1297 dictum
677 1240 733 1296 κατ’
761 1239 909 1311 ἐπιταγήν,
934 1243 1085 1298 secundum
1112 1256 1219 1305 storum
1248 1246 1390 1318 exempla,
1417 1262 1500 1317 quem
1527 1246 1565 1300 ad
1592 1248 1793 1318 praescriptum
1819 1246 1899 1303 verbi
1921 1254 1947 1305 st

254 1327 384 1401 generale
408 1327 521 1399 aliquod
548 1335 742 1399 praeceptum,
774 1327 849 1400 qnod
876 1329 1002 1397 quemvis
1027 1328 1086 1384 sine
1112 1335 1248 1404 cujusque
1273 1333 1445 1388 vocationem
1469 1332 1686 1403 respiciendum,
1708 1332 1736 1386 id
1760 1333 1837 1402 quod
1855 1339 1946 1390 noster

252 1414 310 1470 ullo
332 1413 490 1469 discrimine
509 1413 626 1485 obliget,
646 1414 694 1469 sed
718 1411 787 1467 suri
808 1410 988 1487 συγγνώμην,
1004 1414 1087 1483 juxta
1113 1419 1251 1475 Lutherus
1274 1435 1307 1473 ex
1338 1418 1401 1473 Joh.
1428 1424 1474 1487 21,
1506 1435 1532 1473 v.
1553 1424 1595 1473 22.
1624 1419 1653 1472 in
1686 1419 1815 1489 explicat.
1844 1420 1945 1491 poculi.

252 1500 415 1557 sententium
440 1500 653 1555 circumstantiis
677 1500 775 1555 horum
797 1506 953 1572 temporum
975 1516 1085 1555 accom-
1112 1504 1253 1575 eleganter
1275 1504 1391 1575 colligit.
1430 1504 1527 1572 Adde,
1557 1504 1632 1576 quod
1657 1504 1783 1576 plerique
1804 1504 1834 1559 in
1850 1505 1945 1561 iisdem

253 1589 407 1657 medatem,
429 1587 501 1641 sicut
523 1586 608 1641 etism
633 1586 661 1641 in
680 1586 803 1641 Arabica
818 1587 943 1643 versione
960 1587 1086 1643 redditur
1111 1591 1228 1648 oedibus
1249 1591 1381 1658 vixerint,
1398 1607 1462 1646 cum
1480 1589 1617 1646 Pontificii
1636 1592 1770 1663 conjuges
1786 1608 1839 1662 per
1854 1596 1946 1647 votum

252 1676 316 1729 dico
340 1674 496 1729 counitum.
539 1673 638 1730 Statim
664 1673 737 1728 enim
767 1676 957 1745 oteroloyssdr
972 1674 1086 1745 subjicit
1111 1683 1253 1748 separatos
1272 1675 1423 1731 indiverso
1440 1677 1606 1731 monasteria
1623 1676 1781 1743 detrudant,
1799 1678 1877 1753 quod
1890 1678 1945 1749 qui-

251 1762 402 1832 npostelus,
424 1763 499 1815 ertu
517 1760 573 1831 γὰρ
592 1758 698 1821 πάντας
715 1754 883 1834 ἀνθρώπους
900 1755 968 1815 εἶναι
990 1758 1025 1820 cic
1037 1762 1084 1812 eci
1111 1765 1175 1818 dem
1192 1780 1225 1819 er
1245 1763 1354 1818 illorum
1372 1779 1485 1817 numero
1502 1763 1539 1816 ad
1555 1762 1717 1834 conjugium
1727 1768 1841 1833 praeter
1852 1764 1946 1819 volun-

251 1848 384 1915 lusoris,
417 1845 474 1901 ἀλλ’
497 1848 612 1907 ἕκαστος
636 1848 709 1902 ldsor
729 1846 858 1920 χάρισμα
882 1847 937 1917 ἔχει
959 1848 988 1900 lx
1007 1848 1083 1908 θεοῦ,
1110 1856 1196 1905 tatem
1223 1848 1327 1905 fuerint
1350 1849 1500 1919 compulsi,
1529 1849 1604 1920 quod
1635 1848 1740 1905 fuerint
1765 1850 1827 1919 jam
1855 1856 1945 1905 aetate

251 1953 276 2006 q.
295 1935 322 1987 d.
345 1952 400 1989 non
426 1939 519 2004 potest
541 1933 588 1987 hic
610 1932 748 2005 generalis
773 1933 909 2004 quaedam
934 1932 1032 2004 regula
1049 1932 1083 1987 de
1110 1936 1247 2007 provecti,
1271 1935 1345 2007 qnod
1368 1934 1529 2007 conjugium
1561 1934 1683 2005 ipsorum
1713 1936 1836 1990 nondum
1860 1935 1943 1992 fuerit

251 2019 383 2091 coniugio
412 2020 456 2075 vel
486 2020 625 2075 coelibatu
657 2018 822 2089 praescribi,
848 2019 897 2073 md
915 2018 1029 2074 cuilibet
1046 2018 1082 2071 ad
1110 2028 1339 2080 consummatum.
1369 2021 1498 2092 Denique
1514 2021 1592 2075 nulla
1609 2021 1783 2077 necessitatis
1800 2022 1865 2094 lege
1883 2038 1944 2079 con·

250 2107 353 2162 donum
380 2122 398 2161 a
422 2106 484 2161 Deo
502 2105 557 2160 sibi
581 2105 677 2160 dstnm
702 2110 730 2160 et
753 2104 789 2160 ad
814 2105 987 2160 vocationem
1005 2120 1084 2159 suam
1112 2109 1279 2181 stringimur,
1298 2114 1331 2162 ut
1341 2106 1462 2162 historiis
1479 2106 1533 2161 illis
1550 2107 1678 2163 omnibns
1688 2107 1774 2163 iidem
1786 2107 1944 2164 babeamus

251 2191 469 2263 respiciendum,
498 2190 572 2246 unde
600 2191 659 2261 ipse
682 2190 869 2262 Hieronymus
896 2190 944 2246 lib.
973 2198 996 2247 1.
1020 2191 1084 2245 adv.
1110 2194 1261 2267 Gregorius
1276 2193 1431 2248 'l‘nronicns
1452 2193 1595 2266 deglutis
1619 2192 1736 2249 confess.
1755 2210 1819 2266 cap.
1839 2202 1885 2252 32.
1904 2212 1943 2251 re

250 2279 342 2337 Jovin.
353 2279 390 2333 sd
406 2278 518 2350 nuptias
534 2277 636 2333 retulit
665 2278 851 2331 Mussitcmus
863 2278 966 2341 adbuc,
984 2277 1083 2349 inquit,
1109 2282 1181 2348 tert,
1205 2282 1283 2351 quod
1304 2298 1366 2333 eum
1383 2297 1416 2334 ee
1434 2281 1542 2334 duodus
1559 2280 1736 2348 coniugibus,
1760 2282 1813 2349 qui
1836 2299 1946 2353 semper

252 2365 368 2436 :ruptim
385 2382 441 2419 uos
459 2381 561 2419 uocare
580 2365 800 2433 indulgentiam,
827 2366 879 2418 sed
890 2372 1083 2434 praeceptum.
1110 2384 1144 2421 ec
1161 2383 1295 2420 conserua
1322 2374 1397 2421 caete
1421 2368 1564 2432 umam,
1590 2367 1684 2421 altera
1718 2375 1832 2421 mortua
1870 2377 1946 2433 essm,

252 2451 370 2519 Quidem
388 2450 474 2506 verba
492 2450 624 2521 apostoli,
647 2451 699 2505 boc
723 2451 787 2504 dico
819 2453 971 2505 :muudum
992 2450 1085 2504 indul
1111 2454 1184 2507 alter
1210 2453 1241 2505 iu
1268 2453 1339 2507 baec
1366 2454 1452 2507 ueta
1467 2454 1653 2523 proruperit:
1678 2452 1802 2507 Gratius
1820 2455 1876 2509 tibi
1894 2474 1947 2525 spo

251 2540 386 2608 amdam,
410 2536 535 2593 referum
553 2536 590 2592 sd
608 2536 696 2604 illud,
713 2537 788 2608 qnod
805 2536 835 2590 in
855 2536 1085 2607 praecedentibus
1112 2540 1286 2609 omnipotens
1303 2540 1441 2607 mediter,
1458 2542 1536 2610 quod
1554 2541 1627 2593 baec
1642 2540 1779 2610 predum,
1796 2541 1871 2595 mern
1886 2557 1948 2595 ears

253 2624 374 2693 dixerat,
400 2625 487 2678 colite
512 2625 656 2690 fraudare
679 2640 728 2677 uos
745 2622 876 2690 issum,
904 2622 963 2676 uisi
991 2638 1025 2676 en
1053 2639 1085 2677 eo
1109 2626 1262 2679 tradidisti
1285 2625 1462 2698 iuqroliutum
1483 2635 1509 2679 et
1532 2627 1569 2679 ab
1592 2627 1669 2680 omui
1683 2627 1838 2696 uoluptatis
1854 2636 1947 2683 coste-

252 2728 391 2766 cosseusu
414 2712 455 2763 ud
471 2717 594 2780 tempta,
620 2717 652 2762 ut
669 2710 773 2763 vassus
791 2710 916 2763 orationi
932 2717 959 2763 ct
969 2710 1085 2780 jejunio
1111 2712 1159 2781 pio
1184 2730 1303 2784 purum,
1330 2715 1373 2766 ita
1403 2713 1456 2767 tibi
1494 2713 1627 2782 rseeuo3
1658 2712 1714 2767 illu
1741 2728 1810 2767 uero
1837 2716 1950 2770 etiami

252 2803 307 2853 etc.
349 2796 395 2853 Sic
425 2811 493 2868 ergo
519 2794 572 2851 erit
595 2811 706 2862 sensus,
743 2796 817 2867 quod
842 2796 1028 2853 secubationis
1049 2796 1085 2850 ad
1111 2805 1223 2852 suemus
1239 2807 1318 2860 esset,
1335 2799 1485 2852 subridens
1502 2798 1624 2853 dicerit:
1648 2798 1709 2853 Sile
1723 2799 1770 2853 eir
1787 2800 1863 2871 Dei,
1881 2801 1949 2871 quie

253 2891 364 2955 tempus
381 2884 526 2939 institutae
544 2882 710 2938 mentionem
727 2880 796 2950 ieci,
814 2881 844 2936 id
860 2899 916 2937 non
932 2883 1086 2954 accipietur
1110 2902 1167 2938 uos
1185 2892 1224 2938 est
1252 2901 1360 2938 messae
1389 2884 1525 2953 proloqui
1544 2891 1670 2938 nostrum
1691 2885 1802 2939 semisse
1826 2887 1948 2943 interro

253 2973 359 3028 dictsrm
384 2971 573 3043 praeceptive,
604 2970 682 3043 quasi
706 2970 812 3027 scilicet
834 2971 945 3027 omnino
973 2971 1026 3027 hoc
1049 2971 1086 3026 sit
1111 2979 1197 3040 geute
1214 2979 1358 3027 secretum.
1402 2970 1472 3037 Quis
1490 2970 1555 3026 huic
1571 2971 1692 3027 fabellae
1708 2971 1795 3027 fidem
1811 2972 1947 3031 habebit?

252 3058 446 3127 necessarium,
466 3057 515 3113 sed
534 3058 695 3125 couedtiee,
712 3058 788 3128 quod
805 3057 860 3113 hoc
877 3056 944 3111 mibi
957 3057 1085 3112 videatur
1113 3056 1256 3128 Quidquid
1282 3057 1332 3121 sit,
1361 3057 1384 3110 si
1415 3056 1460 3112 vel
1490 3058 1607 3113 maxime
1636 3057 1789 3114 afferantur
1819 3060 1948 3131 exempla

251 3145 425 3202 commodum
444 3150 528 3215 atque
545 3144 627 3215 utile,
651 3146 777 3216 quamvis
804 3146 839 3200 de
863 3161 896 3200 eo
915 3144 1021 3199 nullum
1039 3163 1085 3201 cx·
1111 3142 1208 3198 talium
1220 3145 1388 3215 conjugum,
1415 3143 1462 3214 qui
1481 3161 1515 3199 ex
1526 3149 1623 3198 mutuo
1635 3160 1771 3200 consensu
1782 3156 1947 3216 perpetuam

253 3238 308 3288 stet
326 3231 439 3288 Domini
458 3238 645 3302 praeceptum.
684 3232 766 3288 Hanc
791 3232 1043 3303 interpretationem
1062 3235 1084 3289 si
1112 3230 1311 3285 continentiam
1336 3236 1472 3285 voverunt
1498 3247 1532 3286 sc
1558 3231 1605 3302 pie
1630 3236 1658 3285 et
1689 3230 1794 3301 pudice
1819 3231 1876 3287 sub
1893 3232 1948 3289 hae

250 3334 407 3389 sequamur,
426 3318 517 3372 denno
537 3318 565 3373 in
584 3318 690 3373 fumum
720 3319 779 3374 abit
805 3318 964 3374 Bellarmini
981 3321 1085 3375 instan-
1110 3315 1204 3371 votiva
1223 3315 1393 3372 continentia
1412 3316 1499 3370 vitam
1520 3323 1727 3389 transegerunt,
1749 3324 1845 3373 tamen
1872 3320 1947 3391 quod

250 3405 298 3460 tia·
333 3410 358 3458 2.
374 3406 420 3458 Ee
434 3406 574 3476 putridus.
604 3404 724 3460 Basilius
741 3407 770 3460 in
783 3412 890 3476 quaest.
903 3406 965 3462 fuse
984 3408 1082 3479 explic.
1109 3400 1294 3456 Bellarminufl
1311 3402 1340 3455 in
1357 3417 1415 3473 seq·
1433 3419 1495 3473 cap·
1513 3404 1662 3474 respondet
1685 3404 1722 3460 td
1741 3404 1872 3476 exempla
1888 3404 1948 3462 illc·

251 3508 278 3561 q.
301 3496 343 3547 12.
361 3489 536 3561 Epiphanius
552 3490 657 3546 haeres.
677 3498 718 3547 59.
731 3491 905 3562 Augustinus
922 3494 1002 3563 epist
1025 3499 1081 3549 199.
1108 3506 1178 3555 rum,
1195 3488 1242 3558 qui
1260 3488 1347 3543 invita
1370 3506 1455 3545 uxore
1472 3490 1675 3545 matrimonium
1693 3490 1833 3547 solventes
1853 3509 1948 3549 mona-

251 3582 280 3632 et
304 3583 345 3633 ³2.
373 3575 526 3648 Gregorius
549 3576 597 3632 lib.
624 3583 647 3633 9.
674 3578 754 3648 epist.
775 3582 817 3633 39.
861 3577 1081 3648 Respondemus:
1109 3573 1193 3629 steria
1209 3581 1273 3630 sunt
1291 3575 1418 3645 ingressi,
1435 3576 1508 3631 idem
1521 3576 1604 3630 etiam
1618 3577 1679 3631 istis
1691 3577 1824 3648 exemplis
1837 3578 1948 3636 obverti

250 3664 435 3719 Bellarminus
453 3663 523 3734 'ipse
551 3663 580 3718 in
609 3664 736 3734 sequenti
763 3664 855 3734 capite
874 3660 902 3739 §-
921 3671 945 3720 5.
978 3664 1082 3721 Basilio
1107 3665 1214 3731 potest,
1243 3660 1374 3715 videlicut
1397 3678 1457 3716 esse
1484 3661 1533 3715 illa
1558 3660 1634 3716 facta
1666 3668 1827 3718 smstorum
1859 3665 1947 3721 admi·

250 3750 357 3819 tribuit,
374 3750 450 3822 quod
468 3749 496 3805 d.
514 3750 531 3804 l.
552 3752 609 3804 duo
624 3751 766 3823 proferat,
783 3767 855 3821 quae
872 3752 946 3803 inter
965 3767 995 3805 se
1014 3770 1081 3821 pug-
1107 3746 1207 3812 rande,
1225 3764 1281 3803 non
1299 3748 1445 3816 imitanda,
1466 3765 1498 3803 ac
1526 3747 1695 3803 credendum
1715 3764 1791 3818 esse,
1811 3752 1950 3821 peculiari

249 3854 320 3891 aare
344 3838 507 3901 uideantur,
531 3839 599 3890 dum
623 3838 707 3903 dicit,
730 3838 911 3906 coniugatum
929 3839 970 3891 ad
987 3855 1081 3891 mouu-
1108 3832 1228 3904 Spiritus
1245 3834 1335 3889 sancti
1346 3835 1490 3890 admonitu
1506 3835 1535 3888 id
1553 3834 1659 3891 factum
1674 3851 1735 3890 esse
1745 3843 1860 3906 praeter
1873 3855 1949 3895 com-

250 3925 338 3978 stieeu
357 3926 508 3979 seuientem
529 3924 629 3978 debere
652 3924 840 3993 interrogari,
864 3940 1082 3979 decommum
1108 3937 1218 3975 munem
1240 3919 1365 3975 ordinem
1390 3938 1424 3976 ac
1446 3922 1541 3992 legem
1584 3924 1608 3975 d.
1635 3922 1682 3975 Ec
1703 3923 1825 3979 ratione.
1875 3926 1950 3979 Tota

250 4010 348 4063 acoris
359 4010 517 4077 obtinuerit,
537 4015 566 4065 et
583 4016 681 4081 postea
690 4010 778 4078 addit,
796 4011 936 4080 drunjus
948 4018 1083 4080 repugnet
1108 4025 1213 4075 causa,
1244 4024 1295 4059 cur
1312 4007 1471 4061 conticeat
1496 4007 1557 4060 viro
1583 4009 1714 4075 profiteri
1738 4008 1950 4077 continentiam,

251 4114 286 4151 ee
308 4096 437 4163 renum,
464 4104 592 4166 oponsre
612 4098 716 4151 audire
743 4095 863 4151 Domini
878 4113 988 4151 socen:
1027 4097 1084 4160 Qus
1109 4100 1157 4159 est,
1176 4094 1244 4160 qrss'a
1259 4094 1414 4147 mulctet
1432 4099 1595 4162 potestatem
1612 4094 1658 4147 assi
1676 4094 1804 4162 eorporis
1823 4103 1851 4149 et
1868 4112 1950 4151 seso

251 4190 329 4237 uusut
357 4198 471 4235 imorem
493 4183 562 4252 plus
579 4182 670 4251 lqucm
693 4199 736 4235 me
759 4201 814 4238 sou
838 4184 880 4236 'est
901 4198 944 4237 me
964 4184 1083 4252 dignum
1106 4187 1198 4248 potest
1214 4195 1275 4233 rem
1292 4178 1415 4233 αἱίαιιαηι
1433 4181 1541 4233 dauers
1567 4179 1653 4235 inuito
1670 4180 1793 4237 domiuo.
1831 4182 1872 4238 At
1890 4183 1950 4237 ictu

250 4286 318 4339 ergo
343 4267 482 4339 approbat
506 4269 590 4324 etiam
615 4274 712 4323 votum
736 4268 824 4323 invita
849 4276 928 4339 parte
953 4268 1041 4323 altera
1065 4285 1082 4324 e
1109 4284 1197 4319 caure
1221 4273 1324 4329 casm,
1342 4283 1404 4318 cum
1420 4282 1453 4319 ec
1480 4282 1616 4321 emensa
1632 4268 1665 4329 fit
1691 4274 1791 4323 votum.
1823 4267 1950 4339 Respon-

250 4356 371 4427 conjuge
398 4357 544 4424 emissum,
576 4354 649 4426 quod
676 4353 827 4409 Pontidciis
860 4369 915 4408 non
941 4353 1082 4425 probatur.
1110 4352 1219 4407 demus:
1246 4356 1278 4406 ut
1302 4370 1374 4407 unus
1398 4354 1549 4424 conjugum
1572 4352 1668 4421 elteri,
1691 4352 1733 4407 ita
1756 4359 1877 4425 uterque
1898 4372 1951 4426 par

250 4441 424 4513 Epiphanius
443 4441 577 4512 quosdam
595 4439 771 4511 presbyteros
790 4444 819 4494 et
831 4439 960 4495 diaconos
977 4440 1007 4495 in
1023 4442 1082 4513 qui·
1109 4440 1186 4510 leges
1205 4437 1330 4508 conjugii
1347 4437 1408 4493 Deo
1426 4438 1575 4494 obstrictus
1600 4445 1658 4507 est,
1683 4437 1753 4493 alias
1780 4438 1866 4497 etiarn
1887 4441 1949 4499 vin·

251 4527 370 4583 busdam
393 4526 460 4582 locis
489 4526 573 4582 etiam
598 4526 699 4582 liberos
725 4527 853 4598 genuisse
879 4528 991 4597 assemt,
1017 4546 1083 4600 ergo
1109 4523 1202 4579 culum
1221 4523 1387 4579 matrimonii
1406 4523 1554 4579 dissolvere
1573 4541 1624 4579 suo
1635 4523 1750 4579 arbitrio
1768 4532 1796 4579 et
1815 4525 1948 4597 dissm

250 4623 344 4670 votum
382 4612 568 4669 continentiae
586 4629 641 4668 non
660 4612 715 4667 fuit
733 4612 769 4667 ab
789 4613 916 4669 omnibus
935 4614 1083 4672 sacerdoti·
1109 4616 1205 4665 mutuo
1236 4616 1357 4681 possent
1405 4611 1563 4667 consensus
1599 4610 1737 4669 humanus
1767 4628 1824 4666 uon
1853 4618 1950 4681 potest

249 4700 301 4755 bus
325 4700 354 4753 in
379 4700 509 4771 conjugio
538 4698 694 4753 viventibus
721 4704 858 4753 exactum.
906 4701 1082 4772 Augustinus
1109 4696 1207 4753 tollere
1226 4696 1427 4752 ordinationem
1445 4696 1573 4751 divinam
1607 4696 1709 4761 Causa,
1727 4702 1842 4768 propter
1860 4716 1948 4770 quem

251 4790 345 4842 votum
369 4786 427 4842 sive
446 4784 643 4857 professionem
664 4786 852 4841 continentiae
871 4791 898 4841 in
916 4787 1083 4858 conjugibus
1109 4783 1284 4841 temerarium
1303 4788 1454 4854 perpetuae
1472 4783 1657 4839 continentiae
1669 4790 1765 4839 votum
1775 4785 1948 4857 conjugibus

250 4871 360 4939 laudat,
379 4872 428 4926 sed
448 4872 523 4942 quod
541 4888 559 4925 a
576 4887 606 4926 se
625 4870 743 4925 invicem
761 4872 873 4942 penitus
891 4872 1034 4929 discedere
1055 4879 1083 4928 et
1110 4869 1305 4942 improbamus,
1323 4867 1393 4924 haec
1412 4876 1468 4933 eet,
1487 4869 1561 4940 quod
1579 4876 1719 4941 exponent
1736 4886 1767 4925 se
1784 4873 1947 4927 tentationi·

250 4956 349 5012 officiis
365 4956 560 5028 conjugalibus
586 4973 646 5013 sese
670 4958 782 5028 penitus
804 4958 936 5013 abdicare
954 4958 1081 5027 debeant,
1109 4957 1162 5012 bus
1179 4955 1298 5011 Satanm
1309 4961 1338 5010 et
1350 4955 1474 5026 periculo
1491 4956 1706 5011 incontinentiae
1723 4972 1825 5027 parum
1842 4974 1948 5014 meme

250 5043 378 5114 nuspiam
392 5042 479 5111 addit,
498 5044 552 5098 imo
569 5044 599 5096 in
610 5043 689 5113 epist.
710 5050 766 5100 199.
782 5044 819 5098 sd
832 5043 957 5098 Ediciam
975 5044 1084 5100 scribit:
1109 5058 1152 5097 res
1178 5041 1252 5095 illius
1279 5041 1437 5112 apostolici:
1463 5042 1648 5097 Reuertiruiui
1672 5043 1703 5097 io
1727 5042 1886 5111 idipsum,
1914 5062 1949 5099 ae

251 5130 317 5185 Etsi
341 5130 455 5183 cameli
478 5131 618 5185 consortio
635 5131 701 5199 J'cm
725 5147 757 5185 ea
782 5147 916 5184 coeeeusu
933 5132 1011 5185 oobs's
1028 5150 1084 5186 sou
1109 5135 1191 5183 untes
1207 5145 1255 5181 uos
1275 5128 1408 5185 sarasar.

251 5215 455 5283 mucsbcmisi,
482 5217 512 5269 is
536 5216 636 5271 ceteris
658 5225 749 5271 tames
771 5217 852 5269 rebus
870 5218 1018 5285 conjugali
1035 5220 1080 5273 ob
1145 5221 1204 5271 lli.
1239 5214 1410 5287 Congressm
1443 5213 1576 5269 maritalis
1605 5230 1779 5285 consequens
1808 5220 1855 5271 est
1884 5230 2004 5273 eos-ess

132 5306 238 5350 svest-
252 5302 349 5373 requio
374 5301 435 5355 siro
463 5310 511 5357 tuo
544 5302 645 5357 mulier
671 5303 776 5357 seruire
804 5302 933 5357 dstuimi
982 5307 1007 5359 3.
1038 5302 1216 5373 Eureeptio,
1236 5318 1307 5372 quae
1325 5318 1390 5357 vere
1408 5307 1451 5355 est
1470 5307 1587 5355 natoue
1604 5300 1782 5369 miraculum,
1801 5317 1857 5358 nec
1873 5282 2003 5383 inis-¹:2¹.⁰

252 5387 341 5443 mdis
358 5388 500 5459 sumplis.
539 5388 761 5459 Respondemus:
783 5390 833 5445 illa
860 5393 926 5443 sunt
942 5388 1168 5467 dissimiliafirius
1187 5387 1324 5459 dignitate
1340 5384 1481 5457 opificium
1501 5385 1590 5456 prima
1606 5386 1686 5457 primi
1705 5386 1826 5443 bominis
1844 5386 1948 5445 torma·

252 5492 304 5531 nec
327 5473 501 5531 constituunt
531 5476 686 5548 generalem
718 5475 850 5548 regulam,
879 5490 962 5547 quem
979 5477 1087 5550 absque
1111 5473 1186 5530 tione
1203 5491 1237 5529 ex
1254 5474 1320 5529 limo
1338 5479 1427 5529 terrae
1454 5472 1538 5528 fecte
1578 5473 1728 5540 Genesi,
1755 5490 1781 5527 v.
1801 5480 1830 5531 1:
1848 5475 1950 5531 Adae

252 5561 397 5619 vocatione
415 5565 446 5617 et
468 5560 603 5632 peculiari
621 5560 675 5617 Dei
693 5561 786 5632 gratia
798 5560 928 5633 quilibet
945 5518 1101 5635 conjngeui
1112 5562 1240 5628 marcuit
1257 5576 1370 5615 worse:
1386 5578 1480 5629 suum,
1498 5578 1569 5633 qrses
1588 5561 1714 5631 eoscspit
1730 5569 1757 5615 ct
1771 5562 1902 5631 must,
1918 5564 1949 5621 in
