4020 6022
887 301 1158 363 nnuouruaro.
1805 312 1864 377 ιιι

176 462 279 517 ibidem
295 466 389 515 tamen
414 460 556 528 emesan,
575 476 661 529 posse
679 459 825 515 eealmiam
842 477 904 515 eum
921 458 1009 527 mopi-
1022 458 1026 543 ῐ
1037 458 1270 529 prohibitionibus
1289 461 1401 533 divinis,
1425 464 1472 520 ille
1498 465 1595 523 eodem
1619 466 1682 523 loeo
1698 465 1784 523 hahet
1802 483 1864 536 pro-

175 554 267 602 stratu
283 548 392 616 padus
410 546 518 617 atiquo:
537 547 703 601 oomtstuere
722 546 760 601 ii:
770 544 923 619 mammos,
941 563 1011 615 pisos
1023 554 1026 559 ’
1037 544 1184 603 bibitiones
1202 548 1363 605 Pontiheias
1381 556 1410 607 et
1427 551 1549 618 divinas,
1572 558 1607 609 ut
1623 554 1708 609 tacite
1725 554 1779 609 hoo
1801 552 1864 607 loeo

175 636 220 689 lea
243 634 342 689 diuina
365 633 554 688 comtitaerot.
597 634 637 688 A:
658 633 686 687 si
705 634 799 687 omnia
822 631 1164 703 matrimonia,teoncedit
1179 634 1371 693 Bellarminus.
1401 637 1529 694 Pontifex
1547 639 1690 711 dispensat
1702 640 1732 695 in
1745 638 1866 712 prohibi·

175 736 247 791 quae
275 738 329 775 nou
348 728 480 789 pennam
510 738 571 773 oum
598 719 697 774 dimna
716 720 922 790 prohibitione,
947 698 1158 775 mutitonibus
1172 720 1278 776 divinis.
1303 722 1377 793 Ergo
1390 724 1558 781 eodemlooo
1571 724 1656 781 habet
1666 725 1866 796 prohibitiones

176 826 196 861 a
211 807 276 861 Deo
300 814 327 861 et
349 806 450 861 dirimi
471 814 621 875 nequeam,
649 822 714 873 erpo
736 806 817 859 nulia
832 803 1196 873 nratrimoniajPontifiaias
1218 814 1246 863 et
1269 807 1385 863 divinas.
1429 810 1592 865 Assumtum
1620 810 1769 883 probatur,
1799 810 1867 883 quis

173 893 321 965 prohiberi
332 900 466 963 possunt,
492 908 563 961 puae
583 894 664 947 Deus
682 910 737 947 uon
751 890 904 961 prohibuit,
924 907 1011 959 nepae
1022 896 1026 949 i
1037 891 1181 961 dispensat
1199 894 1227 948 in
1246 894 1380 966 gradibus
1395 895 1542 966 prohibitis
1558 897 1621 969 iege
1639 897 1733 954 dimna
1744 898 1811 956 Lar.
1826 902 1866 954 lt.

176 978 513 1049 nliiprodneeoustitni,
533 980 767 1048 qnosDeusnon
785 953 1069 1065 transsambrini
1087 978 1181 1033 multis
1206 981 1338 1052 exemplis
1361 982 1515 1037 confirmari
1537 988 1638 1055 potest.
1680 983 1866 1039 Bellarminus

172 1067 324 1138 prohibere
350 1066 467 1121 uelimus
491 1083 527 1119 ao
555 1066 690 1119 dirimere
717 1064 911 1134 matrimonia,
939 1080 1010 1133 puae
1023 1064 1146 1135 :regerit
1164 1082 1213 1119 eas
1229 1069 1310 1139 apud
1328 1066 1503 1123 Christianos
1520 1088 1575 1124 nou
1594 1086 1652 1124 esse
1671 1071 1796 1137 dinnao,
1815 1070 1865 1125 sed

177 1156 259 1209 Deus
295 1153 449 1223 ooujuuoit.
511 1151 734 1223 Respondemus:
772 1150 1009 1223 Distinguendum
1036 1150 1204 1205 conandum
1222 1153 1382 1224 paulopost
1400 1154 1657 1214 demonstrabimus.

178 1240 249 1295 inter
265 1239 479 1310 prohibitionem
498 1239 664 1293 matrimonii
684 1237 863 1293 contrahendi
879 1242 908 1292 et
925 1236 1025 1307 diseo·¹
1072 1241 1130 1292 293.
1167 1238 1300 1302 Quartam
1321 1242 1486 1296 sententiam
1505 1242 1604 1297 tribuit
1621 1242 1752 1307 Breutio,
1775 1242 1824 1315 qni
1837 1240 1866 1297 in

178 1324 311 1382 lationem
345 1324 510 1380 matrimonii
543 1325 685 1381 eontraeti.
740 1324 920 1396 Magistratus
955 1338 1134 1383 nonieomm.
1148 1340 1173 1379 e,
1191 1330 1230 1382 18.
1241 1325 1308 1381 Les.
1324 1344 1381 1380 nou
1397 1336 1505 1382 tautum
1517 1330 1614 1393 falsas
1624 1330 1693 1383 dio:
1704 1329 1867 1399 hypotheses

179 1420 295 1484 possunt
326 1411 399 1468 ferre
430 1411 565 1483 ejusmodi
591 1411 681 1481 leges,
708 1426 780 1482 quae
804 1409 965 1479 conjugium
982 1408 1011 1461 in
1022 1392 1025 1479 i
1037 1412 1176 1475 adstruat,
1193 1415 1270 1481 quod
1287 1416 1432 1468 Romanus
1439 1416 1571 1486 pontifex
1584 1434 1640 1470 uon
1655 1417 1756 1471 hebeat
1771 1422 1867 1471 auoto-

180 1498 313 1571 gradihns
330 1499 424 1554 divino
440 1500 504 1569 jure
519 1514 575 1553 non
590 1495 736 1568 prohibitis
748 1503 919 1551 contractum
934 1495 1011 1565 peni·
1022 1490 1148 1591 iritotem
1165 1498 1240 1568 lepes
1259 1501 1394 1571 serendi,
1418 1504 1546 1573 predone
1563 1506 1672 1573 pradm
1680 1544 1688 1571 ,
1707 1503 1758 1573 pai
1768 1502 1867 1574 prohi-

180 1592 225 1642 tus
242 1585 408 1655 dissolvant,
434 1584 464 1639 id
482 1584 555 1640 enim
573 1588 711 1655 pugnaret
727 1600 790 1638 eum
808 1583 881 1637 dieto
899 1581 1011 1647 Christi,
1038 1583 1134 1637 beuter
1151 1584 1235 1637 simui
1249 1604 1267 1639 a
1287 1588 1398 1657 Moysis
1414 1596 1440 1643 et
1453 1590 1633 1659 imperatoris
1648 1590 1718 1660 iepe,
1730 1590 1787 1644 sint
1798 1590 1866 1661 jure

181 1675 257 1743 quod
272 1674 352 1727 Deua
371 1672 514 1742 conjurat:
531 1676 582 1727 ete.
600 1676 716 1741 possunt
737 1675 831 1726 nmen
848 1669 920 1725 ferre
938 1668 1011 1738 ejus·
1037 1677 1157 1724 naturae
1170 1672 1386 1741 prohibitioni
1404 1676 1487 1729 etiam
1505 1678 1562 1730 duo
1572 1678 1734 1747 paphnutio
1751 1684 1866 1747 statam,

179 1758 255 1816 modi
272 1758 356 1829 leges,
373 1773 446 1829 quae
467 1756 671 1813 matrimonium
690 1755 906 1813 contrahendum
924 1754 1009 1825 impe·
1037 1756 1114 1826 ispe:
1139 1757 1247 1811 scilieet
1269 1760 1414 1814 Romanas
1433 1760 1597 1831 perdidisse
1623 1762 1817 1817 onomrhatem
1841 1769 1868 1816 et

180 1844 266 1913 diunt,
282 1844 356 1916 quod
373 1861 428 1900 non
445 1843 656 1899 existimandum
676 1849 718 1898 est
739 1858 864 1915 pugnare
880 1859 943 1897 eum
962 1840 1009 1895 de·
1036 1850 1129 1897 mmeu
1156 1844 1293 1911 oblipare.
1338 1846 1373 1901 sa·
1400 1848 1473 1901 euim
1494 1848 1571 1918 lepre
1595 1850 1691 1903 sinite:
1721 1850 1868 1904 Romanae

183 1932 330 1989 terminata
350 1930 535 2002 prohibitione
560 1930 589 1984 in
607 1930 675 1985 Ises.
701 1930 767 1999 quia
785 1927 1010 2000 distinguendum
1037 1929 1233 1983 anctoritatem
1262 1932 1465 2003 perdiderunt,
1498 1934 1607 1987 natium
1637 1936 1703 2005 jam
1740 1935 1866 2007 ebiiparo

181 2025 224 2075 snt
243 2018 315 2073 inter
331 2017 535 2073 eonoessionem
544 2016 628 2088 plane
641 2016 796 2071 ahsolutum
811 2031 844 2069 ae
856 2014 1010 2069 limitatam.
1035 2022 1161 2084 possunt,
1178 2034 1213 2070 oe
1219 2019 1345 2085 proinde
1357 2036 1412 2074 non
1424 2028 1504 2073 erum
1516 2020 1667 2088 illepitima
1679 2022 1867 2087 matrimonia,

181 2104 256 2161 Deus
282 2110 360 2159 extra
387 2102 491 2173 paam
517 2102 547 2157 in
576 2104 638 2175 lege
668 2101 821 2172 prohibitos
846 2100 1095 2169 matrimoniirnisi
1111 2120 1182 2171 qnae
1196 2103 1383 2173 prohibentur
1401 2105 1460 2173 laps
1477 2108 1613 2163 naturali.
1644 2106 1868 2179 Respondemus:

182 2190 338 2247 libertatem
352 2189 437 2258 dedit,
454 2189 503 2245 sed
522 2206 555 2245 ea
572 2188 685 2245 libertas
702 2205 758 2243 non
775 2194 817 2243 est
834 2186 961 2243 absoluta
978 2202 1012 2241 ae
1023 2178 1026 2237 i
1037 2187 1167 2243 Brentius
1185 2207 1242 2244 non
1259 2191 1385 2244 absolute
1403 2199 1430 2246 st
1445 2192 1612 2261 simpliciter
1629 2192 1706 2265 leges
1725 2194 1866 2250 Romanas

181 2277 263 2350 plane
291 2277 443 2346 illimitata,
472 2276 537 2349 quia
562 2274 737 2347 magistratui
762 2274 878 2329 honesta
907 2240 1229 2343 praeci-inuetoritatem
1246 2276 1371 2332 amisisse
1388 2278 1498 2346 statuit,
1518 2282 1571 2333 sed
1587 2282 1738 2334 amandum
1754 2280 1825 2350 :prid
1841 2288 1868 2335 et

181 2364 268 2436 pienti
294 2362 407 2419 obedire
433 2362 529 2434 jussit,
555 2361 671 2433 proinde
695 2377 759 2416 aum
785 2359 965 2431 magistratus
982 2358 1113 2417 inieerto
1139 2370 1279 2431 respectu,
1304 2369 1441 2434 quatenus
1468 2364 1576 2420 seilicet
1604 2382 1665 2422 sese
1691 2366 1869 2437 subjecerunt

182 2450 348 2522 quibusdam
373 2448 521 2521 gradihus,
544 2448 592 2519 qui
616 2464 746 2518 expressa
767 2445 821 2500 Dei
841 2447 903 2517 lege
922 2420 1189 2529 probi-ieanonibus
1203 2447 1360 2512 Pontificiis‚
1381 2457 1498 2517 mutum,
1515 2450 1613 2522 inquit,
1632 2453 1707 2521 tepea
1722 2454 1869 2509 Rornanae

182 2537 254 2593 bitus
272 2536 394 2607 proxime
413 2534 591 2607 contingunt,
610 2533 746 2605 enuptiis
764 2531 903 2587 abstinere
917 2531 1010 2601 jusse—
1036 2533 1130 2586 volem
1158 2534 1303 2603 sidentur,
1332 2543 1468 2604 quantum
1492 2537 1587 2591 uatem
1610 2554 1731 2593 conones
1747 2540 1871 2595 Bouiani

182 2624 235 2690 rit,
258 2622 323 2678 huio
342 2621 521 2693 magistratus
543 2620 707 2676 ordinationi
727 2618 914 2675 obedientiam
932 2632 1011 2690 prae·
1033 2620 1191 2689 pontificis,
1218 2621 1316 2689 quibus
1342 2639 1371 2675 se
1395 2622 1586 2692 mbieesrunt,
1612 2624 1662 2679 sed
1693 2626 1869 2696 postmodum

183 2716 256 2766 stare
272 2710 349 2765 Deus
367 2710 428 2781 ipse
442 2708 535 2780 jussit.
566 2710 663 2763 &Per
681 2708 905 2775 lepeshnmunas
922 2713 1013 2760 :enos
1038 2704 1141 2761 diserte
1167 2705 1260 2772 addit,
1285 2708 1488 2777 appellandum
1513 2726 1572 2765 esee
1596 2712 1631 2765 ab
1654 2712 1869 2782 imperatoribus

184 2796 316 2850 eoustdni
334 2812 416 2865 posse
439 2798 549 2864 prodas
566 2794 683 2864 mserit,
706 2795 783 2848 iutra
800 2810 869 2865 pnes
885 2810 942 2848 uon
957 2793 1014 2846 siut
1036 2795 1145 2859 fraude
1158 2793 1323 2863 pontificum
1341 2795 1465 2865 deceptis
1481 2798 1523 2850 ad
1539 2799 1650 2851 eosdem
1666 2806 1740 2853 reete
1757 2802 1870 2855 edomas

184 2882 309 2951 lepitima
327 2882 516 2952 matrimonia,
533 2884 585 2936 sed
597 2889 689 2936 tamm
706 2881 789 2934 solea
805 2880 933 2935 libertate
950 2896 1013 2934 eou-
1039 2889 1090 2934 out
1118 2899 1138 2935 a
1166 2881 1259 2949 lepnm
1295 2882 1571 2939 administratoribus
1608 2888 1650 2939 od
1678 2886 1757 2956 ipsas
1786 2887 1869 2959 lepos.

183 2969 327 3037 scientiae,
357 2976 388 3022 ot
413 2969 469 3023 ista
499 2968 650 3037 manifeste
677 2974 815 3038 pupuaut.
864 2968 939 3020 Nam
970 2965 1014 3019 nel
1040 2965 1227 3021 Bellarminus
1266 2966 1414 3033 exclamat,
1449 2969 1515 3021 haia
1553 2971 1743 3041 appellationi
1779 2973 1870 3029 ῑοιιιιιι

184 3056 364 3110 matrimonia
381 3057 459 3109 iutra
479 3058 590 3126 pradsn
608 3056 667 3124 ispe
683 3055 807 3109 hnmana
820 3052 1169 3138 praesmiptoslrsiictnm
1188 3068 1246 3111 esse
1263 3052 1381 3120 nulium,
1400 3071 1463 3106 eum
1480 3055 1573 3109 adhue
1591 3056 1675 3111 hodie
1687 3058 1870 3128 imperatores

183 3150 326 3199 maneta
355 3149 434 3195 munt
457 3141 583 3210 iepitimo
604 3142 648 3195 osi
675 3142 833 3210 illepitima.
873 3139 1114 3218 Lepitimoflepes
1134 3157 1203 3193 assas
1220 3140 1371 3193 canonibus
1393 3141 1551 3211 Pontifieiis
1574 3143 1738 3210 subjiciant,
1756 3162 1869 3217 eumque

183 3247 242 3285 esse
258 3246 314 3284 nou
328 3236 457 3301 possunt,
474 3246 537 3283 enm
553 3228 611 3283 siut
624 3236 723 3283 contro
740 3228 836 3297 iepem,
855 3242 921 3295 erpo
934 3233 1014 3279 emerit
1039 3243 1059 3279 a
1074 3225 1211 3295 principe,
1230 3226 1281 3296 pisi
1291 3226 1378 3293 lepem
1395 3228 1531 3297 emtdidit,
1551 3230 1593 3281 od
1608 3229 1697 3298 lepem
1712 3248 1769 3284 non
1786 3232 1870 3287 uera

183 3318 338 3387 illepitima,
357 3333 423 3386 erpo
442 3316 473 3370 ia
492 3315 663 3370 consomntia
687 3315 791 3368 malam
808 3314 861 3367 erit
878 3314 933 3367 illa
951 3330 1014 3366 oon·
1039 3312 1202 3383 opipeliare,
1234 3313 1372 3383 siquidem
1405 3315 1450 3368 lea
1475 3333 1495 3369 a
1515 3316 1662 3386 principe,
1694 3334 1751 3371 uon
1777 3324 1871 3373 antem

183 3403 309 3471 trahere,
327 3404 385 3456 nisi
410 3403 486 3466 forte
512 3420 568 3456 uon
592 3401 628 3455 sit
646 3402 764 3469 mtrem,
790 3401 820 3453 iu
846 3396 1172 3468 eomeientioipriuoeps
1188 3417 1208 3452 a
1228 3399 1289 3467 lepe
1308 3400 1503 3455 aucteritatem
1521 3401 1612 3458 habet.
1647 3402 1870 3474 Respondemus:

184 3491 294 3545 nomine
311 3490 438 3559 eortiupii
449 3488 665 3551 fornicationem
682 3488 866 3556 consmittere,
884 3504 951 3555 erpo
967 3486 1013 3539 tea
1025 3502 1029 3551 ι
1041 3484 1263 3556 Appellationem
1280 3485 1413 3558 intelligit
1429 3504 1485 3542 non
1500 3489 1620 3558 propris
1638 3495 1668 3544 et
1682 3490 1870 3563 iudicialiter,

183 3577 252 3641 ilio,
276 3576 402 3645 promsi:
426 3576 549 3630 humana
576 3574 607 3628 in
627 3574 798 3629 oonsoientia
812 3574 927 3642 oblipat.
961 3568 1090 3667 Reised
1102 3572 1226 3641 fipnrate
1251 3579 1278 3625 et
1300 3578 1379 3626 entra
1398 3573 1556 3641 judiciam,
1582 3581 1614 3629 ut
1639 3580 1714 3631 totus
1739 3576 1871 3633 orationis

185 3662 365 3733 spondemus:
397 3678 433 3717 an
470 3667 499 3718 et
534 3666 671 3733 quatenus
707 3660 888 3732 transgressio
920 3660 1185 3731 legnmrnontextus
1198 3657 1328 3727 ostendit,
1346 3655 1399 3711 hoe
1412 3658 1484 3711 enim
1499 3658 1633 3715 duntaxat
1645 3660 1744 3717 donem
1758 3664 1871 3733 expetit,

185 3748 364 3820 positirarum
394 3748 423 3804 in
451 3748 619 3803 eonseientia
651 3746 772 3819 obliget,
801 3746 829 3799 in
862 3752 940 3803 tract.
980 3744 1014 3799 de
1040 3746 1115 3817 leges
1142 3744 1282 3799 muana:
1311 3743 1490 3801 eonferendas
1515 3761 1575 3803 esse
1596 3762 1659 3800 eum
1683 3747 1812 3803 Mosaiais
1842 3754 1871 3805 et

55 3840 109 3885 xv.
125 3836 173 3881 m·
185 3834 309 3906 magistr.
333 3831 360 3909 ἕ
380 3840 438 3891 tbi.
463 3835 543 3905 plene
568 3834 758 3905 exposuimus,
782 3849 854 3905 quae
878 3839 943 3888 sunt
961 3832 1014 3886 hoe
1040 3849 1103 3886 aum
1120 3832 1185 3902 jure
1207 3836 1336 3894 naturae,
1369 3848 1401 3885 ex
1430 3829 1532 3901 quihus
1559 3831 1636 3887 velut
1663 3832 1787 3889 fontibus
1806 3852 1869 3907 pro·

185 3920 245 3976 loeo
274 3920 433 3991 repetenda.
487 3920 608 3976 Violatio
642 3919 736 3993 legum
773 3918 951 3990 positivorum
984 3918 1013 3972 in
1041 3919 1192 3986 fluxerunt,
1221 3934 1278 3973 non
1306 3922 1398 3972 autem
1422 3918 1574 3989 exigendas
1597 3934 1658 3975 esse
1682 3920 1718 3975 ad
1745 3938 1869 3979 normam

185 4006 360 4062 matrimonio
380 4006 409 4061 in
427 4006 573 4077 prohibitis
596 4004 729 4077 gradihus
747 4010 889 4061 conuecto
907 4005 1029 4077 obligat:
1059 4004 1253 4059 rohihitionum
1268 4003 1484 4074 Pontifieiarum,
1497 4004 1634 4075 quibusin
1646 4006 1870 4065 eoelesiemerito

184 4093 380 4149 ooneaientiam
396 4109 452 4148 non
471 4094 576 4146 directe
594 4099 621 4146 et
639 4092 811 4160 immediate,
831 4092 903 4145 sieut
920 4091 1013 4162 legum
1040 4091 1129 4146 omnis
1160 4090 1308 4146 auotoritas
1335 4090 1495 4161 abrogatur.
1544 4090 1674 4155 Quinam
1706 4096 1869 4149 sententiam

185 4186 213 4235 et
229 4179 445 4251 prohibitionum
464 4179 618 4234 divinarum
632 4178 753 4243 violatio,
772 4180 820 4235 sed
837 4178 974 4232 indirecte
988 4185 1014 4231 et
1039 4177 1137 4233 tribuit
1156 4180 1256 4246 Besae,
1276 4176 1323 4248 qui
1341 4176 1370 4231 in
1382 4176 1430 4231 lib.
1451 4178 1487 4232 de
1503 4177 1600 4248 repud.
1617 4194 1652 4233 ao
1669 4179 1768 4233 divort
1789 4188 1810 4236 i.
1827 4198 1869 4237 re·

184 4268 318 4335 mediate,
336 4284 388 4321 nee
414 4266 540 4321 absolute
566 4273 592 4321 et
617 4265 797 4334 simpliciter,
821 4265 893 4320 sient
921 4238 1186 4339 legumiprehendit
1233 4263 1460 4333 :imputationem
1503 4267 1643 4335 prodeam
1686 4266 1869 4337 eanonicam,¹

186 4352 341 4408 divinarum
361 4351 484 4421 violatio,
501 4354 555 4408 sed
573 4360 648 4407 serto
665 4360 798 4421 respecto,
817 4352 840 4406 si
858 4351 964 4407 scilieet
980 4368 1014 4407 ex
1041 4358 1065 4407 2.
1084 4350 1218 4419 eiiirmat,
1247 4352 1368 4419 prodor,
1400 4352 1450 4419 qui
1478 4351 1508 4405 in
1527 4352 1648 4405 Lmitieo
1678 4360 1868 4422 nummatior,

185 4448 262 4495 certa
279 4456 313 4495 eo
329 4440 413 4511 plena
436 4439 552 4496 scientia
569 4440 715 4512 procedet,
738 4456 790 4494 neo
815 4438 1015 4511 amagistratu
1034 4439 1103 4506 jure
1125 4438 1221 4492 diuino
1245 4438 1399 4490 :emendos
1417 4452 1477 4491 esse
1507 4443 1534 4490 et
1563 4436 1744 4491 nmtrimouia
1761 4438 1791 4491 iu
1809 4438 1870 4493 :iiis

184 4526 343 4581 obtineatur
360 4526 543 4597 dispensatio,
563 4526 682 4597 deniqne
700 4525 813 4580 violatio
831 4525 924 4597 legum
941 4524 1013 4595 posi·
1026 4520 1176 4593 fpradibue
1194 4531 1341 4577 eontracta
1359 4523 1526 4592 maenidia,
1545 4526 1573 4579 3.
1585 4540 1642 4577 uon
1658 4523 1748 4577 solnm
1761 4526 1871 4595 prada:

184 4614 303 4668 tivarum
324 4612 354 4667 in
376 4611 523 4683 prohibitis
549 4612 684 4683 gradihus
709 4628 765 4667 uon
792 4609 877 4666 efficit
903 4570 1115 4684 nuptiasiillea
1135 4611 1185 4680 pai
1202 4626 1330 4681 expresse
1348 4611 1483 4663 habentur
1500 4611 1530 4663 in
1544 4610 1672 4677 Leuitico,
1685 4609 1756 4677 jure
1774 4612 1870 4669 diuino

183 4700 315 4764 nefarias
332 4706 359 4755 et
377 4700 506 4763 incestas,
525 4698 597 4753 sieut
613 4699 707 4771 legum
728 4698 882 4753 divinarum
893 4696 1013 4761 violatio,
1026 4688 1193 4767 {remandas
1211 4712 1283 4765 esse,
1306 4699 1360 4751 sed
1382 4698 1465 4751 etiam
1490 4713 1549 4761 eos,
1574 4696 1625 4765 qus·
1650 4713 1668 4749 a
1685 4696 1774 4752 simii
1791 4698 1870 4754 ealh-

184 4786 233 4842 sed
251 4788 365 4841 inutiles
383 4794 409 4841 et
426 4786 553 4852 illicitos,
572 4801 643 4857 quae
663 4785 755 4841 omnia
772 4786 797 4839 si
815 4784 902 4855 probe
920 4783 1012 4837 obser·
1026 4772 1160 4867 ippotae,-
1177 4786 1202 4835 t.
1220 4782 1295 4852 lepos
1306 4784 1391 4837 etitem
1407 4783 1504 4837 merie:
1521 4784 1556 4835 de
1572 4782 1711 4850 praelibas
1729 4786 1871 4855 coppado-

184 4873 329 4941 :antonin
342 4873 448 4928 inmum
466 4872 525 4928 abit
535 4870 761 4927 eonuadietionis
775 4869 927 4926 Jesuitieae
944 4874 1014 4922 stru·
1026 4886 1029 4957 1
1041 4870 1085 4923 nis
1097 4870 1255 4923 seruandus
1272 4884 1340 4937 esse,
1357 4869 1397 4921 sio
1414 4875 1514 4937 tamen,
1532 4876 1563 4921 nt
1579 4867 1760 4923 matrimonia
1777 4870 1808 4925 in
1826 4873 1871 4927 his

183 4964 271 5017 etun.
314 4960 503 5030 Mendacium,
541 4958 615 5030 quod
647 4956 806 5013 Chemnioio
834 4955 945 5023 tribuit,
975 4954 1029 5037 sie,
1040 4956 1177 5025 praelibas
1191 4972 1246 5007 uon
1263 4956 1472 5018 contrahantur,
1489 4956 1541 5007 aad
1554 4954 1582 5007 si
1599 4962 1744 5009 eonmaota
1752 4958 1871 5024 sanim,

182 5046 282 5103 hahet:
318 5046 493 5101 Chemuicius
523 5046 640 5113 asserit,
672 5046 829 5099 Rauranum
854 5044 1095 5121 pontificemtuon
1114 5042 1293 5098 dirimantur.
1312 5040 1534 5111 Respondemus:
1553 5040 1582 5095 si
1602 5042 1720 5112 primum
1740 5042 1870 5115 excipias,

182 5134 270 5198 uelle,
299 5134 483 5189 eamoientias
510 5131 670 5195 Pontiheiis
698 5130 935 5200 prohibitionibus
959 5127 1116 5201 non.qnod
1129 5127 1165 5183 ad
1182 5128 1253 5182 hane
1270 5126 1457 5199 quaestionem
1470 5126 1581 5197 proprie
1599 5142 1656 5181 non
1672 5133 1789 5199 spectat,
1806 5146 1869 5185 enm

182 5223 274 5276 mium
298 5221 398 5289 teneri,
425 5236 509 5290 pisam
531 5218 644 5273 diuinis.
690 5218 730 5269 A:
757 5219 809 5271 hoo
837 5190 1118 5271 mmdaetumiaiind
1136 5213 1173 5268 sit
1190 5212 1449 5283 de'aomputatione,
1467 5210 1621 5268 aliudvero
1638 5212 1674 5268 de
1687 5214 1872 5285 prohibitione

182 5324 240 5363 esse
267 5308 450 5379 perspicuum
480 5313 536 5375 est,
566 5322 627 5359 enm
659 5320 782 5358 summus
814 5304 949 5373 pontifea
983 5304 1014 5357 in
1040 5302 1179 5375 graduum
1202 5316 1348 5371 quaerere,
1374 5298 1404 5353 in
1428 5296 1541 5371 reliquis
1570 5300 1646 5357 Besa
1673 5318 1691 5355 a
1714 5308 1870 5359 normarum
1884 5308 1986 5353 mm

182 5394 340 5455 Porstifioiis
354 5392 592 5463 prohibitionibus
617 5406 700 5460 saepe
719 5389 875 5460 dispenset,
894 5389 925 5442 iu
944 5388 1216 5458 otro-,melosianm
1262 5386 1291 5439 in
1335 5385 1388 5439 hae
1432 5384 1592 5456 quaestione
1635 5388 1772 5443 sententia
1813 5404 1870 5445 uon

182 5482 227 5535 uis
262 5498 411 5551 neumam.
467 5480 691 5552 Respondemus:
730 5476 778 5548 qui
812 5476 955 5548 dhpenset
985 5472 1176 5547 infidissentit,
1195 5472 1243 5529 sed
1262 5472 1337 5529 idem
1355 5469 1498 5529 nobiseum
1516 5478 1613 5529 oonha
1630 5472 1788 5531 Pontiiiaios
1806 5490 1870 5547 pro-
