4020 6022
203 282 264 354 bot
780 288 902 347 Locus
918 284 1124 347 VIOESIMUS
1140 286 1310 355 QUINTUS

200 445 405 516 perseverandi
421 444 534 501 verbum
552 443 728 499 menifestum
747 444 829 510 feeit,
847 444 921 515 quod
938 444 1033 515 loque-
1062 440 1092 493 in
1108 443 1207 495 eadem
1223 442 1344 511 epistola
1362 441 1456 511 jubet,
1479 448 1510 494 ut
1527 446 1708 509 separentur,
1731 454 1784 492 nee
1797 439 1894 492 mmo-

199 536 251 584 tur
270 531 306 586 de
323 530 372 595 iis,
395 546 466 602 quse
481 532 608 602 Jemdum
627 547 657 585 se
676 530 786 587 Christo
803 536 1035 597 eonsecrsversnt,
1060 535 1115 595 net,
1133 543 1215 596 posse
1234 544 1283 582 eas
1300 545 1362 582 cum
1373 527 1580 597 stupratoribus
1591 526 1651 580 suis
1667 533 1718 579 out
1734 525 1806 579 aliis
1821 525 1894 578 inire

204 634 261 672 non
279 622 372 672 eutem
391 635 461 688 puae
478 620 514 672 de
531 619 577 671 sui
593 618 800 672 consecratione
822 618 916 671 adbuc
934 617 1035 671 delebe-
1062 612 1277 673 matrimonium.
1302 613 1524 685 Respondemus:
1542 612 1628 669 verbs
1639 609 1793 667 clarissime
1806 614 1894 665 osten·

205 703 316 767 rabant,
335 710 367 758 ut
384 703 570 758 Bellarminus
589 703 708 774 exponit.
744 705 872 773 Mapna,
889 702 980 775 inquit
997 701 1034 755 M.
1062 699 1147 763 dunt,
1171 716 1233 754 eum
1253 700 1328 772 loqui
1347 700 1383 754 de
1399 698 1568 771 virginibus,
1594 714 1666 771 quus
1683 694 1895 768 profitebuntur,

205 788 308 843 Antan.
327 789 362 844 de
374 789 501 844 Dominis
514 790 542 847 d.
555 789 574 843 l.
591 807 665 843 num.
686 794 726 845 13.
744 790 775 853 te
791 789 883 843 uerbis
901 788 1038 861 Cppriani
1062 802 1091 841 se
1123 785 1277 841 castitatem
1305 786 1457 853 custodire,
1486 784 1611 856 quamvis
1636 787 1666 839 iu
1697 783 1796 839 eodem
1824 782 1896 837 lecto

205 874 355 944 orbionem,
375 892 446 944 puae
465 876 613 939 manifeste
633 882 809 945 supponunt,
830 874 953 942 sirpines
968 874 1036 927 ilios
1062 888 1126 927 eum
1146 873 1449 941 muselenensium,
1477 888 1511 928 no
1532 871 1637 943 nuptiis
1658 868 1784 941 oopulsn'
1803 868 1895 923 nolue-

199 962 266 1029 jam
285 976 344 1013 esee
361 961 391 1013 in
404 970 468 1014 actu
483 978 552 1015 suae
560 961 788 1031 professioniset
805 960 912 1029 inipso
929 960 1039 1013 actuali
1062 962 1139 1022 runt,
1168 975 1236 1031 quus
1253 959 1324 1028 illis,
1354 975 1425 1030 quse
1451 973 1626 1029 perseverare
1648 956 1750 1011 nolunt
1773 961 1895 1010 autnon

205 1046 263 1099 uita
281 1047 436 1099 monastiea
454 1064 503 1101 eas
521 1048 566 1100 vel
583 1055 693 1100 muctare
712 1046 905 1117 propositum,
931 1046 974 1099 uel
992 1062 1036 1098 es·
1062 1052 1188 1117 possunt,
1206 1045 1377 1117 praeseribit
1414 1046 1491 1099 litae
1510 1044 1671 1114 impudicae
1687 1042 1813 1109 oirpines
1828 1057 1895 1110 pra

202 1131 298 1203 periri
325 1133 573 1200 impossibilitatem
603 1133 795 1187 continentiae.
836 1131 984 1186 Praeterea
1012 1130 1037 1185 si
1060 1133 1157 1197 fessae
1173 1130 1272 1203 (inquit
1290 1131 1461 1202 Spelatensis
1482 1130 1509 1187 d.
1522 1129 1540 1184 l.
1556 1147 1583 1184 ιι.
1599 1129 1659 1195 ln),
1678 1128 1781 1197 quibus
1797 1127 1896 1180 melius

205 1218 351 1271 occasione
367 1222 475 1272 tentum
493 1218 554 1273 Deo
582 1217 735 1273 dicitas-um
760 1217 898 1289 virginum
916 1217 1036 1287 reliquas
1062 1219 1193 1281 fututum
1205 1217 1322 1281 dixerat,
1340 1219 1518 1286 sinuberent,
1535 1216 1638 1269 nubere
1650 1220 1743 1268 tamen
1757 1213 1895 1281 noiebmst,

205 1320 318 1358 monere
336 1304 482 1373 voluisset,
507 1312 539 1360 ut
557 1306 580 1358 si
600 1320 656 1359 non
673 1305 793 1360 hubesnt
810 1304 918 1358 firmum
936 1321 1035 1375 propo
1061 1306 1114 1358 sed
1130 1305 1160 1358 in
1176 1311 1251 1358 datis
1267 1304 1403 1373 relipioso
1421 1304 1549 1358 sotebant
1564 1316 1767 1373 perseuerare,
1785 1316 1894 1353 secem·

204 1389 289 1443 situm
313 1391 519 1460 perseverandi,
547 1408 601 1445 non
629 1398 761 1457 voveant,
787 1390 835 1446 sed
860 1389 980 1457 nubent,
1007 1389 1036 1443 in
1062 1392 1127 1443 bant
1145 1392 1230 1457 enim,
1253 1406 1282 1443 se
1306 1407 1362 1444 non
1380 1406 1438 1443 esse
1463 1389 1577 1443 vitiatas
1595 1395 1621 1442 et
1639 1389 1680 1441 ad
1696 1386 1895 1455 inspectionem

207 1475 333 1543 subjecta
347 1476 453 1531 ratione
465 1476 613 1531 dicendum
631 1476 685 1547 ipsi
696 1476 801 1544 fuisset,
820 1475 918 1532 melius
937 1481 986 1538 est,
1005 1481 1037 1529 ut
1061 1495 1091 1532 se
1111 1477 1261 1547 offerebant
1276 1484 1303 1530 et
1321 1475 1503 1530 nibilominus
1522 1475 1552 1527 in
1569 1474 1628 1527 suis
1645 1472 1835 1543 impudicitiis
1851 1472 1894 1525 ob

206 1558 315 1614 nubent
330 1578 414 1632 quem
433 1568 558 1631 voveant,
576 1562 607 1616 id
624 1579 689 1618 vero
705 1580 760 1617 non
779 1562 855 1629 dieit,
874 1560 924 1617 sed
937 1562 1036 1615 meiius
1062 1564 1221 1632 scoenisque
1256 1560 1510 1615 conversationibus
1542 1575 1731 1629 perseuerare
1760 1558 1894 1613 solebant.

206 1654 246 1701 eet
263 1655 294 1699 ut
313 1649 430 1715 nubant,
464 1666 548 1717 pesam
564 1656 596 1702 ut
615 1649 645 1700 in
664 1650 756 1718 ipnem
773 1649 833 1702 suis
851 1648 964 1702 deliciis
989 1664 1034 1700 ea·
1063 1648 1232 1703 Athanasius
1266 1646 1295 1701 in
1330 1646 1409 1717 epist.
1444 1645 1481 1700 ud
1517 1644 1699 1699 Dracontium
1731 1645 1808 1700 eires
1835 1642 1894 1698 fin:

207 1735 283 1787 dant.
324 1734 440 1806 Regerit
456 1733 656 1789 Bellerminus:
696 1738 719 1787 l.
745 1734 905 1803 Cyprianus
922 1734 1037 1801 oirpini·
1063 1737 1199 1791 Nouimus
1221 1733 1384 1797 monachos,
1413 1734 1463 1801 qui
1488 1738 1623 1802 parentes
1645 1730 1801 1786 liberorum
1821 1730 1896 1796 facti

208 1820 257 1873 bus
280 1819 340 1875 sitis
364 1820 415 1873 sub
439 1821 626 1889 disjunctione
648 1821 790 1884 coneedit,
816 1828 847 1873 ut
864 1821 982 1887 nubant,
1012 1819 1039 1872 si
1063 1828 1135 1875 sunt.
1176 1820 1291 1891 Regerit
1310 1817 1508 1882 bellarminus,
1537 1816 1724 1871 Athanasium
1747 1817 1894 1887 repreben-

203 1906 505 1975 perseserarenoiunt,
525 1913 575 1959 aut
591 1924 646 1960 non
659 1914 784 1977 possunt.
817 1908 856 1961 At
869 1913 1038 1976 postootnm
1064 1908 1132 1960 dere
1157 1906 1305 1961 monachos
1329 1904 1441 1974 perdite
1475 1903 1612 1971 uiuentes,
1641 1903 1720 1972 quod
1760 1904 1834 1957 enim
1863 1919 1894 1955 es

208 1992 312 2045 ῑίείειιηι
325 2006 383 2045 esse
400 1992 502 2045 nubere
514 1992 548 2057 ei,
566 2010 638 2062 quoe
651 2010 834 2061 perseuerare
844 2000 947 2063 potest,
958 2010 1038 2047 nemo
1063 1992 1201 2047 sententia
1214 1991 1367 2045 Athanasii
1378 1990 1412 2043 id
1427 1990 1558 2045 nenton
1574 1990 1619 2057 sit,
1632 1996 1735 2059 patere
1752 2004 1787 2042 es
1799 1989 1894 2043 cobor-

209 2077 318 2131 dicerit.
359 2076 584 2147 Respondemus:
613 2083 737 2149 tempore
759 2078 892 2149 Cypriani
916 2079 1037 2150 virgines
1063 2079 1169 2133 tatione
1197 2080 1238 2132 ad
1254 2078 1416 2145 monachos,
1440 2078 1489 2130 ubi
1511 2078 1585 2130 inter
1608 2076 1670 2131 alia
1695 2077 1895 2146 impedimenta

208 2163 329 2218 nondum
347 2162 402 2217 tale
419 2164 533 2218 solenne
551 2164 737 2220 continentiae
752 2171 847 2221 votum
866 2164 1037 2229 emittebant,
1063 2165 1234 2219 monasticae
1250 2164 1324 2218 uitae
1337 2162 1469 2233 ponitur,
1494 2163 1642 2231 altipatum
1667 2178 1727 2216 esse
1746 2163 1831 2215 sesam
1846 2170 1894 2215 out

208 2266 258 2320 per
275 2249 349 2319 quod
375 2264 394 2303 e
411 2249 516 2321 nuptiis
535 2250 662 2305 absolute
680 2257 709 2307 et
728 2250 888 2321 simpliciter
912 2251 1037 2306 exclude·
1057 2252 1132 2322 filiis
1155 2251 1387 2321 impedimentum.
1423 2249 1645 2320 Respondemus:
1662 2247 1835 2303 Athanasius
1852 2248 1890 2303 ibi

208 2342 311 2399 rentur,
331 2336 398 2408 quid
417 2352 483 2408 ergo
501 2336 609 2406 mirum,
626 2338 700 2410 quod
720 2338 802 2393 mum
822 2337 927 2393 nubere
943 2342 1038 2408 potue·
1063 2356 1118 2394 non
1127 2338 1214 2405 addit,
1224 2337 1297 2408 quod
1305 2335 1432 2391 monsehi
1440 2336 1481 2390 illi
1489 2336 1597 2407 perdite
1610 2335 1737 2403 vixerint,
1752 2334 1801 2390 sed
1815 2334 1890 2390 nude

208 2422 265 2476 rint
292 2428 398 2477 mntste
436 2425 610 2493 postmodum
643 2422 807 2480 voluntate?
860 2422 1039 2495 Dispensuvit
1064 2441 1098 2479 ec
1122 2423 1281 2495 simpliciter
1308 2429 1430 2491 ensrrst,
1461 2422 1528 2494 quid
1545 2422 1582 2477 sb
1599 2422 1655 2477 illis
1673 2420 1781 2475 insnum
1800 2420 1891 2487 fucrit,

206 2508 346 2579 pontifex,
373 2514 405 2563 ut
423 2514 535 2580 propter
555 2508 677 2565 ismiliee
700 2509 935 2566 conservationem
954 2509 1038 2564 etism
1064 2512 1119 2565 imo
1132 2510 1161 2564 id
1179 2509 1283 2565 licitum
1292 2508 1386 2576 inisse,
1400 2524 1456 2564 non
1467 2508 1585 2564 obscure
1600 2505 1747 2578 signifieat,
1766 2507 1807 2561 sie
1820 2506 1891 2561 enim

208 2594 273 2649 illes
299 2594 450 2664 nuberent,
482 2611 554 2666 quoe
583 2600 712 2666 poterunt
734 2595 886 2663 continere,
913 2596 1038 2667 quemvis
1063 2596 1167 2650 hebent
1184 2594 1286 2650 serbe:
1311 2595 1420 2649 Licebit
1449 2595 1501 2648 tibi
1525 2595 1556 2647 in
1583 2595 1747 2663 episcopatu
1778 2576 1894 2661 esuriri,

208 2680 320 2736 solenne
336 2687 431 2736 votum
451 2680 598 2752 iecissent,
627 2682 723 2753 quidni
742 2682 824 2737 etiem
843 2681 967 2737 licuisset
983 2680 1037 2734 illis
1062 2683 1150 2746 sitire,
1168 2683 1239 2735 siem
1251 2682 1355 2752 Paulo,
1373 2681 1466 2735 licebit
1479 2688 1505 2734 et
1519 2681 1612 2735 unum
1630 2696 1686 2733 non
1703 2679 1806 2743 bebere,
1825 2680 1894 2732 sicut

208 2768 279 2824 velle
292 2768 411 2834 nubere,
429 2784 501 2840 quse
519 2769 638 2841 simplici
657 2786 690 2824 so
708 2769 783 2824 nudo
800 2768 941 2840 proposito
960 2782 1036 2821 snam
1065 2768 1223 2823 Timotheus
1241 2768 1326 2836 fecit,
1353 2774 1379 2821 et
1391 2767 1528 2836 jejunare
1542 2767 1714 2836 frequenter.
1759 2765 1894 2819 Novimus

207 2854 393 2926 virginitatem
409 2853 470 2910 Deo
488 2860 734 2912 consecraverunt?
763 2858 831 2911 Duo
848 2855 949 2927 (inquit
967 2853 1036 2924 Sps·
1062 2862 1089 2909 et
1103 2854 1250 2924 episcopor
1279 2854 1437 2922 ieiunantes
1465 2860 1492 2907 et
1527 2854 1678 2907 monachos
1712 2853 1894 2919 comedentes,

205 2941 321 2997 intensis
339 2941 485 3012 episeopus
504 2941 531 2995 d.
557 2942 575 3001 l.
600 2960 627 2998 n.
651 2946 686 3011 t.)
705 2944 855 2997 ordinaria
873 2950 899 2995 et
915 2940 1037 2995 marimo
1062 2942 1186 2996 nouimus
1213 2948 1239 2995 et
1258 2941 1404 3011 episcopor
1423 2957 1480 2994 non
1497 2940 1618 2994 bibentes
1640 2939 1734 2992 uinum
1755 2945 1783 2991 et
1801 2954 1894 2992 mona

206 3028 355 3082 obstacula
388 3029 549 3097 Cyprianus
578 3030 813 3098 commemorauit,
845 3044 917 3097 quae
950 3027 1037 3082 solent
1062 3030 1126 3082 cbos
1164 3028 1297 3092 bibentes,
1334 3027 1461 3080 nouimus
1497 3042 1604 3097 quoque
1638 3025 1784 3096 episcopos
1812 3024 1895 3094 sipna

206 3115 330 3183 sirpines
354 3133 373 3168 o
392 3115 462 3169 bono
477 3116 625 3185 proposito
643 3116 798 3184 dimovere,
817 3116 937 3169 aiterum
953 3114 1037 3168 tiber·
1061 3115 1199 3179 facientes
1217 3121 1243 3168 et
1259 3114 1408 3168 monachos
1427 3130 1484 3167 non
1500 3114 1647 3177 facientes.
1677 3110 1770 3167 Multi
1787 3126 1895 3182 quoque

137 3212 139 3217 ’
206 3202 277 3253 tatis
294 3202 431 3271 propriae
450 3218 589 3271 amorem,
606 3202 725 3257 adesum
744 3201 883 3255 incentiva
900 3200 1037 3255 libidinis.
1064 3216 1097 3253 ec
1128 3200 1265 3270 episcopis
1294 3199 1475 3253 matrimonia
1507 3215 1564 3252 non
1600 3198 1735 3260 inierunt,
1767 3197 1896 3251 monaehi

212 3288 276 3341 Sine
295 3287 381 3355 ipitur
398 3304 431 3340 ea
449 3296 567 3357 utroque
589 3296 685 3342 nutent
703 3289 733 3342 in
750 3288 910 3357 proposito,
933 3287 990 3339 sive
1007 3302 1039 3340 en
1064 3293 1161 3341 contra
1171 3293 1308 3355 parentes
1319 3286 1470 3339 liberorum
1476 3284 1556 3351 facti
1567 3292 1639 3347 suns,
1659 3285 1894 3353 quemadmodum

210 3374 348 3427 attemtro
367 3374 481 3442 bos-mn,
499 3375 618 3444 nubant,
636 3374 743 3444 inquit,
759 3375 862 3444 potius,
879 3389 963 3441 quam
981 3371 1039 3424 sus's
1064 3373 1187 3426 oicimim
1218 3373 1363 3443 episcopos
1398 3373 1523 3437 filiorum
1551 3378 1652 3443 patres
1680 3377 1707 3424 a
1744 3370 1894 3425 monachos

209 3458 321 3512 delictis
348 3458 415 3512 inde
440 3460 666 3527 pervenientibus
693 3460 834 3514 scandata
868 3458 982 3524 fociant
1014 3464 1040 3510 et
1064 3458 1172 3528 pencris
1199 3466 1367 3531 potestatem
1392 3476 1448 3511 non
1476 3459 1644 3528 quaedause
1672 3456 1894 3513 animadvertas.

209 3545 286 3599 alias
303 3544 419 3613 turbent,
437 3562 510 3613 puae
532 3554 660 3600 neutnsm
679 3564 712 3600 en
726 3547 771 3599 bis
784 3545 941 3618 patiuntur.
971 3545 1040 3598 Post
1065 3546 1150 3608 ἔξεστι
1166 3542 1219 3616 γὰρ
1245 3548 1289 3597 eni
1311 3544 1395 3605 οῧιως
1416 3548 1462 3597 sat
1487 3544 1596 3604 ἐκείνως
1620 3540 1654 3599 oin
1680 3539 1831 3608 rotimus,
1854 3544 1895 3597 sie

209 3638 300 3687 sotum
323 3630 413 3700 ipitur
436 3631 520 3684 etiam
539 3630 625 3700 iiiuc,
655 3650 726 3702 pisae
747 3649 779 3687 ea
806 3638 891 3700 porte
912 3630 1039 3683 libidinis
1065 3631 1136 3684 enim
1154 3630 1219 3684 licet
1242 3638 1268 3684 et
1284 3633 1326 3683 ad
1346 3646 1409 3684 eum
1429 3632 1540 3685 modum
1563 3648 1619 3684 non
1633 3629 1817 3699 prohibetur,
1845 3630 1896 3682 sed

206 3716 304 3770 nullas
320 3717 490 3770 vehementer
513 3717 664 3785 patiuntur
691 3719 870 3782 tentationes,
891 3716 1040 3784 patiuntur
1065 3717 1179 3787 quisque
1196 3717 1245 3770 ubi
1260 3718 1346 3785 volet,
1375 3720 1509 3786 decertet,
1534 3734 1590 3770 non
1615 3718 1688 3770 enim
1711 3733 1818 3771 corona
1839 3732 1895 3785 pro

207 3810 300 3856 tamen
323 3802 574 3856 vehementissimas
600 3820 634 3857 en
652 3811 738 3874 parte
756 3803 907 3869 libertatis,
934 3808 964 3854 ut
984 3801 1040 3854 sint
1064 3804 1135 3860 locis
1152 3806 1203 3857 sed
1216 3820 1273 3874 pro
1291 3805 1379 3868 scietis
1394 3804 1534 3861 redditur.
1577 3803 1752 3872 (Exhortatio
1778 3803 1816 3858 sd
1841 3819 1895 3856 mo·

208 3888 239 3941 in
259 3888 352 3943 secun
372 3888 486 3955 biberas,
504 3890 602 3945 donws
617 3890 757 3960 proprias
776 3890 902 3956 babeant,
922 3895 1039 3941 ornatae
1064 3888 1166 3944 nsehos
1188 3896 1230 3944 est
1248 3887 1312 3943 fidei
1333 3887 1448 3957 dubiee,
1468 3906 1501 3943 oe
1521 3888 1588 3943 nihil
1604 3889 1682 3944 aliud
1702 3888 1785 3955 dicit,
1814 3904 1895 3960 quem

209 3975 357 4043 incedant,
376 3974 497 4035 famuls's
517 3983 542 4028 et
561 3975 677 4029 ancillis
699 3977 835 4045 stipentur
853 3981 879 4026 et
900 3974 1040 4028 similibus
1063 3975 1149 4030 unsri
1160 3975 1310 4043 aitipatum
1329 3991 1387 4028 esse
1399 3974 1569 4029 monasticae
1582 3975 1657 4029 ritae
1670 3975 1895 4044 impedimentum

206 4061 413 4131 perfruantur,
444 4068 549 4128 tamen,
579 4063 670 4131 inquit
688 4062 863 4127 Oppi-ianus,
891 4060 985 4114 adbuc
1015 4068 1040 4113 et
1066 4064 1184 4133 afferre,
1205 4077 1237 4115 ex
1255 4077 1287 4115 eo
1304 4077 1369 4116 vero
1388 4077 1443 4115 non
1464 4061 1602 4133 seqnitur,
1622 4061 1697 4133 quod
1715 4077 1773 4115 non
1790 4059 1896 4116 licnmit

207 4155 326 4218 propter
344 4146 412 4199 baec
433 4148 544 4200 nubant.
585 4148 681 4199 Solent
697 4145 771 4196 enim
788 4144 883 4198 adbuc
902 4145 1040 4199 uehemen-
1066 4146 1207 4204 moneebis
1225 4148 1333 4203 deserto
1345 4148 1393 4202 illo
1409 4148 1483 4203 vitoe
1499 4153 1573 4203 statu
1590 4148 1703 4220 nuptias
1714 4148 1895 4207 conuehere-i

211 4235 267 4287 tius
281 4234 338 4286 ista
354 4251 454 4301 urpere
468 4231 590 4299 oirpinss
603 4232 643 4281 ad
658 4231 841 4283 ‹teserendum
854 4232 1040 4301 propositum,
1065 4233 1239 4306 Epiphanius
1258 4233 1362 4291 haeres.
1376 4239 1417 4289 ol.
1431 4234 1507 4288 eires
1518 4233 1581 4288 fin:
1599 4235 1693 4289 Habet
1706 4242 1854 4304 peccatum
1872 4240 1897 4288 et

211 4336 284 4389 quas
314 4319 344 4373 in
372 4319 438 4369 sota
463 4314 614 4366 satientatis
639 4331 706 4368 suae
728 4314 856 4369 libertate
879 4318 1040 4384 consistunt,
1061 4320 1217 4390 judicium,
1241 4320 1291 4389 qui
1309 4320 1368 4373 Dei
1388 4319 1580 4387 sirpinitatem
1596 4321 1695 4389 rejecit
1713 4328 1739 4375 et
1759 4329 1898 4375 certamen

211 4423 294 4477 quam
324 4399 453 4453 libidinis
482 4398 629 4455 incentivo.
675 4402 776 4470 ltopsse
800 4402 864 4456 iicet
897 4419 930 4458 en
959 4413 1041 4473 parte
1068 4407 1212 4472 confudit,
1243 4407 1294 4459 sed
1320 4406 1420 4459 melicis
1444 4412 1484 4459 est
1501 4406 1645 4475 judicium
1663 4424 1748 4475 quam
1773 4410 1897 4463 condun-

210 4486 340 4541 iibidinis
359 4486 471 4555 possint
491 4500 688 4555 perseuerare,
715 4487 883 4556 quisenta
899 4492 947 4545 oin
965 4492 1042 4546 uliae
1067 4494 1160 4560 natio,
1186 4489 1309 4570 κρῖμαῆ
1334 4490 1494 4566 κατάκριμα.
1534 4491 1588 4555 Qui
1603 4493 1690 4559 euim,
1716 4501 1748 4547 ut
1765 4510 1800 4547 ne
1822 4494 1899 4564 apud

211 4589 309 4641 praees
328 4573 448 4626 sentiunt
468 4572 621 4641 molestias,
640 4574 732 4625 adbuc
750 4580 841 4628 tamen
861 4579 962 4632 unbem
976 4594 1042 4647 per-
1067 4579 1191 4633 homiues
1218 4579 1367 4643 infamiam
1390 4578 1523 4647 conflent,
1550 4578 1655 4633 acasite
1678 4587 1836 4634 scertamen
1858 4579 1900 4633 oei

85 4666 141 4707 iti·
156 4663 199 4707 uo
209 4659 357 4715 mittuntur
368 4675 403 4713 es
415 4658 483 4711 aliis
495 4658 716 4712 commemoratis
726 4660 827 4715 camis.
856 4666 882 4717 2.
895 4666 1042 4719 Desacrs’s
1068 4665 1246 4734 solitudinis,
1272 4666 1316 4720 oei
1344 4665 1531 4719 continentiae
1560 4672 1678 4735 pactum
1708 4666 1817 4733 ineunt,
1847 4682 1901 4719 non

214 4746 369 4815 oirpinibns
392 4746 422 4799 in
449 4746 545 4798 eadem
570 4743 690 4813 epistola
710 4746 866 4814 Cpprionus
889 4751 972 4817 duit,
995 4770 1042 4807 eas
1067 4752 1238 4822 bominibus,
1259 4756 1311 4807 sed
1336 4755 1399 4807 Deo
1418 4754 1604 4824 pollicentur,
1628 4754 1772 4824 quinovit
1791 4753 1901 4807 occuito

210 4832 375 4901 marusime
397 4848 531 4903 peccare,
560 4832 587 4883 si
615 4830 706 4883 alicui
733 4832 793 4884 siro
810 4832 989 4902 misceantur,
1016 4846 1042 4892 et
1068 4847 1095 4893 et
1112 4839 1261 4907 redarpuit
1279 4856 1386 4893 omnem
1399 4856 1513 4894 carnem
1530 4840 1762 4895 insuoadumtu
1795 4838 1902 4893 Melius

212 4916 320 4972 Christi
333 4918 481 4972 adsdteras
499 4932 565 4971 erse.
608 4916 828 4987 Respondemus:
845 4936 900 4973 non
920 4920 1042 4992 loquitur
1067 4933 1109 4979 est
1141 4928 1234 4995 itaque
1261 4942 1346 4979 smum
1370 4934 1518 4995 peccatum
1546 4927 1648 4981 babere
1676 4935 1702 4980 et
1724 4944 1781 4982 non
1804 4926 1900 4995 plura.

213 5004 248 5060 de
270 5003 400 5075 legitimis
427 5002 572 5059 connubiis
602 5010 665 5073 poti
695 5003 829 5057 decretum
853 5006 1174 5089 virginitatemlMsiius
1206 5021 1246 5066 est
1272 5013 1383 5081 tapsum
1409 5030 1428 5065 a
1457 5030 1541 5068 cursu
1571 5014 1670 5082 palam
1699 5012 1756 5065 sibi
1788 5027 1902 5066 sseorem

213 5088 373 5157 wssissssiiis
403 5090 453 5145 ⁸0¹¹
472 5090 508 5144 (Ῐθ
525 5088 680 5143 f⁰1¹¹50²fii⁸
699 5093 728 5142 0i
747 5083 894 5156 iiiiiiiimii
911 5096 1039 5150 wmmix-
1053 5115 1174 5154 sumere
1209 5101 1360 5153 secundum
1397 5099 1487 5167 lepem
1516 5107 1543 5154 et
1572 5119 1591 5153 a
1620 5098 1783 5167 supinitate
1815 5098 1902 5151 mutto

213 5175 350 5242 tionibus,
376 5174 574 5229 cohabitabunt
601 5174 673 5229 enim
698 5190 732 5228 sc
750 5174 779 5227 in
791 5187 847 5225 uno
864 5168 937 5224 lecto
954 5158 1190 5247 σιω-ΗΜΘΝ
1203 5186 1407 5255 Pom-„upum
1424 5201 1522 5254 aym,
1540 5193 1567 5239 α
1582 5186 1624 5238 ,50
1642 5202 1741 5238 mm,
1759 5185 1802 5237 aa
1818 5183 1902 5237 θροις.

213 5264 283 5318 bsnt
321 5277 383 5313 cum
428 5260 536 5315 clericis
574 5265 603 5316 et
638 5266 731 5314 temen
774 5272 820 5328 per
862 5250 1042 5308 obstetricum
1069 5248 1142 5302 dam
1168 5267 1278 5323 mut,
1305 5271 1380 5326 „dm
1404 5272 1454 5342 qm·
1476 5271 1555 5325 mata
1582 5278 1716 5341 operante
1747 5277 1803 5338 est,
1831 5269 1906 5324 cetat

214 5346 412 5419 inspectionem
431 5364 459 5403 se
474 5363 533 5402 esse
558 5346 680 5418 virgines
705 5346 820 5416 probare
845 5338 988 5405 volebant,
1011 5342 1045 5391 ut
1071 5337 1183 5405 tapsum
1200 5338 1228 5428 et
1244 5330 1371 5394 timim
1390 5365 1412 5423 ”.'
1437 5357 1509 5422 pp„
1526 5417 1528 5421 Ι
1546 5358 1552 5371 ·
1569 5374 1603 5410 Μ
1623 5375 1694 5428 ⁰th
1714 5357 1861 5411 ,mum
1879 5365 1906 5410 α

213 5434 285 5490 hene
305 5434 439 5487 incestsm
463 5433 683 5504 conjunctionem
706 5432 797 5497 tollet,
821 5423 996 5497 conjugalem
1016 5425 1046 5477 et
1072 5438 1129 5475 nou
1148 5416 1275 5488 meotidis
1292 5412 1416 5514 'ospitis
1432 5426 1460 5508 p·
1518 5426 1543 5462 ss
1563 5433 1645 5509 sp„
1671 5444 1692 5477 .,·
1717 5444 1754 5497 ab
1773 5443 1906 5514 woh...

215 5519 368 5592 legitimum
387 5516 531 5589 permittit.
572 5522 599 5573 3.
618 5520 664 5571 De
686 5515 840 5586 sirpinibus
860 5514 924 5566 Deo
943 5509 1142 5570 assumimus,
1178 5518 1251 5575 quoe
1286 5517 1342 5570 epse
1377 5516 1395 5550 a
1425 5495 1542 5549 dsabolo
1568 5498 1703 5561 msertssr,
1754 5502 1804 5551 fise
1871 5531 1908 5565 ..·,
