4020 6022
258 312 319 373 tte
530 326 543 345 ²
829 304 952 363 Locus
968 302 1173 363 vleasluus
1195 305 1366 372 QUINTUS

292 467 350 517 453.
385 460 463 515 Haec
482 460 558 514 dicta
577 461 633 515 sint
654 460 689 516 de
713 464 864 534 conjugum
883 460 997 530 officiis,
1026 477 1092 531 quo·
1104 470 1107 571 q
1119 459 1183 528 illis,
1201 462 1249 533 qui
1268 469 1405 517 nouaunt
1423 462 1460 517 ad
1478 461 1507 516 id
1524 460 1631 516 habiles
1650 465 1679 515 et
1696 458 1764 530 apti,
1782 464 1816 514 ut
1833 457 1954 530 nigidio.

258 548 340 603 modo
364 547 469 602 scilicet
492 564 559 618 erga
584 564 614 602 se
638 547 756 603 invicem
773 547 867 604 affecti
884 564 944 603 esse
962 546 1090 612 debeant,
1119 547 1256 617 castratis,
1274 546 1464 619 impuberibus
1479 554 1531 603 stc.
1560 546 1790 603 Prioriscanonis
1803 545 1956 616 porismata

258 635 295 690 ad
320 651 392 706 quae
411 650 518 688 summa
539 650 609 688 cura
632 651 665 688 ac
689 634 781 689 studio
804 635 965 706 peragenda
987 640 1091 687 utrum·
1104 620 1107 705 ζ
1119 641 1196 689 sunt:
1229 637 1249 693 1.
1276 633 1357 698 Quod
1383 634 1515 688 ministris
1534 633 1668 688 ecclesiae
1687 650 1742 688 non
1762 631 1800 687 sit
1816 629 1954 686 matu-imo

259 739 313 794 que
339 721 460 791 ipsorum
487 719 626 776 exhortari
650 719 734 777 debet
759 725 783 776 1.
808 722 869 775 Dei
887 708 1165 815 praecepientislnio
1192 720 1420 777 interdicendum.
1471 725 1495 775 2.
1519 718 1601 786 Quod
1630 735 1682 775 nec
1706 718 1762 773 illis
1789 717 1953 789 conjugium

259 809 420 862 auotoritas.
459 807 487 861 Is
505 808 579 862 enim
599 807 627 861 in
647 807 731 862 verbo
750 824 800 861 suo
822 810 902 862 hasce
919 808 995 862 vitae
1012 821 1107 875 regu-¹
1119 806 1259 877 prohiberi
1285 806 1400 871 debeat,
1431 806 1478 877 qui
1503 804 1690 860 continentiae
1718 804 1793 859 dono
1815 802 1954 857 'diuinitus

259 895 300 949 las
324 892 491 964 conjugibus
518 894 707 964 praescripsit,
731 895 779 964 qui
803 894 965 965 conjugium
989 891 1093 963 primus
1105 952 1108 957 ,
1119 899 1184 948 sunt
1199 892 1333 949 instructi.
1377 891 1492 948 Suaderi
1511 891 1624 964 quidem
1641 897 1670 947 st
1687 891 1796 946 consuli
1815 889 1872 945 illis
1891 894 1950 959 pot·

265 980 385 1035 instituit
404 996 437 1033 ac
454 979 588 1034 rationem
606 980 740 1035 factorum
759 981 795 1036 ab
812 981 964 1052 unoquovis
995 964 1174 1049 exigealesr,
1202 986 1233 1032 ut
1257 980 1329 1034 dono
1360 978 1492 1034 divinitus
1527 977 1580 1033 sibi
1609 993 1741 1033 concesso
1768 977 1804 1032 ad
1837 974 1953 1032 nominis

261 1064 456 1120 obedientibus
475 1066 598 1135 praemia
622 1064 846 1122 inobedientibus
866 1065 1002 1136 supplicia
1028 1065 1094 1118 irro-
1120 1066 1205 1121 divini
1226 1064 1343 1136 gloriam
1368 1071 1397 1119 et
1415 1064 1548 1120 ecclesiae
1576 1064 1693 1119 salutem
1713 1070 1842 1129 utantur,
1871 1061 1953 1132 impe·

259 1159 383 1222 gaturus.
416 1154 442 1207 2.
458 1150 735 1220 Corpupis'ds'pns'tos.
770 1152 889 1208 Sanctus
906 1159 935 1206 et
952 1149 1174 1206 venerabi-wari
1198 1160 1290 1206 tannen
1313 1150 1392 1206 nulla
1416 1149 1523 1205 ratione
1545 1154 1651 1220 potest,
1677 1155 1710 1204 ut
1736 1166 1769 1204 ex
1799 1155 1821 1205 1.
1848 1148 1910 1203 Cor.
1930 1154 1952 1215 1,

259 1235 292 1290 lis
312 1242 354 1291 est
372 1236 496 1308 conjugii
517 1237 584 1292 ordo
611 1243 724 1308 propter
744 1237 866 1292 divinam
885 1194 1145 1303 institutionemlv.
1168 1245 1209 1293 25.
1228 1236 1369 1292 evidenter
1388 1235 1535 1307 colligitur.
1573 1240 1600 1294 ³.
1612 1235 1693 1302 Quod
1711 1236 1878 1307 conjugium
1896 1234 1952 1306 qui·

258 1320 360 1378 Psalm.
382 1328 439 1391 lll,
457 1341 483 1376 s.
496 1330 519 1378 ³.
535 1328 672 1394 quotquot
692 1324 776 1394 igitur
787 1339 850 1377 eum
863 1323 984 1376 dissidiis
996 1321 1094 1376 aliisve
1119 1321 1237 1377 brudam
1254 1329 1363 1377 tantum
1379 1322 1509 1397 ,liberum
1525 1322 1584 1393 (qui
1608 1322 1714 1377 scilicet
1735 1322 1772 1377 ad
1789 1321 1862 1376 illud
1879 1318 1952 1375 habi·

260 1408 374 1480 flagitiis
394 1409 560 1475 deturbant,
587 1409 616 1463 in
634 1409 725 1465 Deum
743 1411 835 1481 ipsum
857 1409 980 1481 conjugii
1001 1414 1095 1463 aucto·
1119 1409 1159 1463 les
1177 1409 1291 1473 conditi,
1303 1409 1422 1465 interim
1441 1408 1627 1465 continentiae
1639 1409 1711 1464 dono
1732 1415 1799 1463 sunt
1816 1406 1953 1474 inamucti)

190 1519 193 1525 ·
259 1513 317 1551 rem
337 1500 403 1550 sunt
425 1495 519 1565 injurii
538 1514 571 1551 ac
592 1496 712 1564 faciunt,
737 1505 768 1551 ut
785 1513 885 1552 nomeu
904 1496 959 1551 Dei
978 1496 1094 1566 ejusque
1106 1498 1108 1507 '
1121 1494 1286 1564 quibusdam
1304 1513 1369 1551 vero
1387 1496 1507 1566 insuper·
1518 1496 1714 1561 necessarium,
1734 1494 1782 1566 qui
1800 1492 1953 1550 scilicetsd

260 1588 355 1637 sancta
388 1581 525 1637 ordinatio
561 1582 799 1654 blasphementur,
830 1582 902 1638 Esai.
935 1589 982 1651 52,
1014 1598 1040 1636 v.
1071 1587 1093 1635 5.
1119 1582 1281 1653 conjugium
1308 1584 1366 1653 apti
1391 1590 1502 1638 suntet
1520 1582 1664 1637 interiores
1681 1582 1804 1637 ustiones
1822 1580 1953 1637 sentiunt.

259 1668 463 1735 Ezech.36‚v.
485 1668 759 1737 estiomenus.
791 1674 817 1725 3.
839 1669 1013 1739 Consequens
1030 1685 1095 1721 suo·
1120 1667 1240 1723 Proinde
1261 1685 1313 1723 nec
1330 1668 1490 1732 coelibatum,
1517 1685 1570 1724 nec
1588 1668 1711 1739 conjugii
1740 1666 1906 1723 universalis
1923 1683 1954 1721 ae

259 1756 340 1810 neos.
381 1754 487 1822 Quodsi
510 1755 584 1810 enim
607 1756 741 1828 conjuges
762 1756 845 1827 juxta
862 1755 935 1809 hunc
961 1770 1095 1809 canonem
1121 1754 1237 1825 simplex
1258 1755 1407 1809 necessitas
1432 1771 1526 1809 omues
1553 1755 1663 1810 omnino
1682 1755 1808 1810 homines
1828 1753 1955 1825 obligans

260 1842 429 1910 incesserint,
447 1860 508 1914 poo
526 1861 611 1912 super
630 1843 698 1897 illos
717 1852 743 1897 et
761 1842 968 1910 rainericordio,
986 1839 1049 1898 Gal.
1071 1845 1095 1909 6,
1120 1841 1291 1912 propugnari
1315 1847 1407 1911 potest
1437 1840 1482 1896 vel
1509 1840 1600 1896 debet
1645 1839 1811 1897 Posterioris
1842 1838 1954 1895 canonis

261 1948 286 1985 v.
310 1934 348 1984 16.
368 1929 545 1999 experientur
563 1930 723 2002 conjugium
749 1946 833 1985 suase
852 1935 880 1985 et
899 1933 1017 1999 matum.
1055 1927 1094 1982 bd
1120 1928 1241 1999 porisma
1265 1932 1320 1996 est,
1345 1927 1419 1998 quod
1444 1926 1515 1982 iuter
1532 1943 1593 1993 eos,
1620 1926 1668 1997 qui
1689 1926 1727 1981 ad
1750 1925 1954 1981 matrimonium

147 2022 248 2066 Mtt-
261 2015 327 2073 toiri
346 2015 424 2086 tinen
445 2015 484 2070 oie
505 2016 559 2086 libe
579 2017 649 2085 iuuit
673 2017 753 2086 ttae,
778 2023 809 2070 ut
834 2014 997 2070 hlatthesius
1019 2013 1095 2084 loqui
1120 2014 1255 2070 inhabiles
1274 2012 1310 2069 ab
1336 2013 1413 2068 initio
1437 2013 1529 2069 statim
1557 2013 1718 2085 conjugium
1735 2013 1822 2068 fuerit
1840 2012 1956 2082 nullum,

260 2101 337 2156 solet.
390 2107 414 2158 4,
446 2102 600 2172 Multiprleo
631 2103 748 2159 utilitas.
802 2103 871 2155 Pars
903 2100 1014 2171 pietatis
1039 2092 1421 2172 noniacproindeinrieem
1447 2100 1609 2171 separandi,
1629 2101 1659 2155 id
1684 2107 1727 2155 est
1745 2117 1797 2171 pro
1817 2117 1876 2155 nou
1892 2116 1954 2155 con·

260 2196 398 2257 postrema
416 2194 459 2243 est
477 2187 595 2259 diligens
615 2188 753 2243 exsecutio
773 2206 880 2255 eorum,
904 2204 976 2256 quae
994 2176 1222 2258 cuiqueljunctis
1251 2185 1420 2243 declarandi.
1466 2187 1521 2244 Sed
1548 2204 1611 2241 cum
1638 2186 1672 2241 de
1698 2185 1776 2241 bisce
1802 2186 1955 2242 canonibus

261 2272 346 2329 officii
363 2273 472 2328 ratione
491 2273 653 2345 peragenda
670 2274 841 2330 incumbunt.
880 2274 919 2326 Ar
933 2272 1028 2343 pictos
1046 2234 1269 2345 ho-lsorumque
1295 2274 1453 2344 porismatis
1474 2274 1575 2344 partim
1596 2273 1655 2344 jam
1672 2280 1738 2329 ante
1763 2274 1792 2327 iu
1809 2272 1955 2344 superiori·

261 2361 303 2413 bet
316 2361 532 2428 promessionem
541 2361 702 2428 proesentis
720 2364 876 2426 ottocarus
890 2360 972 2426 vitoe,
990 2363 1011 2413 1,
1022 2358 1093 2412 Tim.
1105 2342 1109 2467 l
1119 2359 1172 2415 bus
1192 2360 1276 2415 fuerit
1292 2366 1394 2424 actum,
1413 2360 1442 2413 in
1458 2365 1538 2416 tract.
1556 2359 1664 2414 scilieet
1678 2359 1713 2414 de
1732 2359 1919 2414 ministeriun.
1932 2365 1955 2413 1.

260 2453 286 2514 4,
303 2462 330 2501 v.
349 2452 372 2502 8.
406 2446 482 2517 Ergo
500 2447 568 2502 certi
587 2464 648 2502 esse
666 2452 784 2517 possunt
803 2446 842 2516 pii
860 2447 1001 2517 conjuges,
1019 2444 1093 2515 quod
1120 2454 1185 2502 sect.
1205 2453 1305 2517 poster.
1333 2442 1361 2520 ξ.
1389 2452 1448 2502 3111.
1474 2452 1502 2500 et
1528 2446 1557 2498 in
1575 2444 1628 2500 hoc
1644 2451 1724 2500 tract.
1750 2462 1775 2500 c.
1794 2452 1821 2502 5.
1840 2445 1876 2501 de
1893 2460 1954 2498 oon·

261 2530 338 2586 Deus
357 2532 557 2604 temporalibus
575 2540 604 2587 et
622 2534 742 2588 aeternis
755 2531 884 2604 praemiis
896 2533 1018 2602 ipsorum
1030 2549 1094 2586 oon·
1116 2533 1191 2605 jugii
1209 2532 1325 2588 materia
1344 2528 1371 2604 ξ.
1392 2537 1450 2589 235.
1467 2531 1568 2602 purtim
1580 2530 1812 2602 insequentibus,
1831 2531 1862 2586 in
1874 2547 1954 2603 quae·

261 2619 391 2688 cordiam,
408 2637 529 2675 amorem
548 2625 577 2674 et
595 2618 679 2672 fidem
697 2620 873 2690 conjugalem
887 2619 922 2673 sit
940 2635 1094 2674 remunera-
1121 2621 1209 2675 stione
1245 2618 1352 2674 scilicet
1379 2618 1413 2673 de
1438 2618 1577 2673 coelibatu
1601 2624 1630 2673 et
1655 2620 1691 2672 de
1718 2619 1814 2672 comis
1833 2618 1955 2683 discuti,

262 2711 354 2770 turus,
378 2707 402 2759 si
427 2723 460 2760 ex
479 2722 544 2760 sera
570 2705 756 2760 inebriatum
774 2705 829 2761 lide
849 2713 927 2761 etex
945 2706 1027 2761 corde
1046 2722 1095 2775 per
1120 2707 1202 2761 latius
1225 2705 1401 2760 tractandum
1425 2705 1474 2774 sit,
1500 2703 1563 2759 ideo
1592 2710 1668 2760 recta
1695 2704 1893 2775 progredimur
1920 2704 1955 2759 ad

261 2790 393 2862 Spiritum
422 2797 548 2846 sanctum
566 2798 697 2846 renovato
726 2793 795 2846 tales
813 2792 930 2846 virtutes
947 2790 1095 2862 profluant,
1120 2793 1243 2864 conjugii
1260 2793 1400 2864 adjuncta
1753 2846 1757 2855 ‚

262 2895 296 2933 ac
323 2878 398 2948 quod
431 2879 465 2931 de
495 2875 643 2932 concordia
673 2876 789 2932 fratrum
818 2878 962 2949 praedicat
993 2878 1095 2947 psaltes
1154 2886 1212 2936 455.
1249 2880 1396 2948 Adiuncto
1413 2880 1540 2950 conjugii
1563 2878 1681 2934 docendi
1706 2895 1794 2934 causa
1812 2862 2008 2963 constitui-Q

260 2962 363 3016 Psalm.
387 2970 443 3030 133,
461 2979 486 3016 v.
506 2972 537 3019 3:
559 2962 696 3024 Quoniam
715 2964 776 3018 illic
796 2965 941 3018 mondavit
956 2965 1095 3019 Dominus
1120 2984 1181 3021 mus
1212 2964 1342 3035 duplicia.
1392 2966 1535 3032 Quaedam
1567 2972 1632 3020 sunt
1658 2965 1786 3037 conjugii
1825 2966 1956 3029 1111110411,
1967 2964 2002 3007 Π·

262 3049 480 3103 beneclicts'onous
498 3050 620 3103 atrito-ru
639 3053 765 3118 usquein
777 3050 906 3114 sadans,
924 3049 996 3104 idem
1012 3051 1095 3105 etiam
1121 3052 1340 3125 quaedamssvero
1359 3053 1550 3109 oonusmmots'.
1589 3058 1612 3108 1.
1626 3051 1758 3124 Conjugii
1777 3052 1902 3108 inchoati
1923 3024 2008 3107 acu*

264 3135 298 3191 de
316 3138 467 3207 conjugum
482 3135 631 3190 concordia
642 3135 746 3205 optimo
755 3137 818 3207 jure
830 3135 982 3206 praedicari
997 3143 1096 3207 potest,
1122 3138 1244 3195 nondum
1267 3138 1448 3193 consummati
1476 3139 1609 3209 adjuncta
1629 3144 1694 3193 sunt
1716 3140 1791 3194 nitro
1808 3140 1860 3195 s'lls'
1876 3138 1955 3203 sacri

263 3222 512 3288 Eccl.25,v.l.et2.
526 3222 1096 3291 aPoenorumirnmoriqarosmonents'orn
1122 3226 1247 3281 solennes
1275 3240 1308 3280 ee
1325 3224 1445 3295 publici,
1473 3226 1520 3296 qui
1546 3243 1620 3282 more
1644 3225 1767 3280 omnium
1786 3226 1913 3298 gentium
1930 3227 1955 3279 in

263 3309 398 3378 pronitas.
427 3308 504 3364 Deus
517 3318 548 3364 ut
562 3315 604 3363 est
616 3308 769 3362 misericors
787 3315 816 3362 et
832 3308 969 3380 benignus
989 3309 1017 3362 in
1036 3327 1096 3380 pro·
1122 3312 1246 3384 ejusdem
1266 3312 1500 3367 consummatione
1518 3311 1694 3367 adhibentur.
1731 3311 1866 3377 Quamvis
1885 3314 1956 3368 euim

268 3395 396 3450 missione
407 3402 435 3449 et
447 3394 622 3449 obedientiae
630 3394 859 3463 remuneratione,
867 3393 907 3448 sic
912 3396 1270 3479 justusacse·'qconseus11s
1293 3397 1501 3453 matrimonialis
1527 3398 1563 3453 ad
1587 3397 1760 3454 individuam
1784 3398 1862 3455 illam
1886 3399 1956 3455 sitae

265 3479 1282 3551 serusestiucommiuationeetinobedientiaecastigatione.[societatem
1306 3484 1492 3540 inducendam
1514 3484 1598 3538 etiarn
1622 3484 1728 3555 absque
1756 3486 1878 3541 externis
1905 3485 1955 3540 illis

264 3566 390 3625 (lassant
417 3585 484 3639 ergo
511 3568 658 3638 conjuges,
688 3582 724 3620 ne
744 3566 837 3637 legum
855 3567 1096 3622 matrimonialium
1108 3584 1111 3625 i
1123 3580 1151 3626 et
1167 3571 1327 3626 solennibus
1346 3570 1447 3624 ritibus
1467 3571 1534 3624 satis
1552 3568 1651 3624 efficax
1668 3570 1714 3634 sit,
1732 3570 1846 3641 sapiens
1865 3580 1957 3627 nmen

263 3663 405 3712 contemtu
424 3661 452 3709 et
472 3653 557 3710 officii
575 3653 619 3708 sui
635 3653 765 3724 neglectu
783 3652 876 3708 Deum
892 3653 995 3708 ordinis
1013 3654 1096 3725 hujus
1107 3642 1111 3685 ¹
1122 3658 1272 3739 antiquitas
1293 3656 1384 3711 causis
1408 3663 1535 3727 permota
1558 3655 1729 3727 gravimimis
1762 3657 1956 3714 matrimoniali

262 3747 402 3797 auctorem
427 3747 454 3795 et
477 3748 695 3797 conservatorem
721 3738 877 3809 offendant,
900 3741 1095 3795 conscientiam
1107 3800 1110 3811 ,
1121 3743 1168 3798 isti
1186 3742 1332 3798 consensui
1352 3750 1380 3798 et
1392 3742 1517 3814 conjugii
1530 3742 1760 3798 consummationi
1778 3752 1879 3814 certos,
1900 3760 1956 3800 eos

261 3846 340 3884 suam
363 3828 522 3896 vulnerent,
551 3827 681 3897 precibus
712 3826 938 3898 impedimentum
962 3816 1175 3901 objicianthue
1214 3845 1320 3897 sacros,
1357 3828 1484 3883 solennes
1520 3835 1549 3883 et
1579 3828 1706 3899 publicos
1734 3830 1805 3885 ritus
1831 3831 1956 3887 adhiberi

261 3933 295 3972 ac
326 3931 430 3986 poenas
462 3914 628 3986 temporales
657 3922 685 3969 et
714 3919 840 3969 aeternas
868 3913 921 3968 sibi
944 3876 1214 3971 accersantlvoluit
1233 3915 1314 3971 Solus
1327 3914 1533 3970 matrimonialis
1543 3916 1802 3990 consensus(inquit
1812 3916 1955 3990 Cypraeus

262 4001 321 4060 Ubi
338 4001 415 4072 viget
433 4018 509 4056 amor
526 4008 555 4055 et
574 4000 736 4067 eoncordia,
752 3999 792 4054 ibi
809 3999 887 4054 Deus
905 3999 1013 4054 habitat
1031 4017 1093 4072 gra-
1121 4001 1155 4057 de
1187 4002 1335 4072 sponsalib.
1362 4018 1423 4072 cap.
1450 4008 1474 4057 5.
1502 3999 1529 4077 ξ.
1560 4021 1588 4057 n.
1615 4009 1657 4061 31.
1682 4005 1718 4074 8.)
1753 4005 1955 4060 matrimonium

261 4088 332 4143 tiosa
353 4106 405 4143 sua
423 4087 592 4159 praesentia;
621 4086 669 4141 ubi
696 4086 792 4157 vigent
809 4085 871 4141 lites
890 4104 922 4141 ex
940 4087 1030 4151 rixae,
1056 4087 1094 4143 ibi
1121 4088 1233 4160 quidem
1253 4089 1410 4156 constituit,
1434 4087 1484 4142 sed
1511 4089 1586 4159 apud
1604 4106 1699 4145 omues
1718 4096 1819 4161 genta
1837 4092 1955 4149 obtinuit

260 4181 304 4231 est
320 4191 438 4247 regnum
455 4181 484 4230 et
501 4172 670 4228 domicilium
684 4171 810 4228 Satanae.
840 4172 983 4237 Quomodo
1002 4178 1148 4241 autemlet
1166 4174 1258 4229 adhuc
1274 4174 1392 4243 obtinet,
1412 4191 1575 4230 consensum
1601 4176 1680 4230 illum
1703 4193 1760 4231 nou
1783 4176 1879 4234 serbis
1898 4186 1955 4235 tau·

260 4279 328 4335 erga
370 4261 471 4317 liberos
513 4267 541 4315 et
582 4276 674 4314 servos
720 4260 854 4331 conjuges
897 4276 958 4314 sese
997 4246 1187 4339 gerereltum,
1206 4261 1255 4316 sed
1273 4260 1356 4317 rebus
1377 4261 1443 4333 ipsis
1463 4269 1491 4316 et
1505 4261 1587 4318 factis
1607 4263 1700 4334 palam
1714 4261 1955 4320 declarandumet

260 4349 389 4416 debeant,
408 4350 469 4420 ejus
487 4347 629 4402 doctrinae
648 4345 794 4415 explicatio
814 4344 850 4399 ad
869 4344 954 4399 alium
972 4347 1092 4415 pertinet
1106 4344 1326 4451 'exprimendum
1341 4363 1415 4417 esse,
1441 4355 1472 4403 ut
1491 4348 1527 4402 de
1551 4356 1687 4413 esserto
1705 4354 1863 4423 constaret,
1889 4349 1955 4406 etu’

259 4435 358 4492 locum.
1120 4453 1190 4507 opus
1209 4434 1253 4505 sit,
1271 4434 1363 4489 doceri
1381 4450 1415 4488 ac
1428 4434 1541 4506 probari
1557 4442 1659 4506 posset
1679 4452 1743 4491 eum
1760 4434 1955 4508 interpositum

1106 4514 1212 4593 {fuisse
1260 4520 1368 4577 Causae
1397 4521 1506 4575 illorum
1537 4521 1639 4577 rituum
1668 4521 1712 4577 vel
1740 4523 1955 4594 ecrtaiostr'coe,

1107 4610 1165 4666 'rel
1190 4609 1335 4680 politione.
1382 4606 1595 4664 Ecclesiasticae
1621 4608 1745 4665 revocari
1772 4617 1895 4681 possmn
1921 4609 1955 4666 ad

532 4724 553 4785 0
573 4726 601 4785 Δ
619 4723 644 4784 P
661 4724 689 4783 U
707 4725 731 4783 Τ
766 4723 826 4785 ῙΧο
1107 4698 1189 4754 {haec
1198 4696 1304 4768 capita:
1320 4700 1343 4749 1.
1353 4695 1470 4750 Primos
1478 4697 1637 4766 eonjupolis
1648 4697 1840 4767 copulationis
1850 4700 1956 4761 sm

1121 4782 1195 4840 luter
1217 4783 1320 4855 primos
1342 4782 1467 4838 homines
1490 4783 1629 4837 Adamum
1657 4790 1686 4838 et
1702 4783 1795 4843 Evam
1816 4800 1874 4840 non
1899 4785 1955 4841 siue

349 4884 413 4949 ΒΕ
431 4880 728 4949 ADJUNOTIS
752 4878 1009 4948 OONJUfflL
1121 4871 1205 4927 sacris
1225 4877 1253 4925 et
1270 4868 1429 4924 solennibus
1446 4868 1546 4923 ritibus
1575 4867 1730 4925 edsbrsue
1747 4875 1815 4925 suut
1832 4874 1955 4944 nuptiae.

1121 4960 1197 5013 Deus
1216 4957 1275 5027 ipse
1294 4955 1403 5010 Adamo
1429 4973 1508 5010 suam
1534 4970 1663 5026 sponsam
1681 4957 1808 5023 adduxit,
1835 4975 1901 5016 eam
1928 4966 1956 5015 ut

136 5068 214 5117 ansts·
297 5057 356 5107 454.
399 5052 539 5122 Expositis
569 5049 694 5121 conjugii
733 5049 839 5105 effectis
871 5043 1206 5106 descendendumafiliam
1224 5060 1303 5098 suam
1323 5042 1441 5098 elocavit
1455 5051 1483 5099 et
1502 5042 1593 5114 legem
1605 5043 1836 5101 matrimonialem
1858 5047 1954 5115 unxit

135 5124 241 5221 ffiss,
263 5136 409 5192 videbatur
435 5138 470 5191 ad
491 5138 614 5209 conjugii
632 5138 801 5206 subJ'ectum,
825 5135 899 5205 quod
920 5143 985 5188 sunt
1000 5152 1093 5205 perso·
1105 5115 1109 5196 l
1121 5130 1187 5202 quin
1207 5136 1236 5186 et
1253 5129 1332 5183 noris
1352 5132 1447 5201 nuptis
1465 5130 1614 5199 benedixit,
1632 5130 1734 5187 Genea.
1749 5136 1772 5200 1,
1791 5150 1817 5187 v.
1839 5138 1884 5192 28.
1897 5152 1921 5190 c
1932 5138 1954 5197 1,

261 5240 314 5279 nae
330 5224 366 5277 ad
384 5225 588 5278 matrimonium
606 5222 713 5278 habiles
731 5229 759 5277 et
775 5228 875 5292 aptae3
896 5221 944 5275 ubi
963 5222 1018 5275 duo
1033 5239 1093 5292 pro·
1106 5203 1145 5274 lv.
1165 5223 1204 5273 22.
1225 5223 1252 5272 et
1270 5220 1311 5271 24.
1330 5214 1425 5286 sicque
1439 5217 1581 5288 porentia,
1605 5218 1803 5288 paranymphi
1819 5227 1848 5273 st
1866 5237 1953 5275 nea*

260 5316 400 5379 ponuntur
432 5325 563 5363 canones:
614 5316 634 5364 1.
664 5308 746 5374 Quod
771 5306 841 5361 nulh
868 5306 903 5360 ad
933 5308 1093 5379 conjugium
1120 5306 1193 5360 dotis
1211 5303 1304 5359 officio
1330 5302 1360 5356 in
1378 5301 1433 5357 illis
1460 5302 1564 5374 nuptiis
1584 5303 1747 5375 perfunctus
1764 5312 1821 5373 est,
1848 5324 1885 5363 ex
1903 5320 1954 5379 quo

260 5394 367 5451 habiles
385 5397 413 5449 in
441 5411 605 5466 quocunque
628 5396 683 5449 siut
709 5394 782 5449 vitae
806 5397 894 5461 statu,
919 5394 977 5449 sive
1003 5392 1267 5464 eccle-{primarum
1293 5388 1453 5460 nuptiarum
1480 5390 1604 5461 exemplo
1628 5388 1726 5461 procul
1750 5390 1836 5447 dubio
1866 5390 1954 5450 ercle-

259 5482 384 5551 siastico,
412 5481 471 5535 sire
491 5479 621 5550 politico,
648 5480 776 5533 humanis
795 5471 1038 5535 constitutionibus
1056 5480 1092 5535 ab
1105 5458 1228 5533 lsiastica
1246 5492 1378 5530 uovorum
1398 5477 1549 5548 conjugum
1568 5476 1739 5534 consematio
1751 5483 1781 5533 et
1793 5476 1954 5537 benedictio

257 5569 353 5626 eodem
372 5570 426 5624 siut
445 5566 571 5635 arcendi3
590 5573 614 5622 2.
629 5567 702 5636 quod
720 5566 881 5637 conjugium
897 5565 1091 5635 denegandum
1104 5542 1252 5636 loriginem
1281 5562 1373 5617 traxit
1424 5566 1451 5620 2.
1480 5563 1632 5621 Gonnols's
1661 5564 1763 5634 rapula
1795 5566 1954 5636 apostotos
