<?xml version="1.0" encoding="UTF-8"?>
<!DOCTYPE html PUBLIC "-//W3C//DTD XHTML 1.0 Transitional//EN"
    "http://www.w3.org/TR/xhtml1/DTD/xhtml1-transitional.dtd">
<html xmlns="http://www.w3.org/1999/xhtml" xml:lang="en" lang="en">
 <head>
  <title>
</title>
<meta http-equiv="Content-Type" content="text/html;charset=utf-8" />
  <meta name='ocr-system' content='tesseract 3.04.00' />
  <meta name='ocr-capabilities' content='ocr_page ocr_carea ocr_par ocr_line ocrx_word'/>
</head>
<body>
  <div class='ocr_page' id='page_1' title='image "./locitheologicit01gerhgoog/locitheologicit01gerhgoog_0228.png"; bbox 0 0 4020 6022; ppageno 0'>
   <div class='ocr_carea' id='block_1_1' title="bbox 772 296 1746 359">
    <p class='ocr_par' dir='ltr' id='par_1_1' title="bbox 772 296 1746 359">
     <span class='ocr_line' id='line_1_1' title="bbox 772 296 1746 359; baseline 0.005 -8"><span class='ocrx_word' id='word_1_1' title='bbox 772 296 823 351; x_wconf 85' lang='lat' dir='ltr'><strong><em>Dii</em></strong></span> <span class='ocrx_word' id='word_1_2' title='bbox 842 296 1041 357; x_wconf 78' lang='lat' dir='ltr'><strong>CONJUGIO.</strong></span> <span class='ocrx_word' id='word_1_3' title='bbox 1686 302 1746 359; x_wconf 81' lang='lat'><strong><em>217</em></strong></span> 
     </span>
    </p>
   </div>
   <div class='ocr_carea' id='block_1_2' title="bbox 15 448 1911 5637">
    <p class='ocr_par' dir='ltr' id='par_1_2' title="bbox 15 448 1911 5637">
     <span class='ocr_line' id='line_1_2' title="bbox 53 448 1749 528; baseline -0.004 -19"><span class='ocrx_word' id='word_1_4' title='bbox 53 455 162 511; x_wconf 89' lang='lat' dir='ltr'><strong><em>tionem</em></strong></span> <span class='ocrx_word' id='word_1_5' title='bbox 178 455 356 525; x_wconf 80' lang='lat' dir='ltr'><strong><em>spiritualem</em></strong></span> <span class='ocrx_word' id='word_1_6' title='bbox 375 455 478 511; x_wconf 82' lang='lat' dir='ltr'><strong><em>incenit</em></strong></span> <span class='ocrx_word' id='word_1_7' title='bbox 497 456 554 509; x_wconf 89' lang='lat' dir='ltr'><strong><em>nisi</em></strong></span> <span class='ocrx_word' id='word_1_8' title='bbox 565 456 727 525; x_wconf 66' lang='lat' dir='ltr'><strong><em>superstitio</em></strong></span> <span class='ocrx_word' id='word_1_9' title='bbox 747 453 892 509; x_wconf 76' lang='lat' dir='ltr'><strong><em>bumana!</em></strong></span> <span class='ocrx_word' id='word_1_10' title='bbox 920 468 980 507; x_wconf 86' lang='lat' dir='ltr'><strong><em>esse</em></strong></span> <span class='ocrx_word' id='word_1_11' title='bbox 998 453 1142 525; x_wconf 69' lang='lat' dir='ltr'><strong>spirituale</strong></span> <span class='ocrx_word' id='word_1_12' title='bbox 1159 456 1318 528; x_wconf 73' lang='lat' dir='ltr'><strong>accipimus.</strong></span> <span class='ocrx_word' id='word_1_13' title='bbox 1350 455 1394 513; x_wconf 90' lang='lat' dir='ltr'><strong><em>De</em></strong></span> <span class='ocrx_word' id='word_1_14' title='bbox 1413 454 1543 527; x_wconf 88' lang='lat' dir='ltr'><strong><em>conjugio</em></strong></span> <span class='ocrx_word' id='word_1_15' title='bbox 1560 458 1652 508; x_wconf 87' lang='lat' dir='ltr'><strong><em>eutem</em></strong></span> <span class='ocrx_word' id='word_1_16' title='bbox 1672 448 1749 521; x_wconf 91' lang='lat' dir='ltr'><strong><em>spiri-</em></strong></span> 
     </span>
     <span class='ocr_line' id='line_1_3' title="bbox 56 535 1750 613; baseline -0.005 -16"><span class='ocrx_word' id='word_1_17' title='bbox 56 542 96 597; x_wconf 84' lang='lat' dir='ltr'><strong><em>Si</em></strong></span> <span class='ocrx_word' id='word_1_18' title='bbox 117 560 173 597; x_wconf 89' lang='lat' dir='ltr'><strong><em>non</em></strong></span> <span class='ocrx_word' id='word_1_19' title='bbox 194 541 259 595; x_wconf 90' lang='lat' dir='ltr'><strong><em>licet</em></strong></span> <span class='ocrx_word' id='word_1_20' title='bbox 283 541 437 612; x_wconf 69' lang='lat' dir='ltr'><strong><em>baptizanti</em></strong></span> <span class='ocrx_word' id='word_1_21' title='bbox 460 550 510 597; x_wconf 90' lang='lat' dir='ltr'><strong><em>aut</em></strong></span> <span class='ocrx_word' id='word_1_22' title='bbox 528 542 634 596; x_wconf 76' lang='lat' dir='ltr'><strong><em>levanti</em></strong></span> <span class='ocrx_word' id='word_1_23' title='bbox 657 541 827 611; x_wconf 77' lang='lat' dir='ltr'><strong><em>baptisatam</em></strong></span> <span class='ocrx_word' id='word_1_24' title='bbox 844 545 894 593; x_wconf 86' lang='lat' dir='ltr'><strong><em>aut</em></strong></span> <span class='ocrx_word' id='word_1_25' title='bbox 920 540 989 594; x_wconf 92' lang='lat' dir='ltr'><strong><em>tuali</em></strong></span> <span class='ocrx_word' id='word_1_26' title='bbox 1006 546 1036 597; x_wconf 92' lang='lat' dir='ltr'><strong><em>et</em></strong></span> <span class='ocrx_word' id='word_1_27' title='bbox 1052 542 1172 613; x_wconf 87' lang='lat' dir='ltr'><strong><em>mystico</em></strong></span> <span class='ocrx_word' id='word_1_28' title='bbox 1196 544 1305 599; x_wconf 88' lang='lat' dir='ltr'><strong><em>animae</em></strong></span> <span class='ocrx_word' id='word_1_29' title='bbox 1321 542 1412 599; x_wconf 85' lang='lat' dir='ltr'><strong><em>fidelis</em></strong></span> <span class='ocrx_word' id='word_1_30' title='bbox 1429 559 1493 599; x_wconf 88' lang='lat' dir='ltr'><strong><em>cum</em></strong></span> <span class='ocrx_word' id='word_1_31' title='bbox 1513 535 1750 595; x_wconf 74' lang='lat' dir='ltr'><strong><em>nantcarius</em></strong></span> 
     </span>
     <span class='ocr_line' id='line_1_4' title="bbox 54 620 1749 700; baseline -0.004 -17"><span class='ocrx_word' id='word_1_32' title='bbox 54 630 181 683; x_wconf 86' lang='lat' dir='ltr'><strong><em>leuatam</em></strong></span> <span class='ocrx_word' id='word_1_33' title='bbox 208 629 317 691; x_wconf 73' lang='lat' dir='ltr'><strong><em>ducme,</em></strong></span> <span class='ocrx_word' id='word_1_34' title='bbox 343 646 394 681; x_wconf 88' lang='lat' dir='ltr'><strong><em>cur</em></strong></span> <span class='ocrx_word' id='word_1_35' title='bbox 421 628 485 682; x_wconf 86' lang='lat' dir='ltr'><strong><em>iicet</em></strong></span> <span class='ocrx_word' id='word_1_36' title='bbox 514 627 675 682; x_wconf 83' lang='lat' dir='ltr'><strong><em>Clrs&#39;stiano</em></strong></span> <span class='ocrx_word' id='word_1_37' title='bbox 704 627 893 682; x_wconf 68' lang='lat' dir='ltr'><strong><em>Christianam</em></strong></span> <span class='ocrx_word' id='word_1_38' title='bbox 920 643 1022 697; x_wconf 89' lang='lat' dir='ltr'><strong><em>sponso</em></strong></span> <span class='ocrx_word' id='word_1_39' title='bbox 1041 628 1119 683; x_wconf 89' lang='lat' dir='ltr'><strong><em>nulla</em></strong></span> <span class='ocrx_word' id='word_1_40' title='bbox 1137 628 1183 684; x_wconf 90' lang='lat' dir='ltr'><strong><em>hie</em></strong></span> <span class='ocrx_word' id='word_1_41' title='bbox 1203 634 1246 685; x_wconf 90' lang='lat' dir='ltr'><strong><em>est</em></strong></span> <span class='ocrx_word' id='word_1_42' title='bbox 1264 628 1397 700; x_wconf 80' lang='lat' dir='ltr'><strong><em>quaestio.</em></strong></span> <span class='ocrx_word' id='word_1_43' title='bbox 1435 628 1533 685; x_wconf 86' lang='lat' dir='ltr'><strong><em>Restat</em></strong></span> <span class='ocrx_word' id='word_1_44' title='bbox 1555 625 1654 698; x_wconf 85' lang='lat' dir='ltr'><strong><em>igitur,</em></strong></span> <span class='ocrx_word' id='word_1_45' title='bbox 1672 627 1704 677; x_wconf 91' lang='lat' dir='ltr'><strong><em>ut</em></strong></span> <span class='ocrx_word' id='word_1_46' title='bbox 1721 620 1749 675; x_wconf 91' lang='lat' dir='ltr'><strong><em>iu</em></strong></span> 
     </span>
     <span class='ocr_line' id='line_1_5' title="bbox 57 711 1751 787; baseline -0.003 -17"><span class='ocrx_word' id='word_1_47' title='bbox 57 716 184 769; x_wconf 76' lang='lat' dir='ltr'><strong><em>duceret</em></strong></span> <span class='ocrx_word' id='word_1_48' title='bbox 220 714 263 767; x_wconf 80' lang='lat' dir='ltr'><strong><em>An</em></strong></span> <span class='ocrx_word' id='word_1_49' title='bbox 283 720 323 767; x_wconf 84' lang='lat' dir='ltr'><strong><em>est</em></strong></span> <span class='ocrx_word' id='word_1_50' title='bbox 339 715 433 783; x_wconf 73' lang='lat' dir='ltr'><strong><em>maior</em></strong></span> <span class='ocrx_word' id='word_1_51' title='bbox 452 716 581 783; x_wconf 81' lang='lat' dir='ltr'><strong><em>roprsatio</em></strong></span> <span class='ocrx_word' id='word_1_52' title='bbox 600 715 707 768; x_wconf 80' lang='lat' dir='ltr'><strong><em>istaes</em></strong></span> <span class='ocrx_word' id='word_1_53' title='bbox 730 711 895 768; x_wconf 75' lang='lat' dir='ltr'><strong><em>ceremoniis</em></strong></span> <span class='ocrx_word' id='word_1_54' title='bbox 920 712 1122 784; x_wconf 83' lang='lat' dir='ltr'><strong><em>significatione</em></strong></span> <span class='ocrx_word' id='word_1_55' title='bbox 1133 716 1287 786; x_wconf 86' lang='lat' dir='ltr'><strong><em>posteriore</em></strong></span> <span class='ocrx_word' id='word_1_56' title='bbox 1304 716 1467 787; x_wconf 77' lang='lat' dir='ltr'><strong><em>accipiatur,</em></strong></span> <span class='ocrx_word' id='word_1_57' title='bbox 1485 731 1518 770; x_wconf 89' lang='lat' dir='ltr'><strong><em>ac</em></strong></span> <span class='ocrx_word' id='word_1_58' title='bbox 1537 712 1651 786; x_wconf 83' lang='lat' dir='ltr'>proinde</span> <span class='ocrx_word' id='word_1_59' title='bbox 1670 724 1751 781; x_wconf 84' lang='lat' dir='ltr'><strong><em>argu·</em></strong></span> 
     </span>
     <span class='ocr_line' id='line_1_6' title="bbox 56 794 1751 873; baseline -0.004 -18"><span class='ocrx_word' id='word_1_60' title='bbox 56 818 110 855; x_wconf 86' lang='lat' dir='ltr'><strong><em>seu</em></strong></span> <span class='ocrx_word' id='word_1_61' title='bbox 134 800 215 871; x_wconf 78' lang='lat' dir='ltr'><strong><em>sipno</em></strong></span> <span class='ocrx_word' id='word_1_62' title='bbox 239 799 410 853; x_wconf 87' lang='lat' dir='ltr'><strong><em>sacramenti</em></strong></span> <span class='ocrx_word' id='word_1_63' title='bbox 432 807 589 867; x_wconf 85' lang='lat' dir='ltr'><strong><em>eontracta,</em></strong></span> <span class='ocrx_word' id='word_1_64' title='bbox 617 816 699 869; x_wconf 89' lang='lat' dir='ltr'><strong><em>quam</em></strong></span> <span class='ocrx_word' id='word_1_65' title='bbox 724 815 795 869; x_wconf 85' lang='lat' dir='ltr'><strong><em>quoe</em></strong></span> <span class='ocrx_word' id='word_1_66' title='bbox 817 816 849 852; x_wconf 83' lang='lat' dir='ltr'><strong><em>aa</em></strong></span> <span class='ocrx_word' id='word_1_67' title='bbox 862 814 894 850; x_wconf 88' lang='lat' dir='ltr'><strong><em>re</em></strong></span> <span class='ocrx_word' id='word_1_68' title='bbox 922 804 1046 854; x_wconf 90' lang='lat' dir='ltr'><strong><em>mentum</em></strong></span> <span class='ocrx_word' id='word_1_69' title='bbox 1071 802 1208 873; x_wconf 88' lang='lat' dir='ltr'><strong><em>integrum</em></strong></span> <span class='ocrx_word' id='word_1_70' title='bbox 1237 809 1266 858; x_wconf 93' lang='lat' dir='ltr'><strong><em>et</em></strong></span> <span class='ocrx_word' id='word_1_71' title='bbox 1290 802 1372 873; x_wconf 88' lang='lat' dir='ltr'><strong><em>plene</em></strong></span> <span class='ocrx_word' id='word_1_72' title='bbox 1390 801 1539 857; x_wconf 88' lang='lat' dir='ltr'><strong><em>formatum</em></strong></span> <span class='ocrx_word' id='word_1_73' title='bbox 1565 799 1605 855; x_wconf 90' lang='lat' dir='ltr'><strong><em>sic</em></strong></span> <span class='ocrx_word' id='word_1_74' title='bbox 1627 794 1751 853; x_wconf 88' lang='lat' dir='ltr'><strong><em>habebit.</em></strong></span> 
     </span>
     <span class='ocr_line' id='line_1_7' title="bbox 56 882 1750 963; baseline -0.003 -22"><span class='ocrx_word' id='word_1_75' title='bbox 56 888 126 958; x_wconf 88' lang='lat' dir='ltr'><strong><em>ipsa</em></strong></span> <span class='ocrx_word' id='word_1_76' title='bbox 144 894 185 941; x_wconf 90' lang='lat' dir='ltr'><strong><em>est</em></strong></span> <span class='ocrx_word' id='word_1_77' title='bbox 202 888 372 941; x_wconf 69' lang='lat' dir='ltr'><strong><em>contracta?</em></strong></span> <span class='ocrx_word' id='word_1_78' title='bbox 407 886 454 939; x_wconf 80' lang='lat' dir='ltr'><strong><em>An</em></strong></span> <span class='ocrx_word' id='word_1_79' title='bbox 472 903 529 940; x_wconf 89' lang='lat' dir='ltr'><strong><em>non</em></strong></span> <span class='ocrx_word' id='word_1_80' title='bbox 549 885 728 941; x_wconf 71' lang='lat' dir='ltr'><strong><em>Cbrsbtionus</em></strong></span> <span class='ocrx_word' id='word_1_81' title='bbox 744 891 783 939; x_wconf 89' lang='lat' dir='ltr'><strong><em>est</em></strong></span> <span class='ocrx_word' id='word_1_82' title='bbox 799 885 894 949; x_wconf 74' lang='lat' dir='ltr'><strong><em>frater</em></strong></span> <span class='ocrx_word' id='word_1_83' title='bbox 912 886 952 963; x_wconf 24' lang='lat' dir='ltr'><strong><em>&#39;A</em></strong></span> <span class='ocrx_word' id='word_1_84' title='bbox 977 903 1031 957; x_wconf 93' lang='lat' dir='ltr'><strong><em>quo</em></strong></span> <span class='ocrx_word' id='word_1_85' title='bbox 1049 888 1264 945; x_wconf 75' lang='lat' dir='ltr'><strong><em>ministerialiter</em></strong></span> <span class='ocrx_word' id='word_1_86' title='bbox 1288 896 1316 945; x_wconf 91' lang='lat' dir='ltr'><strong><em>et</em></strong></span> <span class='ocrx_word' id='word_1_87' title='bbox 1335 888 1580 944; x_wconf 83' lang='lat' dir='ltr'><strong><em>instrumentaliter</em></strong></span> <span class='ocrx_word' id='word_1_88' title='bbox 1599 882 1750 953; x_wconf 85' lang='lat' dir='ltr'><strong><em>accipimus</em></strong></span> 
     </span>
     <span class='ocr_line' id='line_1_8' title="bbox 57 970 1751 1046; baseline -0.004 -17"><span class='ocrx_word' id='word_1_89' title='bbox 57 972 242 1029; x_wconf 66' lang='lat' dir='ltr'><strong><em>ausinianae</em></strong></span> <span class='ocrx_word' id='word_1_90' title='bbox 259 972 389 1029; x_wconf 82' lang='lat' dir='ltr'><strong><em>sororisi</em></strong></span> <span class='ocrx_word' id='word_1_91' title='bbox 421 978 468 1025; x_wconf 86' lang='lat' dir='ltr'><strong><em>An</em></strong></span> <span class='ocrx_word' id='word_1_92' title='bbox 487 990 544 1027; x_wconf 91' lang='lat' dir='ltr'><strong><em>non</em></strong></span> <span class='ocrx_word' id='word_1_93' title='bbox 561 971 717 1042; x_wconf 80' lang='lat' dir='ltr'><strong><em>baptisatus</em></strong></span> <span class='ocrx_word' id='word_1_94' title='bbox 735 971 894 1040; x_wconf 78' lang='lat' dir='ltr'><strong><em>baptizatae</em></strong></span> <span class='ocrx_word' id='word_1_95' title='bbox 921 988 982 1027; x_wconf 89' lang='lat' dir='ltr'><strong><em>esse</em></strong></span> <span class='ocrx_word' id='word_1_96' title='bbox 1000 974 1152 1045; x_wconf 85' lang='lat' dir='ltr'><strong><em>spirituale,</em></strong></span> <span class='ocrx_word' id='word_1_97' title='bbox 1171 974 1212 1029; x_wconf 92' lang='lat' dir='ltr'><strong><em>ilii</em></strong></span> <span class='ocrx_word' id='word_1_98' title='bbox 1230 974 1362 1031; x_wconf 89' lang='lat' dir='ltr'><strong><em>debemus</em></strong></span> <span class='ocrx_word' id='word_1_99' title='bbox 1381 974 1548 1046; x_wconf 89' lang='lat' dir='ltr'><strong><em>peculiarem</em></strong></span> <span class='ocrx_word' id='word_1_100' title='bbox 1570 970 1751 1027; x_wconf 84' lang='lat' dir='ltr'><strong><em>reverentiam</em></strong></span> 
     </span>
     <span class='ocr_line' id='line_1_9' title="bbox 58 1055 1751 1133; baseline -0.005 -18"><span class='ocrx_word' id='word_1_101' title='bbox 58 1060 223 1133; x_wconf 84' lang='lat' dir='ltr'><strong><em>spiritualis</em></strong></span> <span class='ocrx_word' id='word_1_102' title='bbox 231 1062 358 1130; x_wconf 71' lang='lat' dir='ltr'><strong><em>frater!</em></strong></span> <span class='ocrx_word' id='word_1_103' title='bbox 383 1057 569 1115; x_wconf 88' lang='lat' dir='ltr'><strong><em>Bellarmiuus</em></strong></span> <span class='ocrx_word' id='word_1_104' title='bbox 588 1057 830 1113; x_wconf 69' lang='lat' dir='ltr'><strong><em>donatianae.</em></strong></span> <span class='ocrx_word' id='word_1_105' title='bbox 852 1060 894 1110; x_wconf 81' lang='lat'><strong>³⁰.</strong></span> <span class='ocrx_word' id='word_1_106' title='bbox 921 1062 1035 1129; x_wconf 90' lang='lat' dir='ltr'><strong><em>propter</em></strong></span> <span class='ocrx_word' id='word_1_107' title='bbox 1060 1078 1144 1132; x_wconf 88' lang='lat' dir='ltr'><strong><em>quam</em></strong></span> <span class='ocrx_word' id='word_1_108' title='bbox 1171 1062 1345 1117; x_wconf 88' lang='lat' dir='ltr'><strong><em>matrimonio</em></strong></span> <span class='ocrx_word' id='word_1_109' title='bbox 1364 1061 1590 1132; x_wconf 86' lang='lat' dir='ltr'><strong><em>impedimentum</em></strong></span> <span class='ocrx_word' id='word_1_110' title='bbox 1614 1055 1751 1126; x_wconf 89' lang='lat' dir='ltr'><strong><em>objicitur.</em></strong></span> 
     </span>
     <span class='ocr_line' id='line_1_10' title="bbox 55 1142 1752 1220; baseline -0.005 -15"><span class='ocrx_word' id='word_1_111' title='bbox 55 1148 177 1220; x_wconf 85' lang='lat' dir='ltr'><strong><em>excipit,</em></strong></span> <span class='ocrx_word' id='word_1_112' title='bbox 206 1152 230 1201; x_wconf 89' lang='lat'><strong><em>1.</em></strong></span> <span class='ocrx_word' id='word_1_113' title='bbox 261 1147 337 1201; x_wconf 79' lang='lat' dir='ltr'><strong><em>eliud</em></strong></span> <span class='ocrx_word' id='word_1_114' title='bbox 367 1165 423 1202; x_wconf 91' lang='lat' dir='ltr'><strong><em>non</em></strong></span> <span class='ocrx_word' id='word_1_115' title='bbox 445 1146 541 1217; x_wconf 77' lang='lat' dir='ltr'><strong><em>sequi,</em></strong></span> <span class='ocrx_word' id='word_1_116' title='bbox 574 1164 635 1199; x_wconf 90' lang='lat' dir='ltr'><strong><em>eum</em></strong></span> <span class='ocrx_word' id='word_1_117' title='bbox 669 1144 907 1214; x_wconf 73' lang='lat' dir='ltr'><strong><em>inpedimentum.</em></strong></span> <span class='ocrx_word' id='word_1_118' title='bbox 920 1144 947 1197; x_wconf 80' lang='lat' dir='ltr'>A</span> <span class='ocrx_word' id='word_1_119' title='bbox 963 1144 1370 1220; x_wconf 83' lang='lat' dir='ltr'><strong><em>baptizante,·suscaptoribus,</em></strong></span> <span class='ocrx_word' id='word_1_120' title='bbox 1395 1152 1596 1202; x_wconf 84' lang='lat' dir='ltr'><strong><em>sacramentum</em></strong></span> <span class='ocrx_word' id='word_1_121' title='bbox 1611 1142 1752 1199; x_wconf 85' lang='lat' dir='ltr'><strong><em>confirma·</em></strong></span> 
     </span>
     <span class='ocr_line' id='line_1_11' title="bbox 52 1230 1752 1307; baseline -0.001 -23"><span class='ocrx_word' id='word_1_122' title='bbox 52 1234 236 1307; x_wconf 79' lang='lat' dir='ltr'><strong><em>ropnationis</em></strong></span> <span class='ocrx_word' id='word_1_123' title='bbox 255 1232 417 1303; x_wconf 85' lang='lat' dir='ltr'><strong><em>spiritualis</em></strong></span> <span class='ocrx_word' id='word_1_124' title='bbox 436 1251 493 1287; x_wconf 88' lang='lat' dir='ltr'><strong><em>non</em></strong></span> <span class='ocrx_word' id='word_1_125' title='bbox 505 1234 630 1302; x_wconf 86' lang='lat' dir='ltr'><strong><em>pendeat</em></strong></span> <span class='ocrx_word' id='word_1_126' title='bbox 643 1248 675 1287; x_wconf 82' lang='lat' dir='ltr'><strong><em>ee</em></strong></span> <span class='ocrx_word' id='word_1_127' title='bbox 684 1232 754 1301; x_wconf 83' lang='lat' dir='ltr'><strong><em>jure</em></strong></span> <span class='ocrx_word' id='word_1_128' title='bbox 766 1238 895 1293; x_wconf 71' lang='lat' dir='ltr'><strong><em>amurca,</em></strong></span> <span class='ocrx_word' id='word_1_129' title='bbox 920 1230 1003 1286; x_wconf 92' lang='lat' dir='ltr'><strong><em>tionis</em></strong></span> <span class='ocrx_word' id='word_1_130' title='bbox 1034 1234 1243 1289; x_wconf 86' lang='lat' dir='ltr'><strong><em>administrante</em></strong></span> <span class='ocrx_word' id='word_1_131' title='bbox 1269 1242 1322 1290; x_wconf 90' lang='lat' dir='ltr'><strong><em>etc.</em></strong></span> <span class='ocrx_word' id='word_1_132' title='bbox 1345 1233 1493 1304; x_wconf 79' lang='lat' dir='ltr'><strong><em>recipimus</em></strong></span> <span class='ocrx_word' id='word_1_133' title='bbox 1517 1248 1577 1287; x_wconf 89' lang='lat' dir='ltr'><strong><em>esse</em></strong></span> <span class='ocrx_word' id='word_1_134' title='bbox 1601 1230 1752 1303; x_wconf 90' lang='lat' dir='ltr'><strong><em>spirituale.</em></strong></span> 
     </span>
     <span class='ocr_line' id='line_1_12' title="bbox 55 1316 1752 1392; baseline -0.002 -17"><span class='ocrx_word' id='word_1_135' title='bbox 55 1323 112 1376; x_wconf 89' lang='lat' dir='ltr'><strong><em>sed</em></strong></span> <span class='ocrx_word' id='word_1_136' title='bbox 128 1338 162 1375; x_wconf 82' lang='lat' dir='ltr'><strong><em>es</em></strong></span> <span class='ocrx_word' id='word_1_137' title='bbox 178 1319 298 1374; x_wconf 86' lang='lat' dir='ltr'><strong><em>arbitrio</em></strong></span> <span class='ocrx_word' id='word_1_138' title='bbox 328 1318 468 1373; x_wconf 85' lang='lat' dir='ltr'><strong><em>ecelesiae.</em></strong></span> <span class='ocrx_word' id='word_1_139' title='bbox 515 1318 742 1388; x_wconf 81' lang='lat' dir='ltr'><strong><em>Respondemus:</em></strong></span> <span class='ocrx_word' id='word_1_140' title='bbox 776 1316 828 1372; x_wconf 92' lang='lat' dir='ltr'><strong><em>boc</em></strong></span> <span class='ocrx_word' id='word_1_141' title='bbox 854 1322 896 1371; x_wconf 89' lang='lat' dir='ltr'><strong><em>cst</em></strong></span> <span class='ocrx_word' id='word_1_142' title='bbox 921 1317 996 1390; x_wconf 86' lang='lat' dir='ltr'><strong><em>Ergo</em></strong></span> <span class='ocrx_word' id='word_1_143' title='bbox 1009 1320 1064 1374; x_wconf 91' lang='lat' dir='ltr'><strong><em>illis</em></strong></span> <span class='ocrx_word' id='word_1_144' title='bbox 1077 1321 1210 1376; x_wconf 89' lang='lat' dir='ltr'><strong><em>debemus</em></strong></span> <span class='ocrx_word' id='word_1_145' title='bbox 1222 1321 1391 1392; x_wconf 90' lang='lat' dir='ltr'><strong><em>peculiarem</em></strong></span> <span class='ocrx_word' id='word_1_146' title='bbox 1399 1320 1589 1386; x_wconf 81' lang='lat' dir='ltr'><strong><em>reverentiam,</em></strong></span> <span class='ocrx_word' id='word_1_147' title='bbox 1601 1325 1630 1375; x_wconf 91' lang='lat' dir='ltr'><strong><em>et</em></strong></span> <span class='ocrx_word' id='word_1_148' title='bbox 1640 1317 1752 1390; x_wconf 89' lang='lat' dir='ltr'><strong><em>quidem</em></strong></span> 
     </span>
     <span class='ocr_line' id='line_1_13' title="bbox 57 1402 1752 1481; baseline -0.003 -18"><span class='ocrx_word' id='word_1_149' title='bbox 57 1406 144 1463; x_wconf 51' lang='lat' dir='ltr'><strong><em>ebir</em></strong></span> <span class='ocrx_word' id='word_1_150' title='bbox 162 1403 233 1481; x_wconf 66' lang='lat' dir='ltr'><strong><em>cippi</em></strong></span> <span class='ocrx_word' id='word_1_151' title='bbox 250 1404 413 1479; x_wconf 71' lang='grc' dir='ltr'><strong><em>λαμβάνειν.</em></strong></span> <span class='ocrx_word' id='word_1_152' title='bbox 450 1404 581 1470; x_wconf 82' lang='lat' dir='ltr'><strong><em>Quaestio</em></strong></span> <span class='ocrx_word' id='word_1_153' title='bbox 596 1411 647 1473; x_wconf 88' lang='lat' dir='ltr'><strong><em>est,</em></strong></span> <span class='ocrx_word' id='word_1_154' title='bbox 666 1411 758 1459; x_wconf 87' lang='lat' dir='ltr'><strong><em>utrum</em></strong></span> <span class='ocrx_word' id='word_1_155' title='bbox 779 1402 896 1459; x_wconf 87' lang='lat' dir='ltr'><strong><em>eeclesia</em></strong></span> <span class='ocrx_word' id='word_1_156' title='bbox 920 1406 1012 1474; x_wconf 91' lang='lat' dir='ltr'><strong><em>talem,</em></strong></span> <span class='ocrx_word' id='word_1_157' title='bbox 1031 1422 1103 1476; x_wconf 91' lang='lat' dir='ltr'><strong><em>quae</em></strong></span> <span class='ocrx_word' id='word_1_158' title='bbox 1121 1406 1294 1463; x_wconf 90' lang='lat' dir='ltr'><strong><em>matrimonio</em></strong></span> <span class='ocrx_word' id='word_1_159' title='bbox 1313 1407 1541 1479; x_wconf 88' lang='lat' dir='ltr'><strong><em>impedimentum</em></strong></span> <span class='ocrx_word' id='word_1_160' title='bbox 1560 1405 1664 1477; x_wconf 90' lang='lat' dir='ltr'><strong><em>objicit.</em></strong></span> <span class='ocrx_word' id='word_1_161' title='bbox 1697 1403 1752 1459; x_wconf 86' lang='lat' dir='ltr'><strong><em>Sed</em></strong></span> 
     </span>
     <span class='ocr_line' id='line_1_14' title="bbox 59 1490 1751 1566; baseline -0.003 -17"><span class='ocrx_word' id='word_1_162' title='bbox 59 1496 198 1561; x_wconf 88' lang='lat' dir='ltr'><strong><em>Romana,</em></strong></span> <span class='ocrx_word' id='word_1_163' title='bbox 215 1492 269 1547; x_wconf 89' lang='lat' dir='ltr'><strong><em>hoc</em></strong></span> <span class='ocrx_word' id='word_1_164' title='bbox 288 1499 331 1548; x_wconf 89' lang='lat' dir='ltr'><strong><em>ast</em></strong></span> <span class='ocrx_word' id='word_1_165' title='bbox 349 1492 473 1562; x_wconf 78' lang='lat' dir='ltr'><strong><em>pontifex</em></strong></span> <span class='ocrx_word' id='word_1_166' title='bbox 490 1492 642 1561; x_wconf 89' lang='lat' dir='ltr'><strong><em>Romanus,</em></strong></span> <span class='ocrx_word' id='word_1_167' title='bbox 659 1496 735 1546; x_wconf 91' lang='lat' dir='ltr'><strong><em>recte</em></strong></span> <span class='ocrx_word' id='word_1_168' title='bbox 759 1490 895 1557; x_wconf 91' lang='lat' dir='ltr'><strong><em>statuerit,</em></strong></span> <span class='ocrx_word' id='word_1_169' title='bbox 910 1491 950 1545; x_wconf 86' lang='lat' dir='ltr'><strong><em>.in</em></strong></span> <span class='ocrx_word' id='word_1_170' title='bbox 967 1491 1019 1547; x_wconf 89' lang='lat' dir='ltr'><strong><em>hoc</em></strong></span> <span class='ocrx_word' id='word_1_171' title='bbox 1038 1502 1201 1565; x_wconf 90' lang='lat' dir='ltr'><strong><em>argumento</em></strong></span> <span class='ocrx_word' id='word_1_172' title='bbox 1219 1509 1355 1566; x_wconf 84' lang='lat' dir='ltr'><strong><em>negamus</em></strong></span> <span class='ocrx_word' id='word_1_173' title='bbox 1374 1495 1514 1566; x_wconf 87' lang='lat' dir='ltr'><strong><em>maj0rem,</em></strong></span> <span class='ocrx_word' id='word_1_174' title='bbox 1533 1493 1556 1548; x_wconf 94' lang='lat' dir='ltr'><strong><em>si</em></strong></span> <span class='ocrx_word' id='word_1_175' title='bbox 1576 1492 1620 1549; x_wconf 78' lang='lat' dir='ltr'><strong><em>vel</em></strong></span> <span class='ocrx_word' id='word_1_176' title='bbox 1632 1492 1751 1546; x_wconf 89' lang='lat' dir='ltr'><strong><em>maxime</em></strong></span> 
     </span>
     <span class='ocr_line' id='line_1_15' title="bbox 61 1575 1752 1653; baseline -0.002 -17"><span class='ocrx_word' id='word_1_177' title='bbox 61 1576 262 1653; x_wconf 76' lang='lat' dir='ltr'><strong><em>cognationem</em></strong></span> <span class='ocrx_word' id='word_1_178' title='bbox 281 1579 452 1649; x_wconf 87' lang='lat' dir='ltr'><strong><em>spiritualem</em></strong></span> <span class='ocrx_word' id='word_1_179' title='bbox 470 1579 573 1634; x_wconf 89' lang='lat' dir='ltr'><strong><em>debere</em></strong></span> <span class='ocrx_word' id='word_1_180' title='bbox 591 1578 817 1648; x_wconf 84' lang='lat' dir='ltr'><strong><em>impedimentum</em></strong></span> <span class='ocrx_word' id='word_1_181' title='bbox 846 1575 894 1629; x_wconf 93' lang='lat' dir='ltr'><strong><em>ali·</em></strong></span> <span class='ocrx_word' id='word_1_182' title='bbox 920 1577 949 1631; x_wconf 92' lang='lat' dir='ltr'><strong><em>in</em></strong></span> <span class='ocrx_word' id='word_1_183' title='bbox 974 1578 1077 1633; x_wconf 88' lang='lat' dir='ltr'><strong><em>minore</em></strong></span> <span class='ocrx_word' id='word_1_184' title='bbox 1102 1580 1193 1635; x_wconf 88' lang='lat' dir='ltr'><strong><em>omnia</em></strong></span> <span class='ocrx_word' id='word_1_185' title='bbox 1212 1586 1288 1635; x_wconf 91' lang='lat' dir='ltr'><strong><em>reete</em></strong></span> <span class='ocrx_word' id='word_1_186' title='bbox 1315 1579 1457 1636; x_wconf 89' lang='lat' dir='ltr'><strong><em>haberent.</em></strong></span> <span class='ocrx_word' id='word_1_187' title='bbox 1506 1586 1529 1635; x_wconf 89' lang='lat'><strong><em>3.</em></strong></span> <span class='ocrx_word' id='word_1_188' title='bbox 1549 1580 1622 1637; x_wconf 85' lang='lat' dir='ltr'><strong><em>Nam</em></strong></span> <span class='ocrx_word' id='word_1_189' title='bbox 1642 1593 1752 1651; x_wconf 89' lang='lat' dir='ltr'><strong><em>regene-</em></strong></span> 
     </span>
     <span class='ocr_line' id='line_1_16' title="bbox 58 1662 1752 1740; baseline -0.001 -18"><span class='ocrx_word' id='word_1_190' title='bbox 58 1668 137 1740; x_wconf 90' lang='lat' dir='ltr'><strong><em>quod</em></strong></span> <span class='ocrx_word' id='word_1_191' title='bbox 156 1664 360 1722; x_wconf 86' lang='lat' dir='ltr'><strong><em>matrimonium</em></strong></span> <span class='ocrx_word' id='word_1_192' title='bbox 381 1664 608 1720; x_wconf 87' lang='lat' dir='ltr'><strong><em>contrahentibus</em></strong></span> <span class='ocrx_word' id='word_1_193' title='bbox 621 1663 761 1735; x_wconf 78' lang='lat' dir='ltr'><strong><em>objicere?</em></strong></span> <span class='ocrx_word' id='word_1_194' title='bbox 791 1662 893 1717; x_wconf 89' lang='lat' dir='ltr'><strong><em>Bellar·</em></strong></span> <span class='ocrx_word' id='word_1_195' title='bbox 921 1664 1034 1720; x_wconf 91' lang='lat' dir='ltr'><strong><em>rationis</em></strong></span> <span class='ocrx_word' id='word_1_196' title='bbox 1060 1672 1089 1721; x_wconf 93' lang='lat' dir='ltr'><strong><em>et</em></strong></span> <span class='ocrx_word' id='word_1_197' title='bbox 1115 1666 1301 1722; x_wconf 86' lang='lat' dir='ltr'><strong><em>renovationis</em></strong></span> <span class='ocrx_word' id='word_1_198' title='bbox 1327 1665 1510 1735; x_wconf 88' lang='lat' dir='ltr'><strong><em>beneficium,</em></strong></span> <span class='ocrx_word' id='word_1_199' title='bbox 1533 1682 1583 1721; x_wconf 86' lang='lat' dir='ltr'><strong><em>seu</em></strong></span> <span class='ocrx_word' id='word_1_200' title='bbox 1602 1672 1633 1720; x_wconf 94' lang='lat' dir='ltr'><strong><em>ut</em></strong></span> <span class='ocrx_word' id='word_1_201' title='bbox 1648 1664 1752 1721; x_wconf 84' lang='lat' dir='ltr'><strong><em>Bellar-</em></strong></span> 
     </span>
     <span class='ocr_line' id='line_1_17' title="bbox 59 1750 1753 1824; baseline -0.002 -15"><span class='ocrx_word' id='word_1_202' title='bbox 59 1754 153 1809; x_wconf 90' lang='lat' dir='ltr'><strong><em>minus</em></strong></span> <span class='ocrx_word' id='word_1_203' title='bbox 176 1752 311 1815; x_wconf 82' lang='lat' dir='ltr'><strong><em>affirmat,</em></strong></span> <span class='ocrx_word' id='word_1_204' title='bbox 338 1751 404 1823; x_wconf 88' lang='lat' dir='ltr'><strong><em>quia</em></strong></span> <span class='ocrx_word' id='word_1_205' title='bbox 427 1752 544 1806; x_wconf 85' lang='lat' dir='ltr'><strong><em>ecelesia</em></strong></span> <span class='ocrx_word' id='word_1_206' title='bbox 570 1751 638 1806; x_wconf 93' lang='lat' dir='ltr'><strong><em>illud</em></strong></span> <span class='ocrx_word' id='word_1_207' title='bbox 658 1751 770 1816; x_wconf 85' lang='lat' dir='ltr'><strong><em>statuit,</em></strong></span> <span class='ocrx_word' id='word_1_208' title='bbox 797 1756 826 1803; x_wconf 91' lang='lat' dir='ltr'><strong><em>at</em></strong></span> <span class='ocrx_word' id='word_1_209' title='bbox 845 1751 1012 1819; x_wconf 84' lang='lat' dir='ltr'><strong><em>pro¹minus</em></strong></span> <span class='ocrx_word' id='word_1_210' title='bbox 1036 1752 1170 1822; x_wconf 90' lang='lat' dir='ltr'><strong><em>loquitur,</em></strong></span> <span class='ocrx_word' id='word_1_211' title='bbox 1197 1770 1255 1808; x_wconf 90' lang='lat' dir='ltr'><strong><em>esse</em></strong></span> <span class='ocrx_word' id='word_1_212' title='bbox 1277 1755 1430 1824; x_wconf 80' lang='lat' dir='ltr'><strong><em>spirituale</em></strong></span> <span class='ocrx_word' id='word_1_213' title='bbox 1452 1770 1507 1810; x_wconf 90' lang='lat' dir='ltr'><strong><em>non</em></strong></span> <span class='ocrx_word' id='word_1_214' title='bbox 1531 1753 1621 1808; x_wconf 91' lang='lat' dir='ltr'><strong><em>solum</em></strong></span> <span class='ocrx_word' id='word_1_215' title='bbox 1639 1770 1689 1823; x_wconf 91' lang='lat' dir='ltr'><strong><em>per</em></strong></span> <span class='ocrx_word' id='word_1_216' title='bbox 1706 1750 1753 1805; x_wconf 89' lang='lat' dir='ltr'><strong><em>ba·</em></strong></span> 
     </span>
     <span class='ocr_line' id='line_1_18' title="bbox 59 1835 1752 1911; baseline 0 -18"><span class='ocrx_word' id='word_1_217' title='bbox 59 1856 128 1895; x_wconf 80' lang='lat' dir='ltr'><strong><em>vero</em></strong></span> <span class='ocrx_word' id='word_1_218' title='bbox 144 1856 228 1895; x_wconf 77' lang='lat' dir='ltr'><strong><em>verae</em></strong></span> <span class='ocrx_word' id='word_1_219' title='bbox 246 1838 379 1894; x_wconf 88' lang='lat' dir='ltr'><strong><em>eeclesias</em></strong></span> <span class='ocrx_word' id='word_1_220' title='bbox 398 1837 509 1893; x_wconf 84' lang='lat' dir='ltr'><strong><em>decreto</em></strong></span> <span class='ocrx_word' id='word_1_221' title='bbox 528 1837 668 1908; x_wconf 88' lang='lat' dir='ltr'><strong><em>acceptari</em></strong></span> <span class='ocrx_word' id='word_1_222' title='bbox 685 1836 799 1908; x_wconf 91' lang='lat' dir='ltr'><strong><em>nequit,</em></strong></span> <span class='ocrx_word' id='word_1_223' title='bbox 818 1835 892 1907; x_wconf 91' lang='lat' dir='ltr'><strong><em>quod</em></strong></span> <span class='ocrx_word' id='word_1_224' title='bbox 922 1837 1017 1907; x_wconf 88' lang='lat' dir='ltr'><strong><em>ptismi</em></strong></span> <span class='ocrx_word' id='word_1_225' title='bbox 1035 1837 1316 1907; x_wconf 87' lang='lat' dir='ltr'><strong><em>administrationem,</em></strong></span> <span class='ocrx_word' id='word_1_226' title='bbox 1339 1839 1388 1894; x_wconf 90' lang='lat' dir='ltr'><strong><em>sed</em></strong></span> <span class='ocrx_word' id='word_1_227' title='bbox 1409 1839 1491 1894; x_wconf 89' lang='lat' dir='ltr'><strong><em>etiam</em></strong></span> <span class='ocrx_word' id='word_1_228' title='bbox 1509 1857 1559 1911; x_wconf 90' lang='lat' dir='ltr'><strong><em>per</em></strong></span> <span class='ocrx_word' id='word_1_229' title='bbox 1578 1838 1656 1894; x_wconf 85' lang='lat' dir='ltr'><strong><em>verbi</em></strong></span> <span class='ocrx_word' id='word_1_230' title='bbox 1674 1853 1752 1909; x_wconf 90' lang='lat' dir='ltr'><strong><em>prae·</em></strong></span> 
     </span>
     <span class='ocr_line' id='line_1_19' title="bbox 62 1922 1752 1997; baseline -0.001 -16"><span class='ocrx_word' id='word_1_231' title='bbox 62 1926 187 1997; x_wconf 85' lang='lat' dir='ltr'><strong><em>pontifex</em></strong></span> <span class='ocrx_word' id='word_1_232' title='bbox 205 1941 256 1981; x_wconf 92' lang='lat' dir='ltr'><strong><em>suo</em></strong></span> <span class='ocrx_word' id='word_1_233' title='bbox 274 1923 389 1979; x_wconf 87' lang='lat' dir='ltr'><strong><em>arbitrio</em></strong></span> <span class='ocrx_word' id='word_1_234' title='bbox 408 1923 507 1979; x_wconf 91' lang='lat' dir='ltr'><strong><em>ductus</em></strong></span> <span class='ocrx_word' id='word_1_235' title='bbox 526 1940 581 1978; x_wconf 89' lang='lat' dir='ltr'><strong><em>uon</em></strong></span> <span class='ocrx_word' id='word_1_236' title='bbox 601 1922 708 1978; x_wconf 87' lang='lat' dir='ltr'><strong><em>ratione</em></strong></span> <span class='ocrx_word' id='word_1_237' title='bbox 727 1922 895 1993; x_wconf 89' lang='lat' dir='ltr'><strong><em>aliquapro·</em></strong></span> <span class='ocrx_word' id='word_1_238' title='bbox 924 1922 1089 1980; x_wconf 87' lang='lat' dir='ltr'><strong><em>dicationem</em></strong></span> <span class='ocrx_word' id='word_1_239' title='bbox 1107 1925 1188 1980; x_wconf 89' lang='lat' dir='ltr'><strong><em>nobis</em></strong></span> <span class='ocrx_word' id='word_1_240' title='bbox 1201 1926 1349 1995; x_wconf 83' lang='lat' dir='ltr'><strong><em>confertur,</em></strong></span> <span class='ocrx_word' id='word_1_241' title='bbox 1369 1931 1400 1979; x_wconf 91' lang='lat' dir='ltr'><strong><em>ut</em></strong></span> <span class='ocrx_word' id='word_1_242' title='bbox 1417 1942 1451 1981; x_wconf 87' lang='lat' dir='ltr'><strong><em>ex</em></strong></span> <span class='ocrx_word' id='word_1_243' title='bbox 1464 1926 1546 1981; x_wconf 87' lang='lat' dir='ltr'><strong><em>dietis</em></strong></span> <span class='ocrx_word' id='word_1_244' title='bbox 1563 1930 1649 1997; x_wconf 90' lang='lat' dir='ltr'><strong><em>patet.</em></strong></span> <span class='ocrx_word' id='word_1_245' title='bbox 1683 1922 1752 1979; x_wconf 86' lang='lat' dir='ltr'><strong><em>Con·</em></strong></span> 
     </span>
     <span class='ocr_line' id='line_1_20' title="bbox 63 2008 1753 2085; baseline -0.001 -18"><span class='ocrx_word' id='word_1_246' title='bbox 63 2011 152 2069; x_wconf 89' lang='lat' dir='ltr'><strong><em>babili</em></strong></span> <span class='ocrx_word' id='word_1_247' title='bbox 185 2016 326 2082; x_wconf 87' lang='lat' dir='ltr'><strong><em>permotus</em></strong></span> <span class='ocrx_word' id='word_1_248' title='bbox 357 2010 462 2065; x_wconf 88' lang='lat' dir='ltr'><strong><em>statuit.</em></strong></span> <span class='ocrx_word' id='word_1_249' title='bbox 515 2009 595 2065; x_wconf 90' lang='lat' dir='ltr'><strong><em>Vidit</em></strong></span> <span class='ocrx_word' id='word_1_250' title='bbox 622 2008 675 2064; x_wconf 89' lang='lat' dir='ltr'><strong><em>boc</em></strong></span> <span class='ocrx_word' id='word_1_251' title='bbox 702 2008 895 2072; x_wconf 86' lang='lat' dir='ltr'><strong><em>Bellarmiuus,</em></strong></span> <span class='ocrx_word' id='word_1_252' title='bbox 922 2026 1040 2081; x_wconf 86' lang='lat' dir='ltr'><strong><em>sequens</em></strong></span> <span class='ocrx_word' id='word_1_253' title='bbox 1064 2011 1149 2083; x_wconf 88' lang='lat' dir='ltr'><strong><em>igitur</em></strong></span> <span class='ocrx_word' id='word_1_254' title='bbox 1174 2012 1261 2082; x_wconf 82' lang='lat' dir='ltr'><strong><em>toret,</em></strong></span> <span class='ocrx_word' id='word_1_255' title='bbox 1287 2030 1348 2081; x_wconf 88' lang='lat' dir='ltr'><strong><em>eoa,</em></strong></span> <span class='ocrx_word' id='word_1_256' title='bbox 1375 2013 1423 2085; x_wconf 93' lang='lat' dir='ltr'><strong><em>qui</em></strong></span> <span class='ocrx_word' id='word_1_257' title='bbox 1450 2013 1565 2069; x_wconf 86' lang='lat' dir='ltr'><strong><em>verbum</em></strong></span> <span class='ocrx_word' id='word_1_258' title='bbox 1582 2011 1753 2083; x_wconf 85' lang='lat' dir='ltr'><strong><em>praedicant,</em></strong></span> 
     </span>
     <span class='ocr_line' id='line_1_21' title="bbox 61 2094 1753 2167; baseline 0.001 -16"><span class='ocrx_word' id='word_1_259' title='bbox 61 2098 127 2154; x_wconf 91' lang='lat' dir='ltr'><strong><em>ideo</em></strong></span> <span class='ocrx_word' id='word_1_260' title='bbox 146 2097 182 2152; x_wconf 91' lang='lat' dir='ltr'><strong><em>ad</em></strong></span> <span class='ocrx_word' id='word_1_261' title='bbox 203 2096 285 2152; x_wconf 89' lang='lat' dir='ltr'><strong><em>aliam</em></strong></span> <span class='ocrx_word' id='word_1_262' title='bbox 304 2095 494 2167; x_wconf 87' lang='lat' dir='ltr'><strong><em>exceptionem</em></strong></span> <span class='ocrx_word' id='word_1_263' title='bbox 512 2095 651 2166; x_wconf 73' lang='lat' dir='ltr'><strong><em>confugit,</em></strong></span> <span class='ocrx_word' id='word_1_264' title='bbox 681 2094 762 2149; x_wconf 90' lang='lat' dir='ltr'><strong><em>addit</em></strong></span> <span class='ocrx_word' id='word_1_265' title='bbox 782 2094 854 2149; x_wconf 90' lang='lat' dir='ltr'><strong><em>enim</em></strong></span> <span class='ocrx_word' id='word_1_266' title='bbox 872 2098 896 2148; x_wconf 80' lang='lat'><strong>2.</strong></span> <span class='ocrx_word' id='word_1_267' title='bbox 922 2114 978 2151; x_wconf 91' lang='lat' dir='ltr'><strong><em>non</em></strong></span> <span class='ocrx_word' id='word_1_268' title='bbox 1010 2112 1091 2167; x_wconf 89' lang='lat' dir='ltr'><strong><em>posse</em></strong></span> <span class='ocrx_word' id='word_1_269' title='bbox 1121 2097 1206 2152; x_wconf 92' lang='lat' dir='ltr'><strong><em>ullam</em></strong></span> <span class='ocrx_word' id='word_1_270' title='bbox 1240 2114 1273 2153; x_wconf 85' lang='lat' dir='ltr'><strong><em>ex</em></strong></span> <span class='ocrx_word' id='word_1_271' title='bbox 1304 2098 1477 2154; x_wconf 87' lang='lat' dir='ltr'><strong><em>auditoribus</em></strong></span> <span class='ocrx_word' id='word_1_272' title='bbox 1505 2097 1616 2153; x_wconf 84' lang='lat' dir='ltr'><strong><em>suisio</em></strong></span> <span class='ocrx_word' id='word_1_273' title='bbox 1641 2114 1753 2153; x_wconf 89' lang='lat' dir='ltr'><strong><em>uxorem</em></strong></span> 
     </span>
     <span class='ocr_line' id='line_1_22' title="bbox 61 2178 1753 2256; baseline 0 -17"><span class='ocrx_word' id='word_1_274' title='bbox 61 2192 95 2239; x_wconf 92' lang='lat' dir='ltr'><strong><em>ut</em></strong></span> <span class='ocrx_word' id='word_1_275' title='bbox 114 2184 232 2238; x_wconf 88' lang='lat' dir='ltr'><strong><em>ecclesia</em></strong></span> <span class='ocrx_word' id='word_1_276' title='bbox 251 2182 442 2253; x_wconf 88' lang='lat' dir='ltr'><strong><em>cognationem</em></strong></span> <span class='ocrx_word' id='word_1_277' title='bbox 460 2180 634 2252; x_wconf 89' lang='lat' dir='ltr'><strong><em>spiritualem</em></strong></span> <span class='ocrx_word' id='word_1_278' title='bbox 652 2198 706 2236; x_wconf 92' lang='lat' dir='ltr'><strong><em>non</em></strong></span> <span class='ocrx_word' id='word_1_279' title='bbox 732 2178 894 2251; x_wconf 86' lang='lat' dir='ltr'><strong><em>quamlibet,</em></strong></span> <span class='ocrx_word' id='word_1_280' title='bbox 924 2181 1033 2241; x_wconf 80' lang='lat' dir='ltr'><strong><em>ducere.</em></strong></span> <span class='ocrx_word' id='word_1_281' title='bbox 1084 2183 1236 2239; x_wconf 88' lang='lat' dir='ltr'><strong><em>Pontificiis</em></strong></span> <span class='ocrx_word' id='word_1_282' title='bbox 1261 2185 1375 2256; x_wconf 90' lang='lat' dir='ltr'><strong><em>quidem</em></strong></span> <span class='ocrx_word' id='word_1_283' title='bbox 1408 2184 1460 2241; x_wconf 89' lang='lat' dir='ltr'><strong><em>boc</em></strong></span> <span class='ocrx_word' id='word_1_284' title='bbox 1490 2202 1545 2241; x_wconf 91' lang='lat' dir='ltr'><strong><em>non</em></strong></span> <span class='ocrx_word' id='word_1_285' title='bbox 1575 2184 1685 2240; x_wconf 82' lang='lat' dir='ltr'><strong><em>videtur</em></strong></span> <span class='ocrx_word' id='word_1_286' title='bbox 1706 2184 1753 2239; x_wconf 89' lang='lat' dir='ltr'><strong><em>ab·</em></strong></span> 
     </span>
     <span class='ocr_line' id='line_1_23' title="bbox 60 2265 1753 2341; baseline -0.002 -16"><span class='ocrx_word' id='word_1_287' title='bbox 60 2272 113 2329; x_wconf 88' lang='lat' dir='ltr'><strong><em>sed</em></strong></span> <span class='ocrx_word' id='word_1_288' title='bbox 134 2287 194 2326; x_wconf 90' lang='lat' dir='ltr'><strong><em>eam</em></strong></span> <span class='ocrx_word' id='word_1_289' title='bbox 211 2276 328 2336; x_wconf 87' lang='lat' dir='ltr'><strong><em>tantum,</em></strong></span> <span class='ocrx_word' id='word_1_290' title='bbox 348 2285 419 2338; x_wconf 83' lang='lat' dir='ltr'><strong><em>quae</em></strong></span> <span class='ocrx_word' id='word_1_291' title='bbox 437 2286 470 2321; x_wconf 82' lang='lat' dir='ltr'><strong><em>ca</em></strong></span> <span class='ocrx_word' id='word_1_292' title='bbox 489 2269 626 2335; x_wconf 89' lang='lat' dir='ltr'><strong><em>baptismo</em></strong></span> <span class='ocrx_word' id='word_1_293' title='bbox 644 2276 670 2321; x_wconf 86' lang='lat' dir='ltr'><strong><em>et</em></strong></span> <span class='ocrx_word' id='word_1_294' title='bbox 686 2265 898 2337; x_wconf 73' lang='lat' dir='ltr'><strong><em>confirmatione</em></strong></span> <span class='ocrx_word' id='word_1_295' title='bbox 924 2268 1053 2337; x_wconf 91' lang='lat' dir='ltr'><strong><em>surdum,</em></strong></span> <span class='ocrx_word' id='word_1_296' title='bbox 1079 2271 1128 2340; x_wconf 91' lang='lat' dir='ltr'><strong><em>qui</em></strong></span> <span class='ocrx_word' id='word_1_297' title='bbox 1153 2270 1278 2326; x_wconf 84' lang='lat' dir='ltr'><strong><em>fortassis</em></strong></span> <span class='ocrx_word' id='word_1_298' title='bbox 1304 2286 1338 2325; x_wconf 85' lang='lat' dir='ltr'><strong><em>ex</em></strong></span> <span class='ocrx_word' id='word_1_299' title='bbox 1364 2272 1416 2327; x_wconf 88' lang='lat' dir='ltr'><strong><em>hoc</em></strong></span> <span class='ocrx_word' id='word_1_300' title='bbox 1442 2271 1525 2327; x_wconf 88' lang='lat' dir='ltr'><strong><em>etiam</em></strong></span> <span class='ocrx_word' id='word_1_301' title='bbox 1550 2270 1685 2341; x_wconf 89' lang='lat' dir='ltr'><strong><em>principio</em></strong></span> <span class='ocrx_word' id='word_1_302' title='bbox 1703 2269 1753 2324; x_wconf 90' lang='lat' dir='ltr'><strong><em>toti</em></strong></span> 
     </span>
     <span class='ocr_line' id='line_1_24' title="bbox 61 2352 1754 2426; baseline -0.001 -13"><span class='ocrx_word' id='word_1_303' title='bbox 61 2359 164 2419; x_wconf 85' lang='lat' dir='ltr'><strong><em>oritur,</em></strong></span> <span class='ocrx_word' id='word_1_304' title='bbox 179 2356 406 2426; x_wconf 78' lang='lat' dir='ltr'><strong><em>impedimentum</em></strong></span> <span class='ocrx_word' id='word_1_305' title='bbox 422 2357 540 2421; x_wconf 74' lang='lat' dir='ltr'><strong><em>faceret,</em></strong></span> <span class='ocrx_word' id='word_1_306' title='bbox 558 2354 656 2408; x_wconf 75' lang='lat' dir='ltr'><strong><em>lsobuit</em></strong></span> <span class='ocrx_word' id='word_1_307' title='bbox 675 2370 790 2408; x_wconf 87' lang='lat' dir='ltr'><strong><em>causam</em></strong></span> <span class='ocrx_word' id='word_1_308' title='bbox 808 2352 898 2406; x_wconf 86' lang='lat' dir='ltr'><strong><em>ratio·</em></strong></span> <span class='ocrx_word' id='word_1_309' title='bbox 925 2354 1001 2411; x_wconf 88' lang='lat' dir='ltr'><strong><em>clero</em></strong></span> <span class='ocrx_word' id='word_1_310' title='bbox 1021 2356 1196 2411; x_wconf 89' lang='lat' dir='ltr'><strong><em>matrimonio</em></strong></span> <span class='ocrx_word' id='word_1_311' title='bbox 1216 2358 1418 2413; x_wconf 88' lang='lat' dir='ltr'><strong><em>interdixerunt</em></strong></span> <span class='ocrx_word' id='word_1_312' title='bbox 1435 2363 1464 2413; x_wconf 91' lang='lat' dir='ltr'><strong><em>et</em></strong></span> <span class='ocrx_word' id='word_1_313' title='bbox 1481 2357 1511 2412; x_wconf 93' lang='lat' dir='ltr'><strong><em>in</em></strong></span> <span class='ocrx_word' id='word_1_314' title='bbox 1528 2374 1552 2411; x_wconf 91' lang='lat' dir='ltr'><strong><em>c.</em></strong></span> <span class='ocrx_word' id='word_1_315' title='bbox 1590 2356 1692 2413; x_wconf 89' lang='lat' dir='ltr'><strong><em>Omnes</em></strong></span> <span class='ocrx_word' id='word_1_316' title='bbox 1712 2361 1754 2412; x_wconf 85' lang='lat'><strong>30.</strong></span> 
     </span>
     <span class='ocr_line' id='line_1_25' title="bbox 61 2439 1754 2514; baseline -0.002 -15"><span class='ocrx_word' id='word_1_317' title='bbox 61 2445 201 2505; x_wconf 78' lang='lat' dir='ltr'><strong><em>mbilem,</em></strong></span> <span class='ocrx_word' id='word_1_318' title='bbox 226 2442 294 2512; x_wconf 89' lang='lat' dir='ltr'><strong><em>quia</em></strong></span> <span class='ocrx_word' id='word_1_319' title='bbox 317 2460 387 2495; x_wconf 85' lang='lat' dir='ltr'><strong><em>unus</em></strong></span> <span class='ocrx_word' id='word_1_320' title='bbox 413 2442 448 2493; x_wconf 89' lang='lat' dir='ltr'><strong><em>ab</em></strong></span> <span class='ocrx_word' id='word_1_321' title='bbox 468 2442 528 2495; x_wconf 91' lang='lat' dir='ltr'><strong><em>alio</em></strong></span> <span class='ocrx_word' id='word_1_322' title='bbox 541 2441 644 2510; x_wconf 86' lang='lat' dir='ltr'><strong><em>recipit</em></strong></span> <span class='ocrx_word' id='word_1_323' title='bbox 669 2457 728 2494; x_wconf 89' lang='lat' dir='ltr'><strong><em>esse</em></strong></span> <span class='ocrx_word' id='word_1_324' title='bbox 746 2439 898 2510; x_wconf 84' lang='lat' dir='ltr'><strong><em>spirituale</em></strong></span> <span class='ocrx_word' id='word_1_325' title='bbox 924 2457 951 2511; x_wconf 92' lang='lat' dir='ltr'><strong><em>q.</em></strong></span> <span class='ocrx_word' id='word_1_326' title='bbox 973 2446 994 2497; x_wconf 93' lang='lat'><strong>1.</strong></span> <span class='ocrx_word' id='word_1_327' title='bbox 1022 2440 1205 2512; x_wconf 86' lang='lat' dir='ltr'><strong><em>Symmachus</em></strong></span> <span class='ocrx_word' id='word_1_328' title='bbox 1223 2460 1298 2514; x_wconf 89' lang='lat' dir='ltr'><strong><em>papa</em></strong></span> <span class='ocrx_word' id='word_1_329' title='bbox 1315 2460 1445 2514; x_wconf 87' lang='lat' dir='ltr'><strong><em>expresse</em></strong></span> <span class='ocrx_word' id='word_1_330' title='bbox 1456 2443 1562 2513; x_wconf 88' lang='lat' dir='ltr'><strong><em>statuit,</em></strong></span> <span class='ocrx_word' id='word_1_331' title='bbox 1582 2459 1754 2512; x_wconf 86' lang='lat' dir='ltr'><strong><em>omnesquae</em></strong></span> 
     </span>
     <span class='ocr_line' id='line_1_26' title="bbox 63 2524 1754 2601; baseline -0.001 -16"><span class='ocrx_word' id='word_1_332' title='bbox 63 2538 91 2585; x_wconf 86' lang='lat' dir='ltr'><strong><em>et</em></strong></span> <span class='ocrx_word' id='word_1_333' title='bbox 121 2531 186 2585; x_wconf 88' lang='lat' dir='ltr'><strong><em>ideo</em></strong></span> <span class='ocrx_word' id='word_1_334' title='bbox 219 2529 298 2583; x_wconf 81' lang='lat' dir='ltr'><strong><em>debet</em></strong></span> <span class='ocrx_word' id='word_1_335' title='bbox 329 2528 377 2581; x_wconf 91' lang='lat' dir='ltr'><strong><em>illi</em></strong></span> <span class='ocrx_word' id='word_1_336' title='bbox 402 2528 577 2597; x_wconf 86' lang='lat' dir='ltr'><strong><em>peculiarem</em></strong></span> <span class='ocrx_word' id='word_1_337' title='bbox 601 2526 797 2582; x_wconf 81' lang='lat' dir='ltr'><strong><em>reuerentiam.</em></strong></span> <span class='ocrx_word' id='word_1_338' title='bbox 843 2524 897 2581; x_wconf 87' lang='lat' dir='ltr'><strong><em>Re·</em></strong></span> <span class='ocrx_word' id='word_1_339' title='bbox 922 2527 953 2580; x_wconf 90' lang='lat' dir='ltr'><strong><em>in</em></strong></span> <span class='ocrx_word' id='word_1_340' title='bbox 974 2529 1149 2600; x_wconf 87' lang='lat' dir='ltr'><strong><em>poenitentia</em></strong></span> <span class='ocrx_word' id='word_1_341' title='bbox 1173 2530 1355 2601; x_wconf 77' lang='lat' dir='ltr'><strong><em>suscipiam,</em></strong></span> <span class='ocrx_word' id='word_1_342' title='bbox 1386 2531 1428 2584; x_wconf 89' lang='lat' dir='ltr'><strong><em>ita</em></strong></span> <span class='ocrx_word' id='word_1_343' title='bbox 1447 2547 1505 2584; x_wconf 87' lang='lat' dir='ltr'><strong><em>esse</em></strong></span> <span class='ocrx_word' id='word_1_344' title='bbox 1526 2530 1690 2600; x_wconf 83' lang='lat' dir='ltr'><strong><em>spirituales</em></strong></span> <span class='ocrx_word' id='word_1_345' title='bbox 1707 2546 1754 2583; x_wconf 88' lang='lat' dir='ltr'><strong><em>aa·</em></strong></span> 
     </span>
     <span class='ocr_line' id='line_1_27' title="bbox 44 2611 1756 2693; baseline -0.001 -22"><span class='ocrx_word' id='word_1_346' title='bbox 44 2618 247 2693; x_wconf 80' lang='lat' dir='ltr'><strong><em>spondemus:</em></strong></span> <span class='ocrx_word' id='word_1_347' title='bbox 276 2621 298 2672; x_wconf 95' lang='grc'><strong><em>1.</em></strong></span> <span class='ocrx_word' id='word_1_348' title='bbox 316 2614 372 2669; x_wconf 86' lang='lat' dir='ltr'><strong><em>Per</em></strong></span> <span class='ocrx_word' id='word_1_349' title='bbox 395 2611 427 2669; x_wconf 84' lang='lat' dir='ltr'><strong><em>rb</em></strong></span> <span class='ocrx_word' id='word_1_350' title='bbox 451 2630 510 2669; x_wconf 90' lang='lat' dir='ltr'><strong><em>esse</em></strong></span> <span class='ocrx_word' id='word_1_351' title='bbox 536 2612 687 2683; x_wconf 80' lang='lat' dir='ltr'><strong><em>spirituale</em></strong></span> <span class='ocrx_word' id='word_1_352' title='bbox 713 2612 897 2669; x_wconf 86' lang='lat' dir='ltr'><strong><em>Bellarminus</em></strong></span> <span class='ocrx_word' id='word_1_353' title='bbox 924 2621 999 2668; x_wconf 89' lang='lat' dir='ltr'><strong><em>stros</em></strong></span> <span class='ocrx_word' id='word_1_354' title='bbox 1021 2615 1113 2681; x_wconf 78' lang='lat' dir='ltr'><strong><em>filios,</em></strong></span> <span class='ocrx_word' id='word_1_355' title='bbox 1138 2623 1169 2669; x_wconf 86' lang='lat' dir='ltr'><strong><em>ut</em></strong></span> <span class='ocrx_word' id='word_1_356' title='bbox 1186 2616 1256 2685; x_wconf 88' lang='lat' dir='ltr'><strong><em>ipsi,</em></strong></span> <span class='ocrx_word' id='word_1_357' title='bbox 1285 2634 1353 2685; x_wconf 84' lang='lat' dir='ltr'><strong><em>quos</em></strong></span> <span class='ocrx_word' id='word_1_358' title='bbox 1374 2617 1418 2671; x_wconf 87' lang='lat' dir='ltr'><strong><em>oei</em></strong></span> <span class='ocrx_word' id='word_1_359' title='bbox 1436 2617 1516 2671; x_wconf 89' lang='lat' dir='ltr'><strong><em>nobis</em></strong></span> <span class='ocrx_word' id='word_1_360' title='bbox 1542 2616 1756 2689; x_wconf 78' lang='lat' dir='ltr'><strong><em>mcipieatibus</em></strong></span> 
     </span>
     <span class='ocr_line' id='line_1_28' title="bbox 65 2699 1756 2774; baseline -0.002 -15"><span class='ocrx_word' id='word_1_361' title='bbox 65 2704 152 2760; x_wconf 92' lang='lat' dir='ltr'><strong><em>dubio</em></strong></span> <span class='ocrx_word' id='word_1_362' title='bbox 174 2701 271 2774; x_wconf 86' lang='lat' dir='ltr'><strong><em>procul</em></strong></span> <span class='ocrx_word' id='word_1_363' title='bbox 298 2700 430 2773; x_wconf 84' lang='lat' dir='ltr'><strong><em>iutelligit</em></strong></span> <span class='ocrx_word' id='word_1_364' title='bbox 454 2699 572 2755; x_wconf 89' lang='lat' dir='ltr'><strong><em>bominis</em></strong></span> <span class='ocrx_word' id='word_1_365' title='bbox 600 2700 836 2772; x_wconf 89' lang='lat' dir='ltr'><strong><em>regenerationem</em></strong></span> <span class='ocrx_word' id='word_1_366' title='bbox 864 2715 898 2753; x_wconf 85' lang='lat' dir='ltr'><strong><em>ac</em></strong></span> <span class='ocrx_word' id='word_1_367' title='bbox 922 2700 968 2755; x_wconf 87' lang='lat' dir='ltr'><strong><em>uel</em></strong></span> <span class='ocrx_word' id='word_1_368' title='bbox 985 2702 1036 2754; x_wconf 91' lang='lat' dir='ltr'><strong><em>sub</em></strong></span> <span class='ocrx_word' id='word_1_369' title='bbox 1054 2702 1147 2755; x_wconf 91' lang='lat' dir='ltr'><strong><em>trinae</em></strong></span> <span class='ocrx_word' id='word_1_370' title='bbox 1164 2703 1313 2757; x_wconf 74' lang='lat' dir='ltr'><strong><em>mersionis</em></strong></span> <span class='ocrx_word' id='word_1_371' title='bbox 1328 2702 1661 2772; x_wconf 79' lang='lat' dir='ltr'><strong><em>rocssbutomerpentibus</em></strong></span> <span class='ocrx_word' id='word_1_372' title='bbox 1677 2704 1756 2757; x_wconf 87' lang='lat' dir='ltr'><strong><em>unda</em></strong></span> 
     </span>
     <span class='ocr_line' id='line_1_29' title="bbox 65 2786 1755 2861; baseline -0.001 -16"><span class='ocrx_word' id='word_1_373' title='bbox 65 2789 284 2851; x_wconf 86' lang='lat' dir='ltr'><strong><em>renovationem,</em></strong></span> <span class='ocrx_word' id='word_1_374' title='bbox 314 2805 365 2861; x_wconf 92' lang='lat' dir='ltr'><strong><em>per</em></strong></span> <span class='ocrx_word' id='word_1_375' title='bbox 388 2803 471 2859; x_wconf 89' lang='lat' dir='ltr'><strong><em>quam</em></strong></span> <span class='ocrx_word' id='word_1_376' title='bbox 496 2803 529 2841; x_wconf 85' lang='lat' dir='ltr'><strong><em>ex</em></strong></span> <span class='ocrx_word' id='word_1_377' title='bbox 553 2792 629 2841; x_wconf 85' lang='lat' dir='ltr'><strong><em>statu</em></strong></span> <span class='ocrx_word' id='word_1_378' title='bbox 656 2786 714 2841; x_wconf 89' lang='lat' dir='ltr'><strong><em>irae</em></strong></span> <span class='ocrx_word' id='word_1_379' title='bbox 733 2786 898 2841; x_wconf 88' lang='lat' dir='ltr'><strong><em>transfertur</em></strong></span> <span class='ocrx_word' id='word_1_380' title='bbox 923 2788 1001 2841; x_wconf 86' lang='lat' dir='ltr'><strong><em>sueri</em></strong></span> <span class='ocrx_word' id='word_1_381' title='bbox 1018 2789 1195 2859; x_wconf 72' lang='lat' dir='ltr'><strong><em>baptismatis</em></strong></span> <span class='ocrx_word' id='word_1_382' title='bbox 1214 2790 1436 2860; x_wconf 82' lang='lat' dir='ltr'><strong><em>repenaraoitac</em></strong></span> <span class='ocrx_word' id='word_1_383' title='bbox 1451 2789 1574 2859; x_wconf 80' lang='lat' dir='ltr'><strong><em>proinde</em></strong></span> <span class='ocrx_word' id='word_1_384' title='bbox 1586 2807 1618 2842; x_wconf 82' lang='lat' dir='ltr'><strong><em>ee</em></strong></span> <span class='ocrx_word' id='word_1_385' title='bbox 1630 2789 1755 2843; x_wconf 87' lang='lat' dir='ltr'><strong><em>instituto</em></strong></span> 
     </span>
     <span class='ocr_line' id='line_1_30' title="bbox 66 2872 1756 2947; baseline -0.002 -14"><span class='ocrx_word' id='word_1_386' title='bbox 66 2878 95 2933; x_wconf 90' lang='lat' dir='ltr'><strong><em>in</em></strong></span> <span class='ocrx_word' id='word_1_387' title='bbox 119 2881 222 2931; x_wconf 89' lang='lat' dir='ltr'><strong><em>statum</em></strong></span> <span class='ocrx_word' id='word_1_388' title='bbox 248 2875 366 2947; x_wconf 59' lang='lat' dir='ltr'><strong><em>getiae,</em></strong></span> <span class='ocrx_word' id='word_1_389' title='bbox 396 2874 470 2929; x_wconf 87' lang='lat' dir='ltr'><strong><em>iilius</em></strong></span> <span class='ocrx_word' id='word_1_390' title='bbox 489 2874 543 2929; x_wconf 87' lang='lat' dir='ltr'><strong><em>Dei</em></strong></span> <span class='ocrx_word' id='word_1_391' title='bbox 568 2874 759 2940; x_wconf 67' lang='lat' dir='ltr'><strong><em>consumitur,</em></strong></span> <span class='ocrx_word' id='word_1_392' title='bbox 792 2872 898 2944; x_wconf 82' lang='lat' dir='ltr'><strong><em>Spiritu</em></strong></span> <span class='ocrx_word' id='word_1_393' title='bbox 925 2873 1064 2944; x_wconf 81' lang='lat' dir='ltr'><strong><em>Spluestri</em></strong></span> <span class='ocrx_word' id='word_1_394' title='bbox 1079 2876 1299 2940; x_wconf 77' lang='lat' dir='ltr'><strong><em>fornicationem</em></strong></span> <span class='ocrx_word' id='word_1_395' title='bbox 1314 2893 1380 2943; x_wconf 89' lang='lat' dir='ltr'><strong><em>esse,</em></strong></span> <span class='ocrx_word' id='word_1_396' title='bbox 1398 2878 1425 2930; x_wconf 91' lang='lat' dir='ltr'><strong><em>si</em></strong></span> <span class='ocrx_word' id='word_1_397' title='bbox 1441 2876 1504 2945; x_wconf 84' lang='lat' dir='ltr'><strong><em>quie</em></strong></span> <span class='ocrx_word' id='word_1_398' title='bbox 1521 2877 1665 2945; x_wconf 79' lang='lat' dir='ltr'><strong><em>adfiliam</em></strong></span> <span class='ocrx_word' id='word_1_399' title='bbox 1676 2893 1756 2930; x_wconf 89' lang='lat' dir='ltr'><strong><em>suam</em></strong></span> 
     </span>
     <span class='ocr_line' id='line_1_31' title="bbox 70 2950 1754 3031; baseline -0.001 -12"><span class='ocrx_word' id='word_1_400' title='bbox 70 2972 165 3019; x_wconf 88' lang='lat' dir='ltr'><strong><em>sancto</em></strong></span> <span class='ocrx_word' id='word_1_401' title='bbox 195 2963 314 3019; x_wconf 91' lang='lat' dir='ltr'><strong><em>donatur</em></strong></span> <span class='ocrx_word' id='word_1_402' title='bbox 342 2967 372 3017; x_wconf 91' lang='lat' dir='ltr'><strong><em>et</em></strong></span> <span class='ocrx_word' id='word_1_403' title='bbox 399 2961 479 3017; x_wconf 89' lang='lat' dir='ltr'><strong><em>beree</em></strong></span> <span class='ocrx_word' id='word_1_404' title='bbox 504 2950 579 3017; x_wconf 80' lang='lat' dir='ltr'><strong><em>vitae</em></strong></span> <span class='ocrx_word' id='word_1_405' title='bbox 607 2967 735 3016; x_wconf 86' lang='lat' dir='ltr'><strong><em>aeternae</em></strong></span> <span class='ocrx_word' id='word_1_406' title='bbox 759 2960 897 3015; x_wconf 87' lang='lat' dir='ltr'><strong><em>scribitur.</em></strong></span> <span class='ocrx_word' id='word_1_407' title='bbox 920 2962 1152 3031; x_wconf 87' lang='lat' dir='ltr'><strong><em>poenitentialem</em></strong></span> <span class='ocrx_word' id='word_1_408' title='bbox 1170 2966 1297 3022; x_wconf 86' lang='lat' dir='ltr'><strong><em>accedat.</em></strong></span> <span class='ocrx_word' id='word_1_409' title='bbox 1344 2964 1399 3021; x_wconf 91' lang='lat' dir='ltr'><strong><em>Sed</em></strong></span> <span class='ocrx_word' id='word_1_410' title='bbox 1417 2963 1572 3019; x_wconf 86' lang='lat' dir='ltr'><strong><em>libertatem</em></strong></span> <span class='ocrx_word' id='word_1_411' title='bbox 1590 2962 1754 3018; x_wconf 88' lang='lat' dir='ltr'><strong><em>matrimonii</em></strong></span> 
     </span>
     <span class='ocr_line' id='line_1_32' title="bbox 66 3046 1756 3122; baseline -0.001 -16"><span class='ocrx_word' id='word_1_412' title='bbox 66 3050 147 3106; x_wconf 91' lang='lat' dir='ltr'><strong><em>illius</em></strong></span> <span class='ocrx_word' id='word_1_413' title='bbox 167 3049 383 3122; x_wconf 87' lang='lat' dir='ltr'><strong><em>regenerationis</em></strong></span> <span class='ocrx_word' id='word_1_414' title='bbox 408 3066 441 3104; x_wconf 90' lang='lat' dir='ltr'><strong><em>ae</em></strong></span> <span class='ocrx_word' id='word_1_415' title='bbox 464 3048 651 3103; x_wconf 86' lang='lat' dir='ltr'><strong><em>renovationis</em></strong></span> <span class='ocrx_word' id='word_1_416' title='bbox 673 3064 758 3103; x_wconf 87' lang='lat' dir='ltr'><strong><em>causa</em></strong></span> <span class='ocrx_word' id='word_1_417' title='bbox 776 3046 898 3103; x_wconf 84' lang='lat' dir='ltr'><strong><em>efficiens</em></strong></span> <span class='ocrx_word' id='word_1_418' title='bbox 925 3047 1059 3104; x_wconf 87' lang='lat' dir='ltr'><strong><em>ecclesias</em></strong></span> <span class='ocrx_word' id='word_1_419' title='bbox 1078 3050 1211 3105; x_wconf 87' lang='lat' dir='ltr'><strong><em>ministris</em></strong></span> <span class='ocrx_word' id='word_1_420' title='bbox 1229 3068 1278 3106; x_wconf 92' lang='lat' dir='ltr'><strong><em>sno</em></strong></span> <span class='ocrx_word' id='word_1_421' title='bbox 1298 3051 1359 3107; x_wconf 88' lang='lat' dir='ltr'><strong><em>loeo</em></strong></span> <span class='ocrx_word' id='word_1_422' title='bbox 1377 3049 1598 3117; x_wconf 82' lang='lat' dir='ltr'><strong><em>vendicarimns,</em></strong></span> <span class='ocrx_word' id='word_1_423' title='bbox 1624 3049 1676 3105; x_wconf 91' lang='lat' dir='ltr'><strong><em>boc</em></strong></span> <span class='ocrx_word' id='word_1_424' title='bbox 1694 3050 1756 3105; x_wconf 91' lang='lat' dir='ltr'><strong><em>loco</em></strong></span> 
     </span>
     <span class='ocr_line' id='line_1_33' title="bbox 51 3134 1756 3209; baseline -0.001 -19"><span class='ocrx_word' id='word_1_425' title='bbox 51 3136 228 3209; x_wconf 80' lang='lat' dir='ltr'><strong><em>¹principalis</em></strong></span> <span class='ocrx_word' id='word_1_426' title='bbox 252 3143 295 3192; x_wconf 89' lang='lat' dir='ltr'><strong><em>est</em></strong></span> <span class='ocrx_word' id='word_1_427' title='bbox 311 3136 397 3201; x_wconf 87' lang='lat' dir='ltr'><strong><em>Deus,</em></strong></span> <span class='ocrx_word' id='word_1_428' title='bbox 415 3134 516 3191; x_wconf 84' lang='lat' dir='ltr'><strong><em>bohen.</em></strong></span> <span class='ocrx_word' id='word_1_429' title='bbox 537 3140 565 3202; x_wconf 91' lang='grc'><strong><em>1,</em></strong></span> <span class='ocrx_word' id='word_1_430' title='bbox 588 3151 613 3190; x_wconf 84' lang='grc' dir='ltr'><strong><em>ι.</em></strong></span> <span class='ocrx_word' id='word_1_431' title='bbox 640 3139 686 3191; x_wconf 79' lang='lat' dir='ltr'><strong><em>m:</em></strong></span> <span class='ocrx_word' id='word_1_432' title='bbox 719 3135 809 3188; x_wconf 83' lang='lat' dir='ltr'><strong><em>Dedit</em></strong></span> <span class='ocrx_word' id='word_1_433' title='bbox 822 3142 899 3203; x_wconf 89' lang='lat' dir='ltr'><strong><em>pote·</em></strong></span> <span class='ocrx_word' id='word_1_434' title='bbox 924 3134 1035 3189; x_wconf 91' lang='lat' dir='ltr'><strong><em>unicum</em></strong></span> <span class='ocrx_word' id='word_1_435' title='bbox 1056 3135 1127 3190; x_wconf 92' lang='lat' dir='ltr'><strong><em>illud</em></strong></span> <span class='ocrx_word' id='word_1_436' title='bbox 1153 3152 1309 3206; x_wconf 89' lang='lat' dir='ltr'><strong><em>monemus,</em></strong></span> <span class='ocrx_word' id='word_1_437' title='bbox 1335 3137 1505 3208; x_wconf 89' lang='lat' dir='ltr'><strong><em>apostolum,</em></strong></span> <span class='ocrx_word' id='word_1_438' title='bbox 1535 3135 1583 3206; x_wconf 87' lang='lat' dir='ltr'><strong><em>qui</em></strong></span> <span class='ocrx_word' id='word_1_439' title='bbox 1601 3135 1756 3191; x_wconf 75' lang='lat' dir='ltr'><strong><em>Corinthios</em></strong></span> 
     </span>
     <span class='ocr_line' id='line_1_34' title="bbox 65 3221 1755 3296; baseline 0 -17"><span class='ocrx_word' id='word_1_440' title='bbox 65 3233 164 3280; x_wconf 82' lang='lat' dir='ltr'><strong><em>statem</em></strong></span> <span class='ocrx_word' id='word_1_441' title='bbox 182 3225 262 3293; x_wconf 59' lang='lat' dir='ltr'><strong><em>,tilios</em></strong></span> <span class='ocrx_word' id='word_1_442' title='bbox 280 3225 340 3279; x_wconf 89' lang='lat' dir='ltr'><strong><em>Dei</em></strong></span> <span class='ocrx_word' id='word_1_443' title='bbox 355 3225 422 3289; x_wconf 78' lang='lat' dir='ltr'><strong><em>fieri</em></strong></span> <span class='ocrx_word' id='word_1_444' title='bbox 442 3224 499 3290; x_wconf 85' lang='lat' dir='ltr'><strong><em>bis,</em></strong></span> <span class='ocrx_word' id='word_1_445' title='bbox 524 3224 574 3293; x_wconf 85' lang='lat' dir='ltr'><strong><em>qui</em></strong></span> <span class='ocrx_word' id='word_1_446' title='bbox 600 3224 716 3277; x_wconf 81' lang='lat' dir='ltr'><strong><em>credam</em></strong></span> <span class='ocrx_word' id='word_1_447' title='bbox 743 3222 772 3275; x_wconf 89' lang='lat' dir='ltr'><strong><em>in</em></strong></span> <span class='ocrx_word' id='word_1_448' title='bbox 788 3221 899 3275; x_wconf 89' lang='lat' dir='ltr'><strong><em>nomine</em></strong></span> <span class='ocrx_word' id='word_1_449' title='bbox 925 3238 992 3277; x_wconf 87' lang='lat' dir='ltr'><strong><em>voce</em></strong></span> <span class='ocrx_word' id='word_1_450' title='bbox 1009 3222 1149 3295; x_wconf 88' lang='lat' dir='ltr'><strong><em>evangelii</em></strong></span> <span class='ocrx_word' id='word_1_451' title='bbox 1168 3223 1239 3279; x_wconf 88' lang='lat' dir='ltr'><strong><em>filios</em></strong></span> <span class='ocrx_word' id='word_1_452' title='bbox 1260 3224 1370 3280; x_wconf 84' lang='lat' dir='ltr'><strong><em>Christo</em></strong></span> <span class='ocrx_word' id='word_1_453' title='bbox 1388 3230 1523 3296; x_wconf 87' lang='lat' dir='ltr'><strong><em>genuerat</em></strong></span> <span class='ocrx_word' id='word_1_454' title='bbox 1543 3230 1566 3281; x_wconf 90' lang='grc'><strong><em>1.</em></strong></span> <span class='ocrx_word' id='word_1_455' title='bbox 1589 3222 1712 3280; x_wconf 84' lang='lat' dir='ltr'><strong><em>Corinth.</em></strong></span> <span class='ocrx_word' id='word_1_456' title='bbox 1731 3230 1755 3285; x_wconf 83' lang='lat' dir='ltr'><strong><em>t.</em></strong></span> 
     </span>
     <span class='ocr_line' id='line_1_35' title="bbox 67 3308 1756 3383; baseline 0.002 -20"><span class='ocrx_word' id='word_1_457' title='bbox 67 3313 138 3383; x_wconf 75' lang='lat' dir='ltr'><strong><em>rjrss.</em></strong></span> <span class='ocrx_word' id='word_1_458' title='bbox 182 3311 242 3368; x_wconf 85' lang='lat' dir='ltr'><strong><em>Jac.</em></strong></span> <span class='ocrx_word' id='word_1_459' title='bbox 271 3317 299 3381; x_wconf 98' lang='grc'><strong><em>1,</em></strong></span> <span class='ocrx_word' id='word_1_460' title='bbox 329 3330 356 3365; x_wconf 84' lang='lat' dir='ltr'><strong>v.</strong></span> <span class='ocrx_word' id='word_1_461' title='bbox 385 3316 428 3367; x_wconf 86' lang='lat' dir='ltr'><strong><em>te:</em></strong></span> <span class='ocrx_word' id='word_1_462' title='bbox 466 3310 626 3364; x_wconf 84' lang='lat' dir='ltr'><strong><em>Voluntaria</em></strong></span> <span class='ocrx_word' id='word_1_463' title='bbox 650 3326 702 3363; x_wconf 88' lang='lat' dir='ltr'><strong><em>nos</em></strong></span> <span class='ocrx_word' id='word_1_464' title='bbox 730 3308 839 3377; x_wconf 84' lang='lat' dir='ltr'><strong><em>penuit,</em></strong></span> <span class='ocrx_word' id='word_1_465' title='bbox 868 3315 899 3360; x_wconf 90' lang='lat' dir='ltr'><strong><em>ut</em></strong></span> <span class='ocrx_word' id='word_1_466' title='bbox 925 3326 951 3365; x_wconf 88' lang='lat' dir='ltr'><strong>v.</strong></span> <span class='ocrx_word' id='word_1_467' title='bbox 968 3315 1007 3365; x_wconf 84' lang='lat'><strong>15.</strong></span> <span class='ocrx_word' id='word_1_468' title='bbox 1021 3309 1297 3367; x_wconf 84' lang='lat' dir='ltr'><strong><em>disertisetexsertis</em></strong></span> <span class='ocrx_word' id='word_1_469' title='bbox 1308 3312 1400 3366; x_wconf 86' lang='lat' dir='ltr'><strong><em>verbis</em></strong></span> <span class='ocrx_word' id='word_1_470' title='bbox 1415 3327 1546 3379; x_wconf 84' lang='lat' dir='ltr'><strong><em>asserere,</em></strong></span> <span class='ocrx_word' id='word_1_471' title='bbox 1564 3308 1721 3367; x_wconf 68' lang='lat' dir='ltr'><strong><em>hominib.</em></strong></span> <span class='ocrx_word' id='word_1_472' title='bbox 1731 3316 1756 3377; x_wconf 80' lang='lat'><strong><em>9,</em></strong></span> 
     </span>
     <span class='ocr_line' id='line_1_36' title="bbox 67 3396 1757 3467; baseline -0.001 -15"><span class='ocrx_word' id='word_1_473' title='bbox 67 3399 156 3452; x_wconf 87' lang='lat' dir='ltr'><strong><em>simus</em></strong></span> <span class='ocrx_word' id='word_1_474' title='bbox 178 3398 323 3467; x_wconf 86' lang='lat' dir='ltr'><strong><em>primitiae</em></strong></span> <span class='ocrx_word' id='word_1_475' title='bbox 350 3404 496 3451; x_wconf 74' lang='lat' dir='ltr'><strong><em>menturae</em></strong></span> <span class='ocrx_word' id='word_1_476' title='bbox 520 3397 592 3465; x_wconf 80' lang='lat' dir='ltr'><strong><em>ejus.</em></strong></span> <span class='ocrx_word' id='word_1_477' title='bbox 631 3402 653 3453; x_wconf 93' lang='lat'><strong>1.</strong></span> <span class='ocrx_word' id='word_1_478' title='bbox 671 3396 745 3451; x_wconf 90' lang='lat' dir='ltr'><strong><em>Petr.</em></strong></span> <span class='ocrx_word' id='word_1_479' title='bbox 771 3402 801 3459; x_wconf 89' lang='grc'><strong><em>1,</em></strong></span> <span class='ocrx_word' id='word_1_480' title='bbox 818 3411 845 3449; x_wconf 84' lang='lat' dir='ltr'><strong><em>r.</em></strong></span> <span class='ocrx_word' id='word_1_481' title='bbox 864 3399 897 3449; x_wconf 82' lang='lat'><strong><em>3:</em></strong></span> <span class='ocrx_word' id='word_1_482' title='bbox 925 3412 952 3451; x_wconf 84' lang='lat' dir='ltr'><strong>v.</strong></span> <span class='ocrx_word' id='word_1_483' title='bbox 979 3402 1009 3451; x_wconf 82' lang='lat'><strong><em>5:</em></strong></span> <span class='ocrx_word' id='word_1_484' title='bbox 1034 3397 1181 3466; x_wconf 76' lang='lat' dir='ltr'><strong><em>Numquid</em></strong></span> <span class='ocrx_word' id='word_1_485' title='bbox 1204 3415 1262 3451; x_wconf 90' lang='lat' dir='ltr'><strong><em>non</em></strong></span> <span class='ocrx_word' id='word_1_486' title='bbox 1289 3398 1421 3452; x_wconf 88' lang='lat' dir='ltr'><strong><em>labemus</em></strong></span> <span class='ocrx_word' id='word_1_487' title='bbox 1440 3405 1605 3467; x_wconf 86' lang='lat' dir='ltr'><strong><em>potestatem</em></strong></span> <span class='ocrx_word' id='word_1_488' title='bbox 1631 3414 1757 3451; x_wconf 86' lang='lat' dir='ltr'><strong><em>sororem</em></strong></span> 
     </span>
     <span class='ocr_line' id='line_1_37' title="bbox 70 3482 1757 3553; baseline -0.001 -14"><span class='ocrx_word' id='word_1_489' title='bbox 70 3486 158 3539; x_wconf 88' lang='lat' dir='ltr'><strong><em>Pater</em></strong></span> <span class='ocrx_word' id='word_1_490' title='bbox 173 3485 292 3538; x_wconf 82' lang='lat' dir='ltr'><strong><em>Donsini</em></strong></span> <span class='ocrx_word' id='word_1_491' title='bbox 303 3484 394 3538; x_wconf 89' lang='lat' dir='ltr'><strong><em>nostri</em></strong></span> <span class='ocrx_word' id='word_1_492' title='bbox 404 3484 476 3538; x_wconf 83' lang='lat' dir='ltr'><strong><em>Jeeu</em></strong></span> <span class='ocrx_word' id='word_1_493' title='bbox 496 3482 757 3536; x_wconf 78' lang='lat' dir='ltr'><strong><em>Cbrr&#39;srtisecundum</em></strong></span> <span class='ocrx_word' id='word_1_494' title='bbox 769 3498 898 3549; x_wconf 84' lang='lat' dir='ltr'><strong><em>mapnam</em></strong></span> <span class='ocrx_word' id='word_1_495' title='bbox 926 3500 1040 3537; x_wconf 85' lang='lat' dir='ltr'><strong><em>urorcm</em></strong></span> <span class='ocrx_word' id='word_1_496' title='bbox 1066 3484 1288 3548; x_wconf 84' lang='lat' dir='ltr'><strong><em>circumducere,</em></strong></span> <span class='ocrx_word' id='word_1_497' title='bbox 1313 3485 1385 3538; x_wconf 88' lang='lat' dir='ltr'><strong><em>sieut</em></strong></span> <span class='ocrx_word' id='word_1_498' title='bbox 1412 3492 1437 3538; x_wconf 89' lang='lat' dir='ltr'><strong><em>ct</em></strong></span> <span class='ocrx_word' id='word_1_499' title='bbox 1455 3485 1561 3553; x_wconf 87' lang='lat' dir='ltr'><strong><em>reliqui</em></strong></span> <span class='ocrx_word' id='word_1_500' title='bbox 1583 3486 1708 3553; x_wconf 88' lang='lat' dir='ltr'><strong><em>apostoli</em></strong></span> <span class='ocrx_word' id='word_1_501' title='bbox 1732 3491 1757 3538; x_wconf 89' lang='lat' dir='ltr'><strong><em>ot</em></strong></span> 
     </span>
     <span class='ocr_line' id='line_1_38' title="bbox 71 3568 1756 3640; baseline 0.001 -15"><span class='ocrx_word' id='word_1_502' title='bbox 71 3571 298 3625; x_wconf 86' lang='lat' dir='ltr'><strong><em>misericordiam</em></strong></span> <span class='ocrx_word' id='word_1_503' title='bbox 324 3586 404 3622; x_wconf 83' lang='lat' dir='ltr'><strong><em>ersom</em></strong></span> <span class='ocrx_word' id='word_1_504' title='bbox 429 3586 480 3623; x_wconf 90' lang='lat' dir='ltr'><strong><em>nos</em></strong></span> <span class='ocrx_word' id='word_1_505' title='bbox 505 3570 646 3639; x_wconf 86' lang='lat' dir='ltr'><strong><em>repenuit,</em></strong></span> <span class='ocrx_word' id='word_1_506' title='bbox 672 3568 716 3624; x_wconf 85' lang='lat' dir='ltr'><strong><em>vel</em></strong></span> <span class='ocrx_word' id='word_1_507' title='bbox 735 3568 809 3639; x_wconf 90' lang='lat' dir='ltr'><strong><em>quod</em></strong></span> <span class='ocrx_word' id='word_1_508' title='bbox 826 3568 899 3623; x_wconf 91' lang='lat' dir='ltr'><strong><em>idem</em></strong></span> <span class='ocrx_word' id='word_1_509' title='bbox 919 3571 1035 3637; x_wconf 85' lang='lat' dir='ltr'><strong><em>fratres</em></strong></span> <span class='ocrx_word' id='word_1_510' title='bbox 1061 3571 1182 3625; x_wconf 88' lang='lat' dir='ltr'><strong><em>Domini</em></strong></span> <span class='ocrx_word' id='word_1_511' title='bbox 1204 3578 1232 3624; x_wconf 90' lang='lat' dir='ltr'><strong><em>et</em></strong></span> <span class='ocrx_word' id='word_1_512' title='bbox 1257 3570 1390 3640; x_wconf 70' lang='lat' dir='ltr'><strong><em>Oepltasi</em></strong></span> <span class='ocrx_word' id='word_1_513' title='bbox 1436 3578 1461 3626; x_wconf 83' lang='lat'><strong>4.</strong></span> <span class='ocrx_word' id='word_1_514' title='bbox 1485 3570 1622 3626; x_wconf 83' lang='lat' dir='ltr'><strong><em>Addimus</em></strong></span> <span class='ocrx_word' id='word_1_515' title='bbox 1644 3578 1673 3627; x_wconf 92' lang='lat' dir='ltr'><strong><em>et</em></strong></span> <span class='ocrx_word' id='word_1_516' title='bbox 1695 3570 1756 3638; x_wconf 86' lang='lat' dir='ltr'><strong><em>boe,</em></strong></span> 
     </span>
     <span class='ocr_line' id='line_1_39' title="bbox 15 3655 1757 3728; baseline -0.001 -15"><span class='ocrx_word' id='word_1_517' title='bbox 15 3664 55 3707; x_wconf 58' lang='lat'><strong><em>⁸⁵⁷1</em></strong></span> <span class='ocrx_word' id='word_1_518' title='bbox 68 3662 111 3713; x_wconf 89' lang='lat' dir='ltr'><strong><em>est</em></strong></span> <span class='ocrx_word' id='word_1_519' title='bbox 129 3656 248 3727; x_wconf 84' lang='lat' dir='ltr'><strong><em>Spiritus</em></strong></span> <span class='ocrx_word' id='word_1_520' title='bbox 273 3661 393 3710; x_wconf 88' lang='lat' dir='ltr'><strong><em>sanctus.</em></strong></span> <span class='ocrx_word' id='word_1_521' title='bbox 430 3655 493 3711; x_wconf 87' lang='lat' dir='ltr'><strong><em>Job.</em></strong></span> <span class='ocrx_word' id='word_1_522' title='bbox 515 3662 545 3717; x_wconf 84' lang='grc'><strong><em>3,</em></strong></span> <span class='ocrx_word' id='word_1_523' title='bbox 576 3671 602 3708; x_wconf 83' lang='lat' dir='ltr'><strong>v.</strong></span> <span class='ocrx_word' id='word_1_524' title='bbox 622 3660 653 3710; x_wconf 84' lang='lat'><strong><em>5:</em></strong></span> <span class='ocrx_word' id='word_1_525' title='bbox 683 3655 751 3709; x_wconf 74' lang='lat' dir='ltr'><strong><em>Nisi</em></strong></span> <span class='ocrx_word' id='word_1_526' title='bbox 770 3656 833 3725; x_wconf 84' lang='lat' dir='ltr'><strong><em>quis</em></strong></span> <span class='ocrx_word' id='word_1_527' title='bbox 856 3672 899 3708; x_wconf 90' lang='lat' dir='ltr'><strong><em>rc·</em></strong></span> <span class='ocrx_word' id='word_1_528' title='bbox 927 3657 1001 3728; x_wconf 88' lang='lat' dir='ltr'><strong><em>quod</em></strong></span> <span class='ocrx_word' id='word_1_529' title='bbox 1020 3656 1176 3728; x_wconf 89' lang='lat' dir='ltr'><strong><em>baptismus</em></strong></span> <span class='ocrx_word' id='word_1_530' title='bbox 1193 3657 1358 3714; x_wconf 89' lang='lat' dir='ltr'><strong><em>successerit</em></strong></span> <span class='ocrx_word' id='word_1_531' title='bbox 1382 3657 1522 3712; x_wconf 88' lang='lat' dir='ltr'><strong><em>inlocum</em></strong></span> <span class='ocrx_word' id='word_1_532' title='bbox 1543 3658 1757 3715; x_wconf 87' lang='lat' dir='ltr'><strong><em>circumcisionis</em></strong></span> 
     </span>
     <span class='ocr_line' id='line_1_40' title="bbox 67 3741 1759 3815; baseline -0.001 -16"><span class='ocrx_word' id='word_1_533' title='bbox 67 3752 151 3799; x_wconf 83' lang='lat' dir='ltr'><strong><em>natsrs</em></strong></span> <span class='ocrx_word' id='word_1_534' title='bbox 161 3743 256 3811; x_wconf 85' lang='lat' dir='ltr'><strong><em>fuerit</em></strong></span> <span class='ocrx_word' id='word_1_535' title='bbox 275 3760 307 3795; x_wconf 82' lang='lat' dir='ltr'><strong><em>es</em></strong></span> <span class='ocrx_word' id='word_1_536' title='bbox 329 3742 438 3811; x_wconf 85' lang='lat' dir='ltr'><strong><em>Spiritu</em></strong></span> <span class='ocrx_word' id='word_1_537' title='bbox 458 3750 510 3795; x_wconf 89' lang='lat' dir='ltr'><strong><em>ete.</em></strong></span> <span class='ocrx_word' id='word_1_538' title='bbox 528 3757 613 3796; x_wconf 88' lang='lat' dir='ltr'><strong><em>eausa</em></strong></span> <span class='ocrx_word' id='word_1_539' title='bbox 630 3741 816 3796; x_wconf 84' lang='lat' dir='ltr'><strong><em>ministerialis</em></strong></span> <span class='ocrx_word' id='word_1_540' title='bbox 835 3744 901 3795; x_wconf 89' lang='lat' dir='ltr'><strong><em>sunt</em></strong></span> <span class='ocrx_word' id='word_1_541' title='bbox 927 3741 1029 3799; x_wconf 75' lang='lat' dir='ltr'><strong><em>coloss.</em></strong></span> <span class='ocrx_word' id='word_1_542' title='bbox 1048 3749 1080 3811; x_wconf 82' lang='lat'><strong><em>2,</em></strong></span> <span class='ocrx_word' id='word_1_543' title='bbox 1106 3761 1132 3798; x_wconf 85' lang='lat' dir='ltr'><strong>v.</strong></span> <span class='ocrx_word' id='word_1_544' title='bbox 1153 3750 1192 3800; x_wconf 91' lang='lat'><strong>11.</strong></span> <span class='ocrx_word' id='word_1_545' title='bbox 1222 3750 1254 3799; x_wconf 93' lang='lat' dir='ltr'><strong><em>ut</em></strong></span> <span class='ocrx_word' id='word_1_546' title='bbox 1279 3744 1353 3798; x_wconf 90' lang='lat' dir='ltr'><strong><em>euim</em></strong></span> <span class='ocrx_word' id='word_1_547' title='bbox 1382 3742 1536 3815; x_wconf 89' lang='lat' dir='ltr'><strong><em>baptismus</em></strong></span> <span class='ocrx_word' id='word_1_548' title='bbox 1561 3744 1590 3798; x_wconf 93' lang='lat' dir='ltr'><strong><em>iu</em></strong></span> <span class='ocrx_word' id='word_1_549' title='bbox 1607 3744 1641 3802; x_wconf 84' lang='lat' dir='ltr'><strong>N.</strong></span> <span class='ocrx_word' id='word_1_550' title='bbox 1661 3746 1692 3799; x_wconf 87' lang='lat' dir='ltr'><strong><em>T.</em></strong></span> <span class='ocrx_word' id='word_1_551' title='bbox 1716 3750 1759 3801; x_wconf 88' lang='lat' dir='ltr'><strong><em>est</em></strong></span> 
     </span>
     <span class='ocr_line' id='line_1_41' title="bbox 67 3826 1757 3902; baseline -0.001 -17"><span class='ocrx_word' id='word_1_552' title='bbox 67 3830 185 3887; x_wconf 74' lang='lat' dir='ltr'><strong><em>verbum</em></strong></span> <span class='ocrx_word' id='word_1_553' title='bbox 204 3836 232 3884; x_wconf 91' lang='lat' dir='ltr'><strong><em>et</em></strong></span> <span class='ocrx_word' id='word_1_554' title='bbox 250 3833 431 3885; x_wconf 88' lang='lat' dir='ltr'><strong><em>sacramenta.</em></strong></span> <span class='ocrx_word' id='word_1_555' title='bbox 460 3827 537 3884; x_wconf 92' lang='lat' dir='ltr'><strong><em>Deus</em></strong></span> <span class='ocrx_word' id='word_1_556' title='bbox 556 3828 630 3883; x_wconf 86' lang='lat' dir='ltr'><strong><em>enirn</em></strong></span> <span class='ocrx_word' id='word_1_557' title='bbox 647 3827 833 3897; x_wconf 72' lang='lat' dir='ltr'><strong><em>nouolutum,</em></strong></span> <span class='ocrx_word' id='word_1_558' title='bbox 850 3826 900 3882; x_wconf 89' lang='lat' dir='ltr'><strong><em>sed</em></strong></span> <span class='ocrx_word' id='word_1_559' title='bbox 927 3835 1129 3885; x_wconf 88' lang='lat' dir='ltr'><strong><em>sacramentum</em></strong></span> <span class='ocrx_word' id='word_1_560' title='bbox 1154 3829 1317 3884; x_wconf 87' lang='lat' dir='ltr'><strong><em>initiationis</em></strong></span> <span class='ocrx_word' id='word_1_561' title='bbox 1342 3838 1371 3883; x_wconf 86' lang='lat' dir='ltr'><strong><em>et</em></strong></span> <span class='ocrx_word' id='word_1_562' title='bbox 1390 3829 1510 3885; x_wconf 90' lang='lat' dir='ltr'><strong><em>medium</em></strong></span> <span class='ocrx_word' id='word_1_563' title='bbox 1534 3831 1757 3902; x_wconf 86' lang='lat' dir='ltr'><strong><em>regenerationis,</em></strong></span> 
     </span>
     <span class='ocr_line' id='line_1_42' title="bbox 69 3914 1757 3991; baseline -0.001 -20"><span class='ocrx_word' id='word_1_564' title='bbox 69 3918 196 3991; x_wconf 74' lang='lat' dir='ltr'><strong><em>tpptaur</em></strong></span> <span class='ocrx_word' id='word_1_565' title='bbox 223 3916 252 3969; x_wconf 88' lang='lat' dir='ltr'><strong><em>in</em></strong></span> <span class='ocrx_word' id='word_1_566' title='bbox 283 3914 336 3970; x_wconf 90' lang='lat' dir='ltr'><strong><em>boc</em></strong></span> <span class='ocrx_word' id='word_1_567' title='bbox 364 3932 447 3986; x_wconf 90' lang='lat' dir='ltr'><strong><em>opere</em></strong></span> <span class='ocrx_word' id='word_1_568' title='bbox 478 3914 586 3986; x_wconf 72' lang='lat' dir='ltr'><strong><em>gratim</em></strong></span> <span class='ocrx_word' id='word_1_569' title='bbox 612 3914 756 3971; x_wconf 90' lang='lat' dir='ltr'><strong><em>nobiscum</em></strong></span> <span class='ocrx_word' id='word_1_570' title='bbox 783 3915 843 3986; x_wconf 87' lang='lat' dir='ltr'><strong><em>agit</em></strong></span> <span class='ocrx_word' id='word_1_571' title='bbox 868 3930 900 3969; x_wconf 88' lang='lat' dir='ltr'><strong><em>ae</em></strong></span> <span class='ocrx_word' id='word_1_572' title='bbox 927 3914 967 3969; x_wconf 92' lang='lat' dir='ltr'><strong><em>sic</em></strong></span> <span class='ocrx_word' id='word_1_573' title='bbox 991 3915 1163 3971; x_wconf 89' lang='lat' dir='ltr'><strong><em>circumcisio</em></strong></span> <span class='ocrx_word' id='word_1_574' title='bbox 1186 3916 1214 3969; x_wconf 91' lang='lat' dir='ltr'><strong><em>in</em></strong></span> <span class='ocrx_word' id='word_1_575' title='bbox 1242 3921 1274 3972; x_wconf 88' lang='lat' dir='ltr'><strong><em>V.</em></strong></span> <span class='ocrx_word' id='word_1_576' title='bbox 1298 3916 1331 3970; x_wconf 88' lang='lat' dir='ltr'><strong><em>T.</em></strong></span> <span class='ocrx_word' id='word_1_577' title='bbox 1360 3915 1510 3986; x_wconf 90' lang='lat' dir='ltr'><strong><em>spiritualis</em></strong></span> <span class='ocrx_word' id='word_1_578' title='bbox 1536 3916 1608 3971; x_wconf 90' lang='lat' dir='ltr'><strong><em>illins</em></strong></span> <span class='ocrx_word' id='word_1_579' title='bbox 1632 3917 1757 3975; x_wconf 89' lang='lat' dir='ltr'><strong><em>beneficii</em></strong></span> 
     </span>
     <span class='ocr_line' id='line_1_43' title="bbox 71 4000 1757 4077; baseline 0 -16"><span class='ocrx_word' id='word_1_580' title='bbox 71 4008 219 4077; x_wconf 86' lang='lat' dir='ltr'><strong><em>regenerat</em></strong></span> <span class='ocrx_word' id='word_1_581' title='bbox 236 4020 286 4057; x_wconf 92' lang='lat' dir='ltr'><strong><em>nos</em></strong></span> <span class='ocrx_word' id='word_1_582' title='bbox 305 4000 497 4073; x_wconf 85' lang='lat' dir='ltr'><strong><em>perverbum,</em></strong></span> <span class='ocrx_word' id='word_1_583' title='bbox 517 4006 539 4055; x_wconf 91' lang='grc'><strong><em>1.</em></strong></span> <span class='ocrx_word' id='word_1_584' title='bbox 552 4002 624 4056; x_wconf 88' lang='lat' dir='ltr'><strong><em>Patr.</em></strong></span> <span class='ocrx_word' id='word_1_585' title='bbox 647 4008 669 4069; x_wconf 92' lang='grc'><strong><em>1,</em></strong></span> <span class='ocrx_word' id='word_1_586' title='bbox 690 4019 716 4059; x_wconf 82' lang='lat' dir='ltr'><strong>v.</strong></span> <span class='ocrx_word' id='word_1_587' title='bbox 729 4007 777 4058; x_wconf 83' lang='lat'><strong><em>2³:</em></strong></span> <span class='ocrx_word' id='word_1_588' title='bbox 796 4002 903 4055; x_wconf 79' lang='lat' dir='ltr'><strong><em>Renati</em></strong></span> <span class='ocrx_word' id='word_1_589' title='bbox 930 4003 984 4059; x_wconf 88' lang='lat' dir='ltr'><strong><em>fuit</em></strong></span> <span class='ocrx_word' id='word_1_590' title='bbox 1004 4001 1104 4058; x_wconf 85' lang='lat' dir='ltr'><strong><em>efficax</em></strong></span> <span class='ocrx_word' id='word_1_591' title='bbox 1126 4018 1269 4073; x_wconf 88' lang='lat' dir='ltr'><strong><em>organum.</em></strong></span> <span class='ocrx_word' id='word_1_592' title='bbox 1302 4001 1423 4057; x_wconf 91' lang='lat' dir='ltr'><strong><em>Proinde</em></strong></span> <span class='ocrx_word' id='word_1_593' title='bbox 1442 4002 1465 4057; x_wconf 91' lang='lat' dir='ltr'><strong><em>si</em></strong></span> <span class='ocrx_word' id='word_1_594' title='bbox 1477 4002 1548 4059; x_wconf 90' lang='lat' dir='ltr'><strong><em>iuter</em></strong></span> <span class='ocrx_word' id='word_1_595' title='bbox 1563 4002 1757 4077; x_wconf 77' lang='lat' dir='ltr'><strong><em>baptizantem,</em></strong></span> 
     </span>
     <span class='ocr_line' id='line_1_44' title="bbox 68 4087 1757 4165; baseline -0.001 -19"><span class='ocrx_word' id='word_1_596' title='bbox 68 4110 125 4147; x_wconf 87' lang='lat' dir='ltr'><strong><em>non</em></strong></span> <span class='ocrx_word' id='word_1_597' title='bbox 142 4108 176 4145; x_wconf 80' lang='lat' dir='ltr'><strong><em>ee</em></strong></span> <span class='ocrx_word' id='word_1_598' title='bbox 194 4089 385 4161; x_wconf 86' lang='lat' dir='ltr'><strong><em>corruptibili,</em></strong></span> <span class='ocrx_word' id='word_1_599' title='bbox 407 4091 460 4143; x_wconf 80' lang='lat' dir='ltr'><strong><em>secl</em></strong></span> <span class='ocrx_word' id='word_1_600' title='bbox 478 4088 689 4158; x_wconf 86' lang='lat' dir='ltr'><strong><em>incorruptibili</em></strong></span> <span class='ocrx_word' id='word_1_601' title='bbox 704 4089 822 4158; x_wconf 90' lang='lat' dir='ltr'><strong><em>semine,</em></strong></span> <span class='ocrx_word' id='word_1_602' title='bbox 845 4105 901 4158; x_wconf 88' lang='lat' dir='ltr'><strong><em>per</em></strong></span> <span class='ocrx_word' id='word_1_603' title='bbox 929 4090 1059 4161; x_wconf 89' lang='lat' dir='ltr'><strong><em>baptismi</em></strong></span> <span class='ocrx_word' id='word_1_604' title='bbox 1079 4096 1164 4145; x_wconf 90' lang='lat' dir='ltr'><strong><em>testes</em></strong></span> <span class='ocrx_word' id='word_1_605' title='bbox 1183 4096 1212 4145; x_wconf 92' lang='lat' dir='ltr'><strong><em>et</em></strong></span> <span class='ocrx_word' id='word_1_606' title='bbox 1231 4087 1405 4160; x_wconf 86' lang='lat' dir='ltr'><strong><em>baptizatum</em></strong></span> <span class='ocrx_word' id='word_1_607' title='bbox 1416 4090 1588 4146; x_wconf 62' lang='lat' dir='ltr'><strong><em>contahitur</em></strong></span> <span class='ocrx_word' id='word_1_608' title='bbox 1607 4092 1757 4165; x_wconf 88' lang='lat' dir='ltr'><strong><em>spiritualis</em></strong></span> 
     </span>
     <span class='ocr_line' id='line_1_45' title="bbox 68 4174 1758 4248; baseline -0.001 -15"><span class='ocrx_word' id='word_1_609' title='bbox 68 4181 180 4235; x_wconf 82' lang='lat' dir='ltr'><strong><em>uerbum</em></strong></span> <span class='ocrx_word' id='word_1_610' title='bbox 199 4178 306 4232; x_wconf 85' lang='lat' dir='ltr'><strong><em>seilicet</em></strong></span> <span class='ocrx_word' id='word_1_611' title='bbox 324 4176 385 4230; x_wconf 89' lang='lat' dir='ltr'><strong><em>Dei</em></strong></span> <span class='ocrx_word' id='word_1_612' title='bbox 402 4176 464 4231; x_wconf 84' lang='lat' dir='ltr'><strong><em>uiui.</em></strong></span> <span class='ocrx_word' id='word_1_613' title='bbox 516 4176 577 4231; x_wconf 83' lang='lat' dir='ltr'><strong><em>bae.</em></strong></span> <span class='ocrx_word' id='word_1_614' title='bbox 601 4182 630 4244; x_wconf 92' lang='grc'><strong><em>1,</em></strong></span> <span class='ocrx_word' id='word_1_615' title='bbox 654 4192 680 4231; x_wconf 85' lang='grc' dir='ltr'><strong><em>ι.</em></strong></span> <span class='ocrx_word' id='word_1_616' title='bbox 712 4180 760 4232; x_wconf 87' lang='lat'><strong><em>18:</em></strong></span> <span class='ocrx_word' id='word_1_617' title='bbox 797 4175 902 4231; x_wconf 81' lang='lat' dir='ltr'><strong><em>Gemuit</em></strong></span> <span class='ocrx_word' id='word_1_618' title='bbox 929 4176 1075 4247; x_wconf 87' lang='lat' dir='ltr'><strong><em>cognatio,</em></strong></span> <span class='ocrx_word' id='word_1_619' title='bbox 1104 4176 1201 4248; x_wconf 89' lang='lat' dir='ltr'><strong><em>utique</em></strong></span> <span class='ocrx_word' id='word_1_620' title='bbox 1231 4175 1314 4231; x_wconf 89' lang='lat' dir='ltr'><strong><em>etiam</em></strong></span> <span class='ocrx_word' id='word_1_621' title='bbox 1343 4192 1394 4247; x_wconf 93' lang='lat' dir='ltr'><strong><em>per</em></strong></span> <span class='ocrx_word' id='word_1_622' title='bbox 1424 4174 1640 4232; x_wconf 89' lang='lat' dir='ltr'><strong><em>circumcisionis</em></strong></span> <span class='ocrx_word' id='word_1_623' title='bbox 1668 4194 1758 4233; x_wconf 75' lang='lat' dir='ltr'><strong><em>sacra</em></strong></span> 
     </span>
     <span class='ocr_line' id='line_1_46' title="bbox 70 4261 1759 4333; baseline -0.001 -12"><span class='ocrx_word' id='word_1_624' title='bbox 70 4284 122 4321; x_wconf 90' lang='lat' dir='ltr'><strong><em>nos</em></strong></span> <span class='ocrx_word' id='word_1_625' title='bbox 140 4266 224 4320; x_wconf 90' lang='lat' dir='ltr'><strong><em>oerbo</em></strong></span> <span class='ocrx_word' id='word_1_626' title='bbox 242 4263 369 4318; x_wconf 85' lang='lat' dir='ltr'><strong><em>veritatis</em></strong></span> <span class='ocrx_word' id='word_1_627' title='bbox 388 4270 440 4317; x_wconf 85' lang='lat' dir='ltr'><strong><em>etc.</em></strong></span> <span class='ocrx_word' id='word_1_628' title='bbox 461 4278 494 4317; x_wconf 89' lang='lat' dir='ltr'><strong><em>ac</em></strong></span> <span class='ocrx_word' id='word_1_629' title='bbox 513 4278 563 4333; x_wconf 91' lang='lat' dir='ltr'><strong><em>per</em></strong></span> <span class='ocrx_word' id='word_1_630' title='bbox 581 4261 749 4333; x_wconf 88' lang='lat' dir='ltr'><strong><em>baptismum</em></strong></span> <span class='ocrx_word' id='word_1_631' title='bbox 762 4261 864 4318; x_wconf 83' lang='lat' dir='ltr'><strong><em>bohen.</em></strong></span> <span class='ocrx_word' id='word_1_632' title='bbox 876 4268 901 4331; x_wconf 92' lang='grc'><strong><em>3,</em></strong></span> <span class='ocrx_word' id='word_1_633' title='bbox 930 4270 1053 4317; x_wconf 90' lang='lat' dir='ltr'><strong><em>mentum</em></strong></span> <span class='ocrx_word' id='word_1_634' title='bbox 1072 4263 1135 4317; x_wconf 79' lang='lat' dir='ltr'><strong><em>talis</em></strong></span> <span class='ocrx_word' id='word_1_635' title='bbox 1155 4261 1284 4333; x_wconf 87' lang='lat' dir='ltr'><strong><em>cognatio</em></strong></span> <span class='ocrx_word' id='word_1_636' title='bbox 1302 4263 1445 4320; x_wconf 89' lang='lat' dir='ltr'><strong><em>debuisset</em></strong></span> <span class='ocrx_word' id='word_1_637' title='bbox 1462 4263 1593 4319; x_wconf 88' lang='lat' dir='ltr'><strong><em>contrahi.</em></strong></span> <span class='ocrx_word' id='word_1_638' title='bbox 1634 4264 1696 4319; x_wconf 80' lang='lat' dir='ltr'><strong><em>Non</em></strong></span> <span class='ocrx_word' id='word_1_639' title='bbox 1717 4272 1759 4319; x_wconf 90' lang='lat' dir='ltr'><strong><em>est</em></strong></span> 
     </span>
     <span class='ocr_line' id='line_1_47' title="bbox 69 4349 1758 4422; baseline -0.002 -15"><span class='ocrx_word' id='word_1_640' title='bbox 69 4371 94 4409; x_wconf 83' lang='lat' dir='ltr'><strong>v.</strong></span> <span class='ocrx_word' id='word_1_641' title='bbox 113 4360 145 4409; x_wconf 82' lang='lat'><strong><em>5:</em></strong></span> <span class='ocrx_word' id='word_1_642' title='bbox 172 4352 238 4405; x_wconf 84' lang='lat' dir='ltr'><strong><em>Nisi</em></strong></span> <span class='ocrx_word' id='word_1_643' title='bbox 263 4351 327 4421; x_wconf 83' lang='lat' dir='ltr'><strong><em>quie</em></strong></span> <span class='ocrx_word' id='word_1_644' title='bbox 355 4357 469 4403; x_wconf 86' lang='lat' dir='ltr'><strong><em>renatus</em></strong></span> <span class='ocrx_word' id='word_1_645' title='bbox 481 4352 576 4419; x_wconf 89' lang='lat' dir='ltr'><strong><em>suerit</em></strong></span> <span class='ocrx_word' id='word_1_646' title='bbox 595 4366 628 4403; x_wconf 78' lang='lat' dir='ltr'><strong><em>en</em></strong></span> <span class='ocrx_word' id='word_1_647' title='bbox 646 4366 721 4418; x_wconf 82' lang='lat' dir='ltr'><strong><em>aqua</em></strong></span> <span class='ocrx_word' id='word_1_648' title='bbox 738 4356 765 4401; x_wconf 83' lang='lat' dir='ltr'><strong><em>et</em></strong></span> <span class='ocrx_word' id='word_1_649' title='bbox 784 4349 902 4419; x_wconf 84' lang='lat' dir='ltr'><strong><em>Spiritu,</em></strong></span> <span class='ocrx_word' id='word_1_650' title='bbox 928 4351 1003 4422; x_wconf 91' lang='lat' dir='ltr'><strong><em>quod</em></strong></span> <span class='ocrx_word' id='word_1_651' title='bbox 1019 4366 1145 4422; x_wconf 85' lang='lat' dir='ltr'><strong><em>regeres,</em></strong></span> <span class='ocrx_word' id='word_1_652' title='bbox 1169 4350 1284 4421; x_wconf 75' lang='lat' dir='ltr'><strong><em>patellas</em></strong></span> <span class='ocrx_word' id='word_1_653' title='bbox 1301 4350 1331 4403; x_wconf 89' lang='lat' dir='ltr'><strong><em>iu</em></strong></span> <span class='ocrx_word' id='word_1_654' title='bbox 1356 4351 1384 4405; x_wconf 90' lang='lat' dir='ltr'><strong><em>V.</em></strong></span> <span class='ocrx_word' id='word_1_655' title='bbox 1408 4352 1440 4407; x_wconf 87' lang='lat' dir='ltr'><strong>T.</strong></span> <span class='ocrx_word' id='word_1_656' title='bbox 1459 4370 1515 4405; x_wconf 89' lang='lat' dir='ltr'><strong><em>non</em></strong></span> <span class='ocrx_word' id='word_1_657' title='bbox 1532 4352 1623 4413; x_wconf 71' lang='lat' dir='ltr'><strong><em>fussee</em></strong></span> <span class='ocrx_word' id='word_1_658' title='bbox 1642 4352 1758 4405; x_wconf 88' lang='lat' dir='ltr'><strong><em>circum-</em></strong></span> 
     </span>
     <span class='ocr_line' id='line_1_48' title="bbox 69 4436 1758 4509; baseline -0.002 -14"><span class='ocrx_word' id='word_1_659' title='bbox 69 4439 144 4495; x_wconf 87' lang='lat' dir='ltr'><strong><em>unde</em></strong></span> <span class='ocrx_word' id='word_1_660' title='bbox 163 4437 317 4509; x_wconf 91' lang='lat' dir='ltr'><strong><em>baptismus</em></strong></span> <span class='ocrx_word' id='word_1_661' title='bbox 334 4442 448 4491; x_wconf 84' lang='lat' dir='ltr'><strong><em>vocatur</em></strong></span> <span class='ocrx_word' id='word_1_662' title='bbox 467 4436 611 4490; x_wconf 88' lang='lat' dir='ltr'><strong><em>loeacrum</em></strong></span> <span class='ocrx_word' id='word_1_663' title='bbox 630 4437 849 4505; x_wconf 82' lang='lat' dir='ltr'><strong><em>repererationis</em></strong></span> <span class='ocrx_word' id='word_1_664' title='bbox 866 4454 901 4489; x_wconf 90' lang='lat' dir='ltr'><strong><em>ao</em></strong></span> <span class='ocrx_word' id='word_1_665' title='bbox 928 4437 1017 4505; x_wconf 82' lang='lat' dir='ltr'><strong><em>eisas,</em></strong></span> <span class='ocrx_word' id='word_1_666' title='bbox 1045 4442 1240 4507; x_wconf 89' lang='lat' dir='ltr'><strong><em>praeterquam</em></strong></span> <span class='ocrx_word' id='word_1_667' title='bbox 1258 4436 1331 4491; x_wconf 91' lang='lat' dir='ltr'><strong><em>enim</em></strong></span> <span class='ocrx_word' id='word_1_668' title='bbox 1351 4436 1425 4508; x_wconf 89' lang='lat' dir='ltr'><strong><em>quod</em></strong></span> <span class='ocrx_word' id='word_1_669' title='bbox 1450 4436 1662 4492; x_wconf 90' lang='lat' dir='ltr'><strong><em>circumcisionis</em></strong></span> <span class='ocrx_word' id='word_1_670' title='bbox 1680 4444 1758 4508; x_wconf 89' lang='lat' dir='ltr'><strong><em>potu-</em></strong></span> 
     </span>
     <span class='ocr_line' id='line_1_49' title="bbox 67 4523 1755 4597; baseline -0.003 -15"><span class='ocrx_word' id='word_1_671' title='bbox 67 4526 259 4582; x_wconf 83' lang='lat' dir='ltr'><strong><em>renouationis</em></strong></span> <span class='ocrx_word' id='word_1_672' title='bbox 278 4527 307 4577; x_wconf 91' lang='lat' dir='ltr'><strong><em>in</em></strong></span> <span class='ocrx_word' id='word_1_673' title='bbox 324 4524 437 4597; x_wconf 80' lang='lat' dir='ltr'><strong><em>Spiritu</em></strong></span> <span class='ocrx_word' id='word_1_674' title='bbox 464 4532 561 4578; x_wconf 84' lang='lat' dir='ltr'><strong><em>saneto</em></strong></span> <span class='ocrx_word' id='word_1_675' title='bbox 578 4523 635 4579; x_wconf 87' lang='lat' dir='ltr'><strong><em>Tit.</em></strong></span> <span class='ocrx_word' id='word_1_676' title='bbox 658 4528 681 4593; x_wconf 89' lang='grc'><strong><em>3,</em></strong></span> <span class='ocrx_word' id='word_1_677' title='bbox 700 4541 725 4577; x_wconf 85' lang='lat' dir='ltr'><strong>v.</strong></span> <span class='ocrx_word' id='word_1_678' title='bbox 745 4528 769 4578; x_wconf 82' lang='lat'><strong>5.</strong></span> <span class='ocrx_word' id='word_1_679' title='bbox 786 4540 819 4578; x_wconf 89' lang='lat' dir='ltr'><strong><em>ac</em></strong></span> <span class='ocrx_word' id='word_1_680' title='bbox 836 4523 902 4593; x_wconf 90' lang='lat' dir='ltr'><strong><em>quia</em></strong></span> <span class='ocrx_word' id='word_1_681' title='bbox 927 4523 999 4578; x_wconf 89' lang='lat' dir='ltr'><strong><em>erint</em></strong></span> <span class='ocrx_word' id='word_1_682' title='bbox 1030 4539 1090 4578; x_wconf 88' lang='lat' dir='ltr'><strong><em>esse</em></strong></span> <span class='ocrx_word' id='word_1_683' title='bbox 1106 4527 1200 4587; x_wconf 83' lang='lat' dir='ltr'><strong><em>testes,</em></strong></span> <span class='ocrx_word' id='word_1_684' title='bbox 1218 4530 1314 4578; x_wconf 91' lang='lat' dir='ltr'><strong><em>notum</em></strong></span> <span class='ocrx_word' id='word_1_685' title='bbox 1333 4529 1389 4592; x_wconf 90' lang='lat' dir='ltr'><strong><em>est,</em></strong></span> <span class='ocrx_word' id='word_1_686' title='bbox 1412 4523 1535 4579; x_wconf 86' lang='lat' dir='ltr'><strong><em>Jesuitas</em></strong></span> <span class='ocrx_word' id='word_1_687' title='bbox 1552 4523 1692 4596; x_wconf 86' lang='lat' dir='ltr'><strong><em>peculiare</em></strong></span> <span class='ocrx_word' id='word_1_688' title='bbox 1708 4523 1755 4577; x_wconf 88' lang='lat' dir='ltr'><strong><em>ali-</em></strong></span> 
     </span>
     <span class='ocr_line' id='line_1_50' title="bbox 69 4608 1757 4682; baseline -0.003 -16"><span class='ocrx_word' id='word_1_689' title='bbox 69 4613 184 4670; x_wconf 84' lang='lat' dir='ltr'><strong><em>verbum</em></strong></span> <span class='ocrx_word' id='word_1_690' title='bbox 204 4611 379 4682; x_wconf 87' lang='lat' dir='ltr'><strong><em>praedicatur</em></strong></span> <span class='ocrx_word' id='word_1_691' title='bbox 399 4614 428 4664; x_wconf 90' lang='lat' dir='ltr'><strong><em>et</em></strong></span> <span class='ocrx_word' id='word_1_692' title='bbox 447 4609 600 4679; x_wconf 89' lang='lat' dir='ltr'><strong><em>baptismus</em></strong></span> <span class='ocrx_word' id='word_1_693' title='bbox 628 4608 835 4665; x_wconf 85' lang='lat' dir='ltr'><strong><em>administratur</em></strong></span> <span class='ocrx_word' id='word_1_694' title='bbox 852 4626 901 4680; x_wconf 87' lang='lat' dir='ltr'><strong><em>per</em></strong></span> <span class='ocrx_word' id='word_1_695' title='bbox 927 4609 1002 4680; x_wconf 90' lang='lat' dir='ltr'><strong><em>quod</em></strong></span> <span class='ocrx_word' id='word_1_696' title='bbox 1027 4609 1179 4663; x_wconf 90' lang='lat' dir='ltr'><strong><em>remedium</em></strong></span> <span class='ocrx_word' id='word_1_697' title='bbox 1198 4608 1400 4664; x_wconf 90' lang='lat' dir='ltr'><strong><em>circumcisioni</em></strong></span> <span class='ocrx_word' id='word_1_698' title='bbox 1426 4610 1573 4681; x_wconf 86' lang='lat' dir='ltr'><strong><em>analogum</em></strong></span> <span class='ocrx_word' id='word_1_699' title='bbox 1591 4626 1641 4679; x_wconf 91' lang='lat' dir='ltr'><strong><em>pro</em></strong></span> <span class='ocrx_word' id='word_1_700' title='bbox 1658 4608 1757 4679; x_wconf 89' lang='lat' dir='ltr'><strong><em>puellis</em></strong></span> 
     </span>
     <span class='ocr_line' id='line_1_51' title="bbox 68 4694 1757 4772; baseline -0.005 -16"><span class='ocrx_word' id='word_1_701' title='bbox 68 4699 209 4772; x_wconf 89' lang='lat' dir='ltr'><strong><em>apostolos</em></strong></span> <span class='ocrx_word' id='word_1_702' title='bbox 237 4706 265 4753; x_wconf 90' lang='lat' dir='ltr'><strong><em>et</em></strong></span> <span class='ocrx_word' id='word_1_703' title='bbox 291 4715 386 4753; x_wconf 91' lang='lat' dir='ltr'><strong><em>eorum</em></strong></span> <span class='ocrx_word' id='word_1_704' title='bbox 411 4697 441 4751; x_wconf 90' lang='lat' dir='ltr'><strong><em>in</em></strong></span> <span class='ocrx_word' id='word_1_705' title='bbox 468 4696 584 4752; x_wconf 91' lang='lat' dir='ltr'><strong><em>docendi</em></strong></span> <span class='ocrx_word' id='word_1_706' title='bbox 611 4696 702 4751; x_wconf 85' lang='lat' dir='ltr'><strong><em>officio</em></strong></span> <span class='ocrx_word' id='word_1_707' title='bbox 719 4711 901 4763; x_wconf 87' lang='lat' dir='ltr'><strong><em>successores,</em></strong></span> <span class='ocrx_word' id='word_1_708' title='bbox 927 4696 956 4751; x_wconf 92' lang='lat' dir='ltr'><strong><em>in</em></strong></span> <span class='ocrx_word' id='word_1_709' title='bbox 981 4694 1017 4752; x_wconf 85' lang='lat' dir='ltr'><strong>V.</strong></span> <span class='ocrx_word' id='word_1_710' title='bbox 1042 4695 1076 4749; x_wconf 91' lang='grc' dir='ltr'><strong><em>Τ.</em></strong></span> <span class='ocrx_word' id='word_1_711' title='bbox 1105 4695 1212 4749; x_wconf 92' lang='lat' dir='ltr'><strong><em>solicite</em></strong></span> <span class='ocrx_word' id='word_1_712' title='bbox 1242 4712 1383 4767; x_wconf 86' lang='lat' dir='ltr'><strong><em>quaerere.</em></strong></span> <span class='ocrx_word' id='word_1_713' title='bbox 1434 4694 1492 4751; x_wconf 87' lang='lat' dir='ltr'><strong><em>Nee</em></strong></span> <span class='ocrx_word' id='word_1_714' title='bbox 1519 4695 1627 4751; x_wconf 85' lang='lat' dir='ltr'><strong><em>obverti</em></strong></span> <span class='ocrx_word' id='word_1_715' title='bbox 1657 4699 1757 4765; x_wconf 86' lang='lat' dir='ltr'><strong><em>potest,</em></strong></span> 
     </span>
     <span class='ocr_line' id='line_1_52' title="bbox 68 4781 1757 4857; baseline -0.005 -15"><span class='ocrx_word' id='word_1_716' title='bbox 68 4786 131 4842; x_wconf 87' lang='lat' dir='ltr'><strong><em>ideo</em></strong></span> <span class='ocrx_word' id='word_1_717' title='bbox 151 4786 234 4842; x_wconf 71' lang='lat' dir='ltr'><strong><em>edam</em></strong></span> <span class='ocrx_word' id='word_1_718' title='bbox 255 4784 309 4839; x_wconf 92' lang='lat' dir='ltr'><strong><em>illis</em></strong></span> <span class='ocrx_word' id='word_1_719' title='bbox 327 4784 487 4857; x_wconf 76' lang='grc' dir='ltr'><strong><em>ὀργανικώς,</em></strong></span> <span class='ocrx_word' id='word_1_720' title='bbox 506 4783 740 4849; x_wconf 84' lang='lat' dir='ltr'><strong><em>ministerialiter,</em></strong></span> <span class='ocrx_word' id='word_1_721' title='bbox 756 4797 899 4853; x_wconf 89' lang='lat' dir='ltr'><strong><em>regenera·</em></strong></span> <span class='ocrx_word' id='word_1_722' title='bbox 926 4782 1163 4837; x_wconf 85' lang='lat' dir='ltr'><strong><em>circumcisionem</em></strong></span> <span class='ocrx_word' id='word_1_723' title='bbox 1182 4781 1212 4833; x_wconf 91' lang='lat' dir='ltr'><strong><em>in</em></strong></span> <span class='ocrx_word' id='word_1_724' title='bbox 1236 4782 1267 4835; x_wconf 87' lang='lat' dir='ltr'><strong><em>V.</em></strong></span> <span class='ocrx_word' id='word_1_725' title='bbox 1289 4782 1321 4838; x_wconf 86' lang='grc' dir='ltr'><strong><em>Τ.</em></strong></span> <span class='ocrx_word' id='word_1_726' title='bbox 1341 4799 1396 4835; x_wconf 89' lang='lat' dir='ltr'><strong><em>non</em></strong></span> <span class='ocrx_word' id='word_1_727' title='bbox 1413 4783 1507 4844; x_wconf 71' lang='lat' dir='ltr'><strong><em>tumre</em></strong></span> <span class='ocrx_word' id='word_1_728' title='bbox 1526 4799 1663 4851; x_wconf 84' lang='lat' dir='ltr'><strong><em>arpanum</em></strong></span> <span class='ocrx_word' id='word_1_729' title='bbox 1680 4798 1757 4850; x_wconf 84' lang='lat' dir='ltr'><strong><em>repc-</em></strong></span> 
     </span>
     <span class='ocr_line' id='line_1_53' title="bbox 67 4866 1756 4943; baseline -0.004 -15"><span class='ocrx_word' id='word_1_730' title='bbox 67 4873 152 4928; x_wconf 85' lang='lat' dir='ltr'><strong><em>tionis</em></strong></span> <span class='ocrx_word' id='word_1_731' title='bbox 170 4888 240 4943; x_wconf 90' lang='lat' dir='ltr'><strong><em>opus</em></strong></span> <span class='ocrx_word' id='word_1_732' title='bbox 259 4871 397 4926; x_wconf 89' lang='lat' dir='ltr'><strong><em>tribuitur.</em></strong></span> <span class='ocrx_word' id='word_1_733' title='bbox 436 4877 457 4926; x_wconf 93' lang='grc'><strong><em>1.</em></strong></span> <span class='ocrx_word' id='word_1_734' title='bbox 476 4867 598 4926; x_wconf 81' lang='lat' dir='ltr'><strong><em>Corinth.</em></strong></span> <span class='ocrx_word' id='word_1_735' title='bbox 616 4874 641 4938; x_wconf 82' lang='lat'><strong><em>4,</em></strong></span> <span class='ocrx_word' id='word_1_736' title='bbox 658 4886 684 4922; x_wconf 81' lang='grc' dir='ltr'><strong><em>ι.</em></strong></span> <span class='ocrx_word' id='word_1_737' title='bbox 707 4874 750 4924; x_wconf 82' lang='lat'><strong><em>15:</em></strong></span> <span class='ocrx_word' id='word_1_738' title='bbox 769 4868 805 4921; x_wconf 87' lang='lat' dir='ltr'><strong><em>In</em></strong></span> <span class='ocrx_word' id='word_1_739' title='bbox 821 4866 900 4922; x_wconf 83' lang='lat' dir='ltr'><strong><em>Cirri-</em></strong></span> <span class='ocrx_word' id='word_1_740' title='bbox 926 4868 1089 4938; x_wconf 68' lang='lat' dir='ltr'><strong><em>amotionis,</em></strong></span> <span class='ocrx_word' id='word_1_741' title='bbox 1108 4868 1275 4923; x_wconf 88' lang='lat' dir='ltr'><strong><em>contrarium</em></strong></span> <span class='ocrx_word' id='word_1_742' title='bbox 1294 4866 1367 4922; x_wconf 90' lang='lat' dir='ltr'><strong><em>enim</em></strong></span> <span class='ocrx_word' id='word_1_743' title='bbox 1386 4866 1556 4922; x_wconf 89' lang='lat' dir='ltr'><strong><em>ostendimus</em></strong></span> <span class='ocrx_word' id='word_1_744' title='bbox 1575 4866 1604 4921; x_wconf 86' lang='lat' dir='ltr'><strong><em>iu</em></strong></span> <span class='ocrx_word' id='word_1_745' title='bbox 1623 4872 1702 4922; x_wconf 87' lang='lat' dir='ltr'><strong><em>tract.</em></strong></span> <span class='ocrx_word' id='word_1_746' title='bbox 1721 4867 1756 4922; x_wconf 85' lang='lat' dir='ltr'><strong><em>de</em></strong></span> 
     </span>
     <span class='ocr_line' id='line_1_54' title="bbox 68 4954 1288 5028; baseline -0.003 -15"><span class='ocrx_word' id='word_1_747' title='bbox 68 4968 111 5014; x_wconf 94' lang='lat' dir='ltr'><strong><em>sto</em></strong></span> <span class='ocrx_word' id='word_1_748' title='bbox 128 4960 200 5013; x_wconf 83' lang='lat' dir='ltr'><strong><em>Jesu</em></strong></span> <span class='ocrx_word' id='word_1_749' title='bbox 214 4975 270 5028; x_wconf 89' lang='lat' dir='ltr'><strong><em>per</em></strong></span> <span class='ocrx_word' id='word_1_750' title='bbox 289 4956 461 5028; x_wconf 78' lang='lat' dir='ltr'><strong><em>euanpelium</em></strong></span> <span class='ocrx_word' id='word_1_751' title='bbox 478 4973 527 5009; x_wconf 86' lang='lat' dir='ltr'><strong><em>ros</em></strong></span> <span class='ocrx_word' id='word_1_752' title='bbox 542 4955 634 5024; x_wconf 83' lang='lat' dir='ltr'><strong><em>penui.</em></strong></span> <span class='ocrx_word' id='word_1_753' title='bbox 665 4956 757 5011; x_wconf 87' lang='lat' dir='ltr'><strong><em>Galat.</em></strong></span> <span class='ocrx_word' id='word_1_754' title='bbox 775 4962 799 5021; x_wconf 83' lang='grc'><strong><em>4,</em></strong></span> <span class='ocrx_word' id='word_1_755' title='bbox 810 4972 836 5010; x_wconf 88' lang='lat' dir='ltr'><strong>v.</strong></span> <span class='ocrx_word' id='word_1_756' title='bbox 853 4960 899 5010; x_wconf 82' lang='lat'><strong><em>19:</em></strong></span> <span class='ocrx_word' id='word_1_757' title='bbox 926 4972 1040 5011; x_wconf 77' lang='lat' dir='ltr'><strong><em>meram</em></strong></span> <span class='ocrx_word' id='word_1_758' title='bbox 1057 4954 1084 5027; x_wconf 58' lang='lat' dir='ltr'><strong><em>ti.</em></strong></span> <span class='ocrx_word' id='word_1_759' title='bbox 1105 4960 1147 5009; x_wconf 82' lang='grc'><strong><em>60.</em></strong></span> <span class='ocrx_word' id='word_1_760' title='bbox 1165 4960 1193 5008; x_wconf 87' lang='lat' dir='ltr'><strong><em>et</em></strong></span> <span class='ocrx_word' id='word_1_761' title='bbox 1211 4970 1288 5025; x_wconf 90' lang='lat' dir='ltr'><strong><em>seqq.</em></strong></span> 
     </span>
     <span class='ocr_line' id='line_1_55' title="bbox 68 5037 1911 5114; baseline -0.003 -13"><span class='ocrx_word' id='word_1_762' title='bbox 68 5046 173 5101; x_wconf 82' lang='lat' dir='ltr'><strong><em>Filioli</em></strong></span> <span class='ocrx_word' id='word_1_763' title='bbox 189 5046 251 5114; x_wconf 90' lang='lat' dir='ltr'><strong><em>mei,</em></strong></span> <span class='ocrx_word' id='word_1_764' title='bbox 269 5062 337 5113; x_wconf 83' lang='lat' dir='ltr'><strong><em>quos</em></strong></span> <span class='ocrx_word' id='word_1_765' title='bbox 356 5045 457 5098; x_wconf 87' lang='lat' dir='ltr'><strong><em>iterum</em></strong></span> <span class='ocrx_word' id='word_1_766' title='bbox 469 5041 612 5114; x_wconf 88' lang='lat' dir='ltr'><strong><em>parturio.</em></strong></span> <span class='ocrx_word' id='word_1_767' title='bbox 653 5046 675 5096; x_wconf 78' lang='lat'><strong>2.</strong></span> <span class='ocrx_word' id='word_1_768' title='bbox 693 5040 727 5095; x_wconf 89' lang='lat' dir='ltr'><strong><em>ln</em></strong></span> <span class='ocrx_word' id='word_1_769' title='bbox 740 5040 900 5097; x_wconf 88' lang='lat' dir='ltr'><strong><em>Bellarmini</em></strong></span> <span class='ocrx_word' id='word_1_770' title='bbox 962 5048 1021 5097; x_wconf 79' lang='lat'><strong>372.</strong></span> <span class='ocrx_word' id='word_1_771' title='bbox 1056 5038 1150 5095; x_wconf 83' lang='lat' dir='ltr'><strong><em>Affine</em></strong></span> <span class='ocrx_word' id='word_1_772' title='bbox 1175 5039 1241 5094; x_wconf 89' lang='lat' dir='ltr'><strong><em>huie</em></strong></span> <span class='ocrx_word' id='word_1_773' title='bbox 1258 5037 1419 5094; x_wconf 89' lang='lat' dir='ltr'><strong><em>Bellarmini</em></strong></span> <span class='ocrx_word' id='word_1_774' title='bbox 1437 5038 1592 5108; x_wconf 85' lang='lat' dir='ltr'><strong><em>exceptioni</em></strong></span> <span class='ocrx_word' id='word_1_775' title='bbox 1617 5044 1660 5095; x_wconf 88' lang='lat' dir='ltr'><strong><em>est</em></strong></span> <span class='ocrx_word' id='word_1_776' title='bbox 1678 5040 1756 5108; x_wconf 89' lang='lat' dir='ltr'><strong><em>illud,</em></strong></span> <span class='ocrx_word' id='word_1_777' title='bbox 1770 5046 1864 5089; x_wconf 57' lang='grc'><strong>111351</strong></span> <span class='ocrx_word' id='word_1_778' title='bbox 1905 5092 1911 5107; x_wconf 82' lang='grc'><strong>,</strong></span> 
     </span>
     <span class='ocr_line' id='line_1_56' title="bbox 69 5124 1756 5206; baseline -0.003 -18"><span class='ocrx_word' id='word_1_779' title='bbox 69 5134 156 5206; x_wconf 87' lang='lat' dir='ltr'><strong><em>igitur</em></strong></span> <span class='ocrx_word' id='word_1_780' title='bbox 185 5136 350 5203; x_wconf 88' lang='lat' dir='ltr'><strong><em>argumento</em></strong></span> <span class='ocrx_word' id='word_1_781' title='bbox 375 5147 425 5200; x_wconf 90' lang='lat' dir='ltr'><strong><em>per</em></strong></span> <span class='ocrx_word' id='word_1_782' title='bbox 448 5146 524 5193; x_wconf 91' lang='lat' dir='ltr'><strong><em>eum,</em></strong></span> <span class='ocrx_word' id='word_1_783' title='bbox 558 5146 576 5181; x_wconf 86' lang='lat' dir='ltr'><strong><em>a</em></strong></span> <span class='ocrx_word' id='word_1_784' title='bbox 595 5146 649 5198; x_wconf 79' lang='lat' dir='ltr'><strong><em>quo</em></strong></span> <span class='ocrx_word' id='word_1_785' title='bbox 674 5129 824 5198; x_wconf 88' lang='lat' dir='ltr'><strong><em>spirituale</em></strong></span> <span class='ocrx_word' id='word_1_786' title='bbox 842 5144 900 5182; x_wconf 88' lang='lat' dir='ltr'><strong><em>esse</em></strong></span> <span class='ocrx_word' id='word_1_787' title='bbox 928 5129 1001 5201; x_wconf 88' lang='lat' dir='ltr'><strong><em>quod</em></strong></span> <span class='ocrx_word' id='word_1_788' title='bbox 1020 5128 1049 5183; x_wconf 91' lang='lat' dir='ltr'><strong><em>in</em></strong></span> <span class='ocrx_word' id='word_1_789' title='bbox 1058 5130 1122 5199; x_wconf 73' lang='lat' dir='ltr'><strong><em>June</em></strong></span> <span class='ocrx_word' id='word_1_790' title='bbox 1134 5126 1267 5181; x_wconf 87' lang='lat' dir='ltr'><strong><em>canonico</em></strong></span> <span class='ocrx_word' id='word_1_791' title='bbox 1276 5124 1445 5197; x_wconf 89' lang='lat' dir='ltr'><strong><em>proponitur.</em></strong></span> <span class='ocrx_word' id='word_1_792' title='bbox 1471 5124 1620 5181; x_wconf 74' lang='lat' dir='ltr'><strong><em>Zacharias</em></strong></span> <span class='ocrx_word' id='word_1_793' title='bbox 1632 5126 1756 5199; x_wconf 85' lang='lat' dir='ltr'><strong><em>pontiiex</em></strong></span> 
     </span>
     <span class='ocr_line' id='line_1_57' title="bbox 69 5214 1757 5289; baseline -0.004 -15"><span class='ocrx_word' id='word_1_794' title='bbox 69 5219 233 5289; x_wconf 78' lang='lat' dir='ltr'><strong><em>accipimus,</em></strong></span> <span class='ocrx_word' id='word_1_795' title='bbox 252 5217 416 5289; x_wconf 86' lang='lat' dir='ltr'><strong><em>intelligitur</em></strong></span> <span class='ocrx_word' id='word_1_796' title='bbox 429 5216 715 5281; x_wconf 79' lang='lat' dir='ltr'><strong><em>autoausaeffioiens</em></strong></span> <span class='ocrx_word' id='word_1_797' title='bbox 727 5215 902 5285; x_wconf 87' lang='lat' dir='ltr'><strong><em>principalis</em></strong></span> <span class='ocrx_word' id='word_1_798' title='bbox 927 5233 952 5272; x_wconf 92' lang='lat' dir='ltr'><strong><em>c.</em></strong></span> <span class='ocrx_word' id='word_1_799' title='bbox 970 5215 1133 5287; x_wconf 70' lang='grc' dir='ltr'><strong>Ργοιιοίιιιιι</strong></span> <span class='ocrx_word' id='word_1_800' title='bbox 1152 5220 1192 5270; x_wconf 85' lang='grc'><strong><em>30.</em></strong></span> <span class='ocrx_word' id='word_1_801' title='bbox 1211 5230 1238 5284; x_wconf 89' lang='lat' dir='ltr'><strong><em>q.</em></strong></span> <span class='ocrx_word' id='word_1_802' title='bbox 1256 5219 1287 5268; x_wconf 86' lang='lat'><strong><em>3:</em></strong></span> <span class='ocrx_word' id='word_1_803' title='bbox 1306 5215 1384 5267; x_wconf 89' lang='lat' dir='ltr'><strong><em>Bene</em></strong></span> <span class='ocrx_word' id='word_1_804' title='bbox 1401 5220 1558 5267; x_wconf 80' lang='lat' dir='ltr'><strong><em>treasaneta</em></strong></span> <span class='ocrx_word' id='word_1_805' title='bbox 1576 5214 1757 5268; x_wconf 69' lang='lat' dir='ltr'><strong><em>sementen</em></strong></span> 
     </span>
     <span class='ocr_line' id='line_1_58' title="bbox 68 5300 1759 5377; baseline -0.005 -16"><span class='ocrx_word' id='word_1_806' title='bbox 68 5306 142 5361; x_wconf 90' lang='lat' dir='ltr'><strong><em>illius</em></strong></span> <span class='ocrx_word' id='word_1_807' title='bbox 172 5309 222 5359; x_wconf 81' lang='lat' dir='ltr'><strong><em>roi</em></strong></span> <span class='ocrx_word' id='word_1_808' title='bbox 251 5304 321 5359; x_wconf 81' lang='lat' dir='ltr'><strong><em>sirm</em></strong></span> <span class='ocrx_word' id='word_1_809' title='bbox 354 5304 556 5377; x_wconf 75' lang='grc' dir='ltr'><strong><em>πνευματικοῦ,</em></strong></span> <span class='ocrx_word' id='word_1_810' title='bbox 587 5309 637 5358; x_wconf 90' lang='lat' dir='ltr'><strong><em>aut</em></strong></span> <span class='ocrx_word' id='word_1_811' title='bbox 666 5301 790 5372; x_wconf 88' lang='lat' dir='ltr'><strong><em>ejusdem</em></strong></span> <span class='ocrx_word' id='word_1_812' title='bbox 814 5320 901 5356; x_wconf 90' lang='lat' dir='ltr'><strong><em>causa</em></strong></span> <span class='ocrx_word' id='word_1_813' title='bbox 927 5310 1095 5372; x_wconf 90' lang='lat' dir='ltr'><strong><em>compertum</em></strong></span> <span class='ocrx_word' id='word_1_814' title='bbox 1113 5301 1208 5370; x_wconf 86' lang='lat' dir='ltr'><strong><em>babet,</em></strong></span> <span class='ocrx_word' id='word_1_815' title='bbox 1233 5301 1310 5370; x_wconf 81' lang='lat' dir='ltr'><strong><em>quod</em></strong></span> <span class='ocrx_word' id='word_1_816' title='bbox 1329 5300 1470 5353; x_wconf 89' lang='lat' dir='ltr'><strong><em>Dominus</em></strong></span> <span class='ocrx_word' id='word_1_817' title='bbox 1493 5300 1642 5371; x_wconf 88' lang='lat' dir='ltr'><strong><em>praecepit</em></strong></span> <span class='ocrx_word' id='word_1_818' title='bbox 1662 5300 1759 5369; x_wconf 78' lang='lat' dir='ltr'><strong><em>Mopsi</em></strong></span> 
     </span>
     <span class='ocr_line' id='line_1_59' title="bbox 68 5386 1757 5462; baseline -0.002 -17"><span class='ocrx_word' id='word_1_819' title='bbox 68 5391 273 5446; x_wconf 86' lang='lat' dir='ltr'><strong><em>ministerialis.</em></strong></span> <span class='ocrx_word' id='word_1_820' title='bbox 318 5390 399 5444; x_wconf 93' lang='lat' dir='ltr'><strong><em>Prior</em></strong></span> <span class='ocrx_word' id='word_1_821' title='bbox 423 5388 589 5462; x_wconf 85' lang='lat' dir='ltr'><strong><em>significatio</em></strong></span> <span class='ocrx_word' id='word_1_822' title='bbox 613 5388 658 5443; x_wconf 89' lang='lat' dir='ltr'><strong><em>bie</em></strong></span> <span class='ocrx_word' id='word_1_823' title='bbox 681 5386 772 5442; x_wconf 89' lang='lat' dir='ltr'><strong><em>iocum</em></strong></span> <span class='ocrx_word' id='word_1_824' title='bbox 799 5387 902 5443; x_wconf 87' lang='lat' dir='ltr'><strong><em>habere</em></strong></span> <span class='ocrx_word' id='word_1_825' title='bbox 928 5389 1039 5444; x_wconf 87' lang='lat' dir='ltr'><strong><em>diceas:</em></strong></span> <span class='ocrx_word' id='word_1_826' title='bbox 1073 5388 1288 5457; x_wconf 83' lang='lat' dir='ltr'><strong><em>Turpitudinem</em></strong></span> <span class='ocrx_word' id='word_1_827' title='bbox 1312 5388 1408 5458; x_wconf 86' lang='lat' dir='ltr'><strong><em>patris</em></strong></span> <span class='ocrx_word' id='word_1_828' title='bbox 1437 5386 1477 5440; x_wconf 85' lang='lat' dir='ltr'><strong><em>tui</em></strong></span> <span class='ocrx_word' id='word_1_829' title='bbox 1504 5387 1547 5441; x_wconf 88' lang='lat' dir='ltr'><strong><em>nei</em></strong></span> <span class='ocrx_word' id='word_1_830' title='bbox 1572 5387 1686 5456; x_wconf 62' lang='lat' dir='ltr'><strong><em>maras,</em></strong></span> <span class='ocrx_word' id='word_1_831' title='bbox 1713 5386 1757 5441; x_wconf 85' lang='lat' dir='ltr'><strong><em>oei</em></strong></span> 
     </span>
     <span class='ocr_line' id='line_1_60' title="bbox 68 5472 1758 5550; baseline -0.002 -19"><span class='ocrx_word' id='word_1_832' title='bbox 68 5477 182 5547; x_wconf 88' lang='lat' dir='ltr'><strong><em>nequit,</em></strong></span> <span class='ocrx_word' id='word_1_833' title='bbox 208 5477 275 5550; x_wconf 86' lang='lat' dir='ltr'><strong><em>qaia</em></strong></span> <span class='ocrx_word' id='word_1_834' title='bbox 299 5476 345 5532; x_wconf 91' lang='lat' dir='ltr'><strong><em>bie</em></strong></span> <span class='ocrx_word' id='word_1_835' title='bbox 369 5476 455 5531; x_wconf 88' lang='lat' dir='ltr'><strong><em>honor</em></strong></span> <span class='ocrx_word' id='word_1_836' title='bbox 477 5476 529 5532; x_wconf 85' lang='lat' dir='ltr'><strong><em>soli</em></strong></span> <span class='ocrx_word' id='word_1_837' title='bbox 547 5475 609 5533; x_wconf 88' lang='lat' dir='ltr'><strong><em>Deo</em></strong></span> <span class='ocrx_word' id='word_1_838' title='bbox 631 5474 778 5545; x_wconf 89' lang='lat' dir='ltr'><strong><em>competit,</em></strong></span> <span class='ocrx_word' id='word_1_839' title='bbox 805 5490 823 5529; x_wconf 88' lang='lat' dir='ltr'><strong><em>a</em></strong></span> <span class='ocrx_word' id='word_1_840' title='bbox 846 5492 901 5547; x_wconf 91' lang='lat' dir='ltr'><strong><em>quo</em></strong></span> <span class='ocrx_word' id='word_1_841' title='bbox 927 5474 1033 5531; x_wconf 91' lang='lat' dir='ltr'><strong><em>sororis</em></strong></span> <span class='ocrx_word' id='word_1_842' title='bbox 1052 5492 1107 5530; x_wconf 89' lang='lat' dir='ltr'><strong><em>non</em></strong></span> <span class='ocrx_word' id='word_1_843' title='bbox 1123 5474 1269 5540; x_wconf 78' lang='lat' dir='ltr'><strong><em>revelabis,</em></strong></span> <span class='ocrx_word' id='word_1_844' title='bbox 1288 5474 1433 5545; x_wconf 79' lang='lat' dir='ltr'><strong><em>turps&#39;tuclo</em></strong></span> <span class='ocrx_word' id='word_1_845' title='bbox 1450 5473 1522 5528; x_wconf 88' lang='lat' dir='ltr'><strong><em>enim</em></strong></span> <span class='ocrx_word' id='word_1_846' title='bbox 1540 5481 1588 5527; x_wconf 90' lang='lat' dir='ltr'><strong><em>tua</em></strong></span> <span class='ocrx_word' id='word_1_847' title='bbox 1605 5481 1654 5527; x_wconf 89' lang='lat' dir='ltr'><strong><em>est.</em></strong></span> <span class='ocrx_word' id='word_1_848' title='bbox 1689 5472 1758 5527; x_wconf 65' lang='lat' dir='ltr'><strong><em>&amp;tm</em></strong></span> 
     </span>
     <span class='ocr_line' id='line_1_61' title="bbox 68 5559 1758 5637; baseline -0.004 -17"><span class='ocrx_word' id='word_1_849' title='bbox 68 5566 127 5621; x_wconf 91' lang='lat' dir='ltr'><strong><em>solo</em></strong></span> <span class='ocrx_word' id='word_1_850' title='bbox 148 5570 179 5621; x_wconf 90' lang='lat' dir='ltr'><strong><em>ut</em></strong></span> <span class='ocrx_word' id='word_1_851' title='bbox 197 5581 283 5621; x_wconf 87' lang='lat' dir='ltr'><strong><em>causa</em></strong></span> <span class='ocrx_word' id='word_1_852' title='bbox 298 5564 424 5637; x_wconf 90' lang='lat' dir='ltr'><strong><em>principe</em></strong></span> <span class='ocrx_word' id='word_1_853' title='bbox 441 5563 560 5634; x_wconf 85' lang='lat' dir='ltr'><strong><em>gratiam</em></strong></span> <span class='ocrx_word' id='word_1_854' title='bbox 580 5560 795 5634; x_wconf 86' lang='lat' dir='ltr'><strong><em>regenerationis</em></strong></span> <span class='ocrx_word' id='word_1_855' title='bbox 815 5561 900 5617; x_wconf 89' lang='lat' dir='ltr'><strong><em>etsie</em></strong></span> <span class='ocrx_word' id='word_1_856' title='bbox 928 5578 995 5631; x_wconf 83' lang='lat' dir='ltr'><strong><em>erpo</em></strong></span> <span class='ocrx_word' id='word_1_857' title='bbox 1016 5580 1036 5616; x_wconf 89' lang='lat' dir='ltr'><strong><em>a</em></strong></span> <span class='ocrx_word' id='word_1_858' title='bbox 1062 5562 1184 5633; x_wconf 88' lang='lat' dir='ltr'><strong><em>propria</em></strong></span> <span class='ocrx_word' id='word_1_859' title='bbox 1204 5562 1446 5632; x_wconf 79' lang='lat' dir='ltr'><strong><em>comanpuinitate</em></strong></span> <span class='ocrx_word' id='word_1_860' title='bbox 1458 5561 1592 5631; x_wconf 81' lang='lat' dir='ltr'><strong><em>jubemur</em></strong></span> <span class='ocrx_word' id='word_1_861' title='bbox 1609 5559 1758 5631; x_wconf 70' lang='lat' dir='ltr'><strong><em>auimo,</em></strong></span> 
     </span>
    </p>
   </div>
   <div class='ocr_carea' id='block_1_3' title="bbox 0 0 2027 6020">
    <p class='ocr_par' dir='ltr' id='par_1_3' title="bbox 0 0 2027 6020">
     <span class='ocr_line' id='line_1_62' title="bbox 0 0 2027 6020; baseline 0 0"><span class='ocrx_word' id='word_1_862' title='bbox 0 0 2027 6020; x_wconf 95' lang='lat' dir='ltr'><strong><em> </em></strong></span> 
     </span>
    </p>
   </div>
  </div>
 </body>
</html>
