4020 6022
204 197 256 253 ἰι
611 269 614 273 ,
793 186 1137 251 monstraremus
1157 190 1328 270 oumrus

214 345 312 402 merito
325 346 408 417 jubet
424 347 573 418 Luthsrus,
590 349 656 421 quia
673 349 778 403 lemnii
789 355 851 402 erat
869 349 950 402 bomo
966 346 1049 411 ferus
1074 363 1131 400 ano
1145 348 1229 401 modo
1247 353 1379 416 exparte
1396 346 1487 416 ipsirrr
1504 346 1644 415 conjupii,
1665 347 1756 401 attero
1777 351 1861 402 modo
1879 365 1913 402 su

215 437 242 484 et
267 435 402 502 amatre,
418 450 471 490 nec
494 441 588 507 tamen
607 436 746 491 recusarit
770 435 806 491 ds
821 433 936 489 cumdio
954 431 1049 487 matr-is
1072 443 1158 508 parts
1177 433 1405 489 contrahentium.
1437 432 1597 486 EritDeru
1616 440 1716 486 anaor
1735 435 1913 489 uoutnomt

214 533 327 572 norem
348 519 461 578 ducere.
489 523 555 576 (teu.
579 527 627 591 at,
650 539 675 579 v.
703 527 734 577 3:
764 520 911 575 Abrabam
937 519 1049 586 ahteqat
1076 537 1109 575 en
1125 530 1208 591 parte
1228 520 1319 590 ipsius
1338 518 1473 590 conjsoii,
1489 519 1597 589 cirpea
1615 519 1880 588 contupiiersentio
1893 539 1911 572 a

216 603 388 660 Eleazarum
412 608 453 661 ad
479 608 674 663 conciliandae
700 608 761 672 filio
796 608 899 662 Iraaco
926 605 1049 676 nepueu.
1076 608 1140 664 Deo
1156 608 1194 662 rit
1209 606 1356 676 instituta,·
1382 606 1436 660 erit
1454 613 1544 660 andem
1570 605 1746 659 matrimonii
1761 614 1861 662 auctor
1878 625 1913 662 aa

216 706 242 742 v.
263 695 304 746 et.
341 693 465 748 Batlruet
483 693 568 749 filium
585 693 743 750 Rebeccam
767 695 864 749 Isaaeo
884 690 1046 762 despondet.
1073 702 1158 765 parte
1185 692 1420 759 conmabmtium,
1449 692 1476 745 ai
1497 691 1568 762 ipris
1591 690 1814 746 contrahentibus
1832 695 1915 748 Dua

216 773 288 832 Gen.
314 783 362 847 28,
389 796 418 834 v.
446 785 469 835 1.
494 781 615 835 Isauras
637 780 725 835 filium
749 779 886 836 lembum
912 778 998 833 mittit
1020 777 1049 831 in
1062 818 1064 848 ,
1077 782 1205 853 inspiret,
1221 778 1442 834 utmatrimonio
1459 777 1674 847 conismqantur.
1705 778 1809 832 Priore
1827 781 1914 833 modo

217 862 468 935 neomeniam„
483 874 514 922 ιιι
537 884 651 923 uxorem
666 869 713 924 de
731 867 841 923 filiabus
859 865 966 921 Inban·
978 865 1048 920 acci·
1076 870 1158 922 Deru
1175 869 1228 921 erit
1247 865 1375 935 conjuqii
1391 871 1500 932 auctor,
1518 863 1546 917 ri
1561 865 1681 917 mmmia
1702 872 1727 918 et
1744 865 1841 927 formo
1859 867 1913 919 ad·

112 964 155 1006 xv.
169 940 201 1007 n.
217 949 284 1021 piat
323 949 423 1007 Genes.
441 957 486 1021 29,
503 970 529 1010 ι,
552 959 593 1011 te.
621 953 770 1008 Labande
783 952 842 1007 iilia
859 968 911 1007 sua
927 950 1049 1006 Rachele
1075 957 1140 1019 rint,
1157 953 1257 1023 qualia
1277 953 1357 1006 Dour
1376 950 1505 1014 instituit,
1523 956 1550 1004 et
1565 950 1719 1004 horratum
1737 953 1911 1019 requiratur,

216 1036 284 1091 dicit
297 1036 333 1091 ad
344 1037 498 1094 iacobum:
514 1040 683 1107 Melissaert,
702 1040 794 1095 uttilts'
807 1056 869 1093 eam
880 1041 952 1108 dem,
964 1055 1048 1106 quam
1074 1049 1105 1095 ut
1124 1038 1333 1095 matrimonium
1357 1038 1395 1090 nt
1421 1037 1654 1100 ιιιιιιιι,1ῐιιιιιιιη
1671 1043 1698 1089 a
1717 1045 1819 1091 ration.
1851 1038 1909 1091 Po·

216 1122 302 1177 altsrs'
324 1124 395 1180 ciro.
432 1123 504 1180 Gen.
529 1130 578 1196 te,
602 1142 629 1180 r.
656 1133 680 1182 6.
715 1127 811 1180 Judoa
834 1124 912 1179 dedit
935 1140 1046 1179 uxorem
1074 1128 1192 1182 storiore
1210 1127 1294 1180 modo
1313 1126 1393 1178 Deus
1415 1123 1469 1178 crit
1486 1122 1614 1192 conjugii
1631 1127 1743 1184 aanor,
1768 1123 1796 1175 ri
1811 1122 1910 1191 eonju-

215 1208 400 1280 primogenito
418 1226 468 1265 suo
489 1209 553 1268 Ger.
590 1211 657 1268 Jud.
680 1217 708 1277 t,
732 1229 757 1266 v.
778 1216 817 1268 12.
857 1210 943 1266 Caico
961 1208 1047 1264 filiam
1073 1231 1121 1284 prr
1137 1215 1179 1268 art
1193 1204 1308 1284 prolem
1326 1213 1367 1264 aa
1386 1210 1444 1264 Dei
1467 1209 1589 1277 aleriam
1610 1207 1779 1277 qipncndam
1798 1214 1910 1261 mamre

218 1312 298 1350 suam
316 1296 465 1367 pollicetur
484 1314 514 1353 se
533 1298 662 1354 daturum
678 1304 711 1363 ei,
730 1297 778 1369 qni
796 1297 937 1352 civitatem
950 1295 1048 1350 Ciriat»
1073 1301 1191 1357 coemtio
1211 1300 1247 1354 dt
1265 1297 1402 1352 sententio
1426 1296 1568 1366 majorum
1591 1293 1713 1364 aliisque
1734 1293 1834 1346 deditis
1855 1293 1910 1346 air-

215 1380 314 1451 sepher
333 1383 445 1453 ceperit
463 1400 486 1438 c.
509 1390 553 1453 12,
572 1402 597 1440 r.
618 1390 643 1441 9.
680 1385 793 1439 Aberan
813 1382 912 1438 hahuit
932 1381 1048 1452 triginta
1073 1387 1248 1442 mmmmm
1268 1383 1421 1440 otomatis
1445 1381 1654 1436 matrimonium
1677 1379 1860 1448 contrahant,
1884 1387 1911 1432 et

153 1468 158 1476 '
214 1465 285 1522 tilios
303 1475 332 1522 ιι
349 1468 464 1525 totidem
482 1469 569 1539 filias,
597 1488 668 1540 quaa
685 1471 809 1524 animent
830 1471 915 1532 foras
933 1467 1045 1520 marr'tis
1072 1474 1124 1529 tot
1142 1472 1311 1541 repetitor,
1338 1478 1370 1523 ut
1388 1467 1596 1522 nsauimonium
1616 1467 1676 1520 unc
1694 1472 1823 1535 peccato,
1852 1465 1909 1519 imo

214 1555 293 1608 dedit
311 1562 336 1608 ot
355 1556 470 1610 totidem
493 1557 563 1622 tiliis
586 1559 645 1611 ruis
668 1557 896 1627 marpessam
916 1555 1044 1609 introdu-
1072 1576 1139 1615 uero
1158 1577 1220 1613 cum
1239 1557 1338 1612 merito
1358 1563 1383 1610 ct
1402 1555 1488 1610 laude
1506 1554 1670 1622 calcientur,
1688 1569 1744 1606 non
1763 1558 1856 1604 autem
1876 1558 1906 1604 ut

214 1657 278 1692 Cim
302 1643 344 1695 “d
373 1645 485 1696 mmmm
511 1661 599 1697 ttam-
633 1659 657 1701 0·
692 1649 736 1707 ¹⁴,
760 1660 786 1697 v·
810 1648 835 1699 2·
874 1641 986 1697 Simu
1010 1639 1045 1694 ad
1072 1648 1109 1702 rit
1127 1662 1236 1712 omum,
1260 1646 1371 1710 firmum
1396 1649 1423 1696 et
1441 1647 1548 1708 ratum,
1573 1641 1651 1708 quad
1670 1639 1763 1707 iprum
1781 1637 1907 1692 aliorum

213 1735 341 1796 parentes
361 1727 443 1783 dicit:
473 1729 541 1783 Vidi
558 1730 701 1785 ιιιῑιιιιιι
719 1730 750 1783 in
771 1730 1046 1797 Nonnumquam
1070 1739 1312 1789 ramanentorum
1344 1728 1468 1798 coempto
1497 1726 1646 1781 declarari
1673 1739 1760 1794 porra
1799 1722 1906 1778 esseut

214 1828 318 1880 qsramo
335 1821 366 1866 ut
382 1815 452 1868 milri
466 1815 615 1884 coaptatis
633 1832 754 1869 onorem
791 1814 861 1871 Cum
878 1812 1044 1883 Bsnjunini·
1071 1818 1297 1890 Respondemus:
1329 1813 1479 1870 didicimus
1508 1812 1633 1884 superius
1667 1828 1700 1867 ex
1727 1808 1907 1876 Bellarmino,

213 1903 256 1953 tus
274 1898 398 1970 reliquae
417 1900 506 1957 tribus
524 1918 542 1955 ι
559 1900 700 1957 consortio
721 1919 772 1957 suo
790 1901 902 1971 penitus
920 1898 1044 1954 exclusos
1071 1906 1147 1978 quod
1164 1921 1313 1959 emtum
1325 1903 1474 1972 oonjoqum
1490 1900 1581 1954 verbis
1594 1914 1737 1968 cuprum
1755 1913 1806 1949 acu
1823 1893 1908 1948 uerba

213 1990 354 2055 adparent,
369 1984 439 2041 adeo
451 1994 483 2040 ut
492 2003 544 2041 nec
563 1986 694 2059 conjugia
705 1985 844 2058 cumipsis
861 1986 890 2041 in
903 1991 1044 2056 posterum
1071 2009 1233 2048 mmm
1250 1988 1435 2059 apr-imma
1460 1987 1516 2040 ,rm
1537 1985 1658 2039 „wrm
1682 1991 1708 2036 et
1725 1983 1822 2046 forma
1840 1997 1905 2034 m.

213 2069 376 2127 contraham
393 2071 510 2142 vellent,
532 2089 589 2127 non
605 2072 695 2138 liberi,
724 2072 774 2128 sed
789 2080 923 2143 parentes
939 2071 1044 2141 jmsnt,
1065 2080 1153 2152 mit,
1173 2085 1309 2149 quatum
1321 2075 1519 2129 commmatio
1529 2074 1562 2126 *in
1568 2071 1645 2141 sieri,
1658 2070 1719 2125 libr,
1739 2069 1774 2123 de
1786 2065 1906 2122 matrim.

214 2168 243 2213 ’Β
270 2173 322 2212 ¹¹00
346 2159 566 2229 ⁸120⁴³l>i¹¹¹⁰¹⁵8b
592 2159 648 2213 filli
670 2158 755 2224 filiu,
783 2175 834 2214 ¹¹00
859 2157 931 2213 filim
947 2156 1045 2212 iiidem
1071 2185 1096 2223 c.
1117 2173 1142 2224 t.
1163 2183 1196 2222 ex
1216 2179 1272 2236 quo
1291 2162 1330 2216 sic
1348 2160 1498 2215 inferimus.
1536 2157 1594 2216 Ubi
1608 2157 1687 2213 deest
1706 2153 1852 2227 quippiam
1869 2151 1906 2206 ad

215 2243 342 2307 daturos.
366 2251 541 2316 agnoverunt
559 2261 639 2317 ergo,
662 2246 692 2300 iu
711 2262 764 2300 sua
780 2251 918 2316 potestate
936 2260 997 2300 use
1013 2242 1045 2297 li·
1070 2252 1214 2309 maumas
1233 2257 1261 2305 et
1278 2248 1397 2303 forman
1420 2244 1461 2301 rei
1483 2245 1638 2301 neustrie
1661 2241 1839 2313 sequutum.
1865 2237 1905 2293 ibi
1919 2250 1953 2292 rr

215 2328 342 2385 bimum
361 2330 542 2396 mimmii,
561 2331 628 2386 dud·
648 2335 690 2400 21ι
709 2348 735 2386 ⁷·
763 2335 786 2386 ¹·
821 2331 947 2401 ΠΜ·
970 2329 1045 2400 regit
1071 2339 1150 2394 deest
1180 2335 1288 2408 aliquid
1317 2333 1353 2388 ad
1386 2333 1475 2403 ipsum
1505 2330 1547 2386 rei
1577 2330 1723 2386 essentiam
1755 2325 1904 2397 pertinens.

214 2414 272 2470 fili·
290 2415 498 2487 ffltpfflifiosstm
522 2417 558 2471 de
582 2417 714 2489 0011]Ψο
737 2433 788 2472 ⁸110
809 2416 925 2473 remittit
942 2415 979 2471 td
996 2430 1045 2486 pt·
1072 2424 1157 2479 Ratio
1175 2428 1227 2491 est,
1247 2420 1314 2492 quia
1331 2417 1447 2475 materia
1465 2425 1494 2475 et
1509 2419 1676 2473 lormasunt
1694 2412 1857 2469 essentiales
1876 2417 1906 2466 et

212 2502 299 2557 rentis
315 2500 459 2558 arbitrium
480 2508 504 2559 2.
523 2501 597 2558 Sam.
617 2507 656 2571 13,
674 2521 701 2558 v.
723 2507 762 2559 1³.
793 2502 919 2575 Angelus
939 2503 1044 2557 Tobiae
1072 2507 1267 2565 constitutivae
1289 2506 1329 2560 rei
1353 2511 1454 2576 partes.
1491 2503 1579 2573 Atqui
1602 2503 1632 2556 in
1653 2501 1783 2572 conjugio
1803 2498 1905 2553 libero·

213 2588 345 2656 consulit,
373 2595 406 2644 ut
422 2606 440 2643 ι
457 2595 535 2660 patre
552 2591 681 2660 Rapacis
699 2606 813 2646 uxorem
837 2598 914 2661 petat
932 2589 1001 2645 Toh.
1020 2595 1045 2658 6,
1071 2614 1133 2650 rum
1152 2594 1223 2651 citra
1240 2598 1386 2663 parentum
1406 2606 1571 2645 consensum
1591 2593 1733 2645 conuecto
1757 2587 1837 2642 deest
1855 2585 1906 2639 uli·

212 2693 239 2730 v.
260 2682 299 2732 14.
315 2692 348 2730 ac
359 2682 460 2746 postea
467 2674 537 2730 Tob.
558 2682 582 2743 t,
600 2693 626 2730 r.
643 2682 688 2732 15:
708 2677 820 2745 itaquel
832 2677 1045 2746 apprehendant
1072 2681 1140 2754 qnid
1159 2680 1197 2736 ad
1213 2679 1357 2734 materiem
1376 2684 1405 2732 et
1421 2677 1537 2732 formam
1560 2676 1714 2731 necessario
1731 2675 1904 2745 requisitum.

213 2765 342 2816 άιιιτιιιι
355 2761 439 2831 filiae
458 2777 527 2815 suae
539 2763 655 2816 deatrae
676 2763 783 2816 Tobiae
800 2764 923 2817 aedidit
939 2768 992 2819 etc.
1011 2779 1046 2817 ex
1071 2767 1147 2838 Ergo
1169 2767 1199 2820 in
1224 2764 1275 2820 tali
1298 2763 1430 2836 corsjugio
1456 2763 1534 2819 deest
1558 2762 1664 2834 aliquid
1680 2762 1717 2816 ad
1735 2762 1825 2832 ipsam
1842 2777 1906 2816 con·

213 2847 314 2919 quibus
327 2848 367 2903 sic
385 2848 583 2904 concludimus.
618 2848 808 2921 Quaecunque
825 2849 951 2920 exempla
968 2847 1045 2904 iusti-
1068 2852 1143 2925 jugii
1169 2851 1318 2910 essentiam
1341 2850 1492 2922 pertinens.
1528 2850 1691 2904 Assumtum
1712 2847 1847 2920 probatur
1872 2863 1907 2903 ex

189 2973 190 2977 ,
212 2934 312 2989 ardoni
331 2939 360 2990 et
377 2936 508 2992 mundato
526 2935 620 2991 divino
637 2943 703 2991 sunt
718 2935 886 3007 conformia,
910 2953 944 2993 ιι
962 2936 1045 2992 intro·
1071 2937 1219 3009 hypothesi
1244 2937 1413 2994 Bellarmini.
1454 2937 1611 2993 Consensns
1636 2935 1788 3007 conjugum
1813 2933 1907 2989 verbis

213 3021 319 3077 ducunt
336 3022 497 3077 imitationis
511 3022 711 3079 necessitatem.
746 3023 802 3081 Sed
815 3024 1044 3095 exemptamqui·
1072 3039 1218 3094 expressus
1231 3031 1274 3079 est
1291 3024 1408 3079 materia
1425 3030 1453 3079 et
1465 3022 1554 3079 forma
1573 3021 1705 3096 conjugii.
1740 3020 1830 3090 Atqui
1842 3035 1907 3074 con-

211 3107 260 3162 siti
284 3124 303 3161 ι
324 3107 418 3164 liberis
442 3124 593 3164 consensus
612 3109 721 3180 paterni
747 3108 776 3164 in
796 3111 970 3168 matrimonio
988 3113 1045 3169 inc·
1071 3127 1167 3166 sensus
1184 3108 1232 3165 ille
1250 3111 1401 3182 conjugum
1419 3110 1575 3166 necessario
1603 3108 1721 3180 requirit
1740 3122 1906 3163 consensum

212 3194 289 3249 undo
304 3199 369 3248 sunt
387 3194 552 3249 institutioni
570 3200 599 3249 et
616 3194 747 3251 mandato
768 3195 861 3251 divino
883 3197 1043 3257 conformia.
1070 3202 1232 3268 parentum,
1253 3196 1385 3269 sineque
1404 3214 1460 3253 non
1477 3204 1519 3253 est
1535 3195 1691 3268 legitimus,
1708 3199 1741 3248 nt
1757 3192 1907 3263 probatum

212 3280 288 3351 Ergo
305 3279 483 3336 introducunt
500 3279 661 3335 imitationis
678 3281 879 3337 necessitatem.
1071 3299 1105 3337 ex
1117 3282 1241 3355 conjugii
1253 3282 1426 3339 institutione
1437 3291 1466 3338 et
1482 3283 1569 3354 ipsius
1587 3282 1641 3338 Dei
1659 3281 1791 3351 jussione.
1829 3279 1906 3351 Ergo

85 3377 158 3417 uxta
248 3373 289 3423 63.
324 3366 510 3422 Bellarminus
535 3366 584 3421 lib.
608 3367 643 3422 de
661 3369 778 3424 matrim.
798 3386 822 3423 c.
847 3373 888 3425 20.
907 3370 943 3423 sd
963 3385 1044 3440 argu·
1071 3385 1221 3424 consensus
1246 3376 1393 3439 parentum
1418 3369 1568 3441 requiritur
1585 3369 1621 3424 ad
1639 3367 1783 3423 materiam
1802 3374 1832 3423 et
1848 3367 1905 3422 ior·

85 3429 178 3520 3⁸:3¹2!
213 3461 336 3509 mentum
360 3452 446 3508 variis
470 3453 559 3507 modis
582 3453 692 3524 excipit
727 3459 752 3508 1.
769 3455 836 3508 Non
854 3457 976 3524 probari
993 3456 1045 3511 hoc
1072 3471 1144 3509 mam
1163 3455 1286 3526 conjugii
1303 3455 1435 3511 divinitus
1453 3455 1617 3511 institutam.
1652 3453 1776 3512 Ulterius
1796 3471 1831 3509 ex
1848 3454 1906 3524 pri·

85 3531 187 3624 {²¹22}
213 3547 392 3610 arpumcnto,
416 3539 625 3594 matrimonium
644 3556 705 3595 aare
727 3539 841 3594 irritum
865 3549 916 3595 aut
932 3543 1047 3596 irritari
1072 3557 1119 3597 ore
1139 3540 1301 3612 syllogismo
1319 3541 1360 3596 sic
1378 3542 1529 3597 interimus.
1566 3541 1598 3595 In
1625 3544 1791 3612 quocunque
1809 3542 1905 3611 conju-

28 3657 32 3666 ι
86 3612 156 3674 sunm
209 3643 314 3697 parre,
331 3628 428 3690 sitiat
447 3625 544 3680 ituciir
563 3633 613 3680 aut
628 3627 724 3680 inuitis
740 3627 917 3697 parentibus,
934 3630 987 3683 sed
1003 3637 1045 3683 ta·
1072 3627 1119 3698 gio
1138 3626 1217 3682 deest
1233 3627 1339 3699 aliquid
1359 3627 1395 3681 ed
1416 3628 1503 3696 ipsam
1530 3627 1653 3697 conjugii
1679 3625 1824 3681 essentiam
1842 3642 1907 3697 per-

86 3695 195 3778 ffit'm
213 3730 274 3767 men
301 3731 358 3766 non
384 3712 483 3767 debere
512 3713 721 3768 matrimonium
749 3714 846 3768 insciis
873 3723 923 3770 aut
952 3715 1045 3770 inuitis
1073 3713 1182 3778 tineus,
1209 3712 1279 3767 illud
1303 3729 1358 3767 non
1383 3719 1551 3783 potestesse
1568 3712 1738 3782 legitimum,
1764 3718 1856 3765 tatum
1872 3728 1907 3766 ac

209 3800 374 3873 parentibus
392 3800 529 3869 contrahi,
546 3808 572 3854 ιι
588 3800 662 3853 mate
679 3802 787 3868 facere,
806 3801 856 3870 qui
871 3803 913 3856 r'ta
933 3810 1043 3856 contra
1070 3798 1187 3853 firmum.
1226 3798 1282 3854 Sed
1300 3798 1330 3852 in
1346 3797 1477 3869 conjugio
1499 3797 1645 3853 liberorum
1671 3798 1742 3852 citra
1757 3805 1906 3866 parentum

212 3887 289 3950 bunt,
316 3888 351 3939 ds
378 3904 431 3955 quo
458 3885 539 3940 uuila
567 3885 694 3957 quaestio
727 3893 775 3940 ιιι.
819 3885 1044 3957 Respondemus:
1071 3901 1235 3940 consensum
1253 3890 1393 3940 contracto
1418 3885 1495 3940 deest
1518 3883 1624 3954 aliquid
1643 3885 1679 3939 ad
1701 3884 1789 3954 ipsam
1808 3885 1904 3953 couju-

213 3972 351 4026 imovero
370 3987 406 4026 ex
426 3976 590 4043 argumento
602 3977 695 4026 nostro
707 3970 736 4024 id
753 3971 896 4028 evidenter
909 3974 1043 4044 sequitur.
1069 3972 1110 4044 gii
1134 3970 1283 4027 essentiam
1312 3969 1467 4040 pertinens,
1506 3975 1538 4025 ut
1564 3969 1789 4026 demonstratum.
1826 3969 1904 4041 Ergo

212 4056 287 4111 Illud
310 4057 445 4112 duntaxat
470 4056 673 4111 matrimonium
691 4063 734 4112 est
755 4057 922 4128 legitimum,
952 4067 1043 4116 return
1069 4056 1139 4113 illud
1156 4073 1213 4110 non
1234 4062 1327 4126 potest
1349 4071 1409 4109 esse
1429 4053 1597 4125 legitimum,
1623 4063 1713 4111 retum
1731 4071 1765 4110 ec
1782 4054 1902 4111 firmum.

212 4160 246 4198 ac
259 4143 375 4207 lirinum
394 4143 470 4212 quod
481 4142 653 4198 contrahitur
664 4143 815 4199 secundum
827 4143 948 4200 divinam
965 4147 1044 4200 insti·
1069 4145 1157 4214 Atqui
1176 4144 1217 4198 ita
1235 4159 1268 4198 ex
1285 4140 1435 4212 hypothesi
1455 4140 1615 4196 Bellarmini
1641 4143 1847 4212 concludimus,
1874 4143 1904 4199 id

212 4229 547 4301 tutioncmacjussionem.
564 4229 1043 4303 Atqnimatrimouiumcitreparen·
1068 4231 1160 4300 ipsum
1188 4245 1222 4283 ex
1251 4227 1351 4283 nostris
1386 4225 1587 4297 hypothesibus
1623 4227 1663 4281 sic
1701 4227 1903 4285 confirmamus.

211 4322 445 4372 tumconseusum
459 4321 630 4371 contractum
641 4332 698 4371 non
711 4315 1043 4374 contrahitursecundum
1070 4314 1201 4370 Efficiens
1221 4329 1307 4370 causa
1326 4313 1449 4384 conjugii
1468 4313 1600 4368 divinitus
1624 4313 1753 4369 ordinata
1781 4323 1824 4371 est
1841 4334 1905 4372 con-

211 4401 740 4472 divinaminstitutionemetjussionem.
760 4403 1043 4474 Ergomstrimonium
1072 4419 1169 4458 sensus
1197 4399 1416 4456 contrahentium
1443 4399 1601 4471 legitimus,
1625 4401 1719 4470 justus
1743 4418 1777 4456 ιι
1795 4403 1904 4473 plenus.

210 4487 280 4544 citra
299 4493 802 4558 consensumparentumcontractum
820 4507 876 4546 non
893 4498 937 4547 est
953 4492 1041 4563 legiti·
1070 4488 1125 4546 Sed
1154 4488 1224 4543 citra
1249 4503 1414 4542 consensum
1439 4493 1587 4558 parentum
1617 4504 1766 4543 consensus
1794 4499 1904 4545 contra-

211 4592 296 4643 mum‚
312 4572 576 4629 ratumacfirmum.
613 4574 746 4633 Ulterius.
768 4575 822 4642 Qui
833 4583 925 4646 potest
936 4578 1043 4635 irritum
1069 4575 1194 4630 hentium
1233 4590 1290 4628 non
1334 4577 1377 4628 est
1419 4574 1560 4646 legitimus
1594 4575 1688 4644 justus
1726 4592 1759 4630 ιι
1795 4575 1904 4647 plenus.

210 4659 303 4716 facere
319 4667 414 4714 votnm
432 4657 506 4714 filiae
522 4659 583 4716 Deo
601 4658 715 4730 iactum,
733 4662 807 4733 quod
827 4679 877 4719 suo
895 4681 952 4719 non
971 4682 1042 4720 com-
1069 4661 1144 4734 Ergo
1172 4661 1202 4715 in
1229 4660 1360 4731 conjugio
1386 4659 1456 4717 citra
1480 4666 1627 4732 parentum
1649 4677 1814 4717 consensum
1839 4681 1904 4719 con·

211 4745 340 4817 probavit
361 4761 490 4815 assensu,
518 4745 542 4800 is
567 4745 651 4801 etiam
672 4752 766 4817 potest
791 4747 896 4804 irritam
927 4751 1043 4808 reddere
1070 4752 1159 4803 tracto
1196 4747 1276 4804 deest
1307 4761 1392 4801 causa
1434 4745 1558 4802 alliciens
1601 4747 1733 4802 divinitus
1767 4749 1902 4807 ordinata

210 4832 416 4900 promissionem
451 4831 679 4888 matrimonialem
711 4831 785 4891 filiae
820 4835 900 4890 alteri
931 4834 1043 4907 iactam,
1070 4836 1233 4890 Assumtum
1251 4837 1359 4888 constat
1375 4849 1408 4888 ex
1421 4834 1569 4890 antedictis
1580 4841 1609 4890 et
1626 4834 1728 4890 clarius
1740 4836 1853 4906 patebit
1871 4854 1904 4893 es

211 4934 294 4989 quam
320 4934 371 4972 suo
394 4933 450 4972 non
476 4916 665 4989 comprobarit
692 4936 814 4976 ιιιιιιιιι.
848 4921 933 4977 Ριιιι
952 4930 1043 4992 potest
1070 4921 1203 4977 dicendis.
1240 4920 1396 4976 Gomorrae
1412 4922 1487 4986 facit
1503 4922 1632 4991 nuptiae,
1659 4921 1750 4993 inquit
1765 4923 1902 4992 juriscon-

211 5004 296 5076 prius‚
322 5019 389 5076 ergo
411 5013 440 5061 et
460 5006 606 5076 posterius.
644 5005 908 5080 Utrumqueigitur
927 5025 945 5064 ι
961 5008 1041 5065 nobis
1069 5006 1158 5061 sultus
1176 5005 1194 5062 l.
1212 5005 1331 5077 Nuptias
1349 5004 1380 5064 ff.
1399 5007 1434 5063 de
1445 5006 1479 5064 R.
1491 5007 1517 5064 J.
1537 5013 1566 5063 at
1578 5007 1660 5064 liberi
1677 5009 1701 5063 si
1719 5009 1748 5064 in
1764 5016 1905 5080 potestate

170 5163 173 5169 .
211 5091 442 5155 demonstratum,
467 5096 527 5148 tum
550 5092 625 5163 qnod
650 5092 854 5149 matrimonium
881 5093 975 5148 insciis
991 5102 1041 5151 aut
1069 5098 1216 5164 parentum
1236 5099 1311 5162 sunt,
1327 5110 1380 5163 per
1397 5111 1427 5151 ιι
1444 5095 1599 5151 consentire
1617 5101 1776 5166 nequeunt,
1795 5095 1812 5150 1.
1832 5096 1905 5152 velle

103 5216 110 5226 .
211 5175 304 5231 inritis
324 5175 485 5247 parentibus
503 5176 608 5233 famum
625 5177 662 5233 sit
675 5179 793 5249 irritum,
808 5185 868 5234 tum
886 5180 961 5252 quod
977 5198 1041 5252 pos·
1070 5179 1099 5236 ff.
1124 5179 1186 5234 eod
1209 5197 1358 5235 consensus
1380 5183 1406 5236 ir
1432 5183 1596 5251 cupatrio,
1628 5198 1680 5252 per
1708 5199 1786 5252 quem
1811 5193 1905 5253 potest

211 5263 248 5319 sit
265 5263 375 5321 irritari.
411 5262 466 5320 Sed
483 5264 830 5334 promittitssellarminus,
846 5266 975 5334 mapulas
993 5285 1040 5320 ur·
1070 5285 1131 5323 erse
1151 5281 1299 5321 consumta
1315 5267 1385 5336 filii,
1411 5284 1461 5322 nec
1480 5268 1554 5322 enirn
1573 5269 1633 5338 ipre
1650 5268 1727 5333 fitius
1742 5285 1798 5337 per
1815 5286 1846 5323 ιι
1864 5272 1906 5324 in·

209 5351 332 5418 moronti
347 5357 445 5420 partes
460 5366 491 5405 ιι
510 5352 671 5407 accuratius
682 5353 879 5423 inspecturum,
899 5352 1041 5408 videamus
1070 5359 1146 5422 tepor
1164 5353 1245 5409 bonta
1263 5360 1315 5423 ert,
1340 5361 1373 5409 ut
1390 5367 1425 5407 ex
1440 5351 1530 5409 Baldo
1548 5352 1672 5425 loquitur
1689 5354 1810 5412 Albesia
1831 5355 1906 5413 Gen-

210 5453 279 5509 erpc
311 5435 379 5508 quid
404 5435 547 5493 invenerit.
590 5437 700 5509 Excipit
732 5443 757 5496 2.
785 5439 936 5509 captator
956 5458 1041 5511 porse
1071 5435 1128 5495 tilis
1154 5438 1203 5496 lib.
1220 5445 1245 5495 t.
1266 5436 1301 5495 de
1325 5445 1402 5512 nupt
1421 5455 1447 5497 c.
1467 5444 1492 5495 ³.
1525 5439 1643 5496 Materia
1661 5440 1784 5514 conjugii
1803 5441 1905 5498 divini·

211 5526 305 5580 Deum
330 5531 472 5578 ιιιιοιιιι
497 5524 717 5579 matrimonialis
743 5526 949 5596 conjunctionis
974 5526 1042 5596 diri,
1072 5534 1119 5584 tus
1135 5524 1263 5581 ordinata
1281 5531 1347 5581 sunt
1363 5541 1496 5597 perseum
1513 5542 1544 5581 se
1563 5524 1796 5594 habentesrecte,
1816 5526 1909 5586 idest
