4020 6022
281 186 343 246 338
859 174 984 235 Locus
1000 172 1207 233 wettinus
1224 176 1392 244 QUINTUS

279 334 369 391 libera
392 334 510 407 collegia
536 339 565 390 st
590 334 701 390 scholae
733 333 858 405 pietatis,
889 330 1052 404 disciplinae
1079 344 1113 383 sc
1141 331 1223 403 Ergo.
1274 332 1333 389 Nec
1362 337 1456 404 potest
1478 333 1585 405 excipi,
1611 336 1690 405 quod
1722 334 1793 389 law
1820 330 1973 387 eonem

281 422 399 491 virtutis,
417 438 473 477 non
490 427 584 477 autem
597 420 719 475 claustra
730 420 854 475 homines
868 425 996 475 votorum
1006 415 1114 489 laqueis
1137 418 1278 487 pertinmt
1295 422 1337 473 cd
1347 420 1423 491 lepre
1434 422 1566 487 forenses
1577 420 1634 475 sios
1646 419 1819 491 judiciales,
1838 417 1907 491 quis
1919 415 1973 471 nili-

283 508 448 563 constrietos
465 511 494 563 et
513 506 674 578 conjugium
693 507 805 577 penitus
826 506 986 578 abjuranms
1004 503 1114 559 conclu·
1139 510 1186 559 tur
1206 505 1271 575 jure
1295 506 1403 577 patriae
1429 507 1591 578 potestatis,
1616 507 1692 579 quod
1718 523 1753 561 ex
1777 504 1846 576 lege
1864 512 1972 559 nature

282 593 391 659 dentis,
422 599 453 648 ut
471 598 579 648 constat
606 609 640 648 ex
658 592 813 647 Athanasio
830 592 910 662 epist.
929 591 965 646 ad
984 590 1112 646 Iliacont.
1140 590 1274 663 originem
1297 593 1391 648 trahit.
1418 596 1447 648 3.
1473 592 1542 647 Cum
1559 594 1659 663 recula
1679 592 1845 664 apostolica
1866 597 1890 649 1.
1909 589 1972 645 'Ilm

283 679 480 750 Chrysoslomo
510 678 572 733 libr.
600 684 623 734 3.
651 678 714 735 adv,
741 680 889 750 vituperat.
918 678 968 735 rit
997 682 1113 732 monast.
1141 685 1164 743 5,
1173 678 1295 739 ultrice
1303 676 1421 747 ἀμοιβὰς
1430 678 1660 743 ἂποδιδόνκιτοῖς
1669 676 1822 751 προγόνοις
1830 678 1889 734 iuri
1897 673 1974 731 uelde

282 764 450 837 Augustinio
495 765 530 820 de
573 765 694 821 moribus
736 764 833 821 eccles.
878 780 941 836 cap.
981 770 1023 820 3³.
1064 763 1112 819 So·
1140 768 1186 816 sci
1217 761 1371 818 ἀπόδεκτον
1407 761 1527 820 inducor
1563 767 1613 819 rori
1642 768 1721 819 decri.
1777 762 1871 834 Atqui
1905 760 1972 817 illu

282 868 395 908 romono
441 851 501 905 libr.
546 856 569 906 3.
615 868 676 922 cap.
714 856 752 907 re.
795 850 953 922 Nicephoro
986 849 1048 905 libr.
1086 856 1111 906 9.
1140 849 1372 924 irssnsleipynosr
1390 856 1419 906 ei·
1448 850 1589 907 irriderer
1607 857 1663 907 τῶν
1689 857 1873 923 &pensentur
1898 850 1972 921 plane

278 953 339 1007 cap.
361 943 401 993 lt.
420 942 471 994 etc.
1139 954 1241 1008 susque
1258 936 1349 1010 deque
1366 936 1484 1003 habent,
1508 937 1557 1009 qui
1576 938 1759 993 monasticam
1778 935 1970 993 continentiam

152 1028 172 1069 2
186 1030 239 1070 ⁸⁰⁸·
315 1030 373 1080 521.
409 1026 436 1079 2.
458 1024 543 1086 Qrcod
558 1033 623 1078 cota
641 1023 794 1078 coelibatus
807 1023 964 1094 mospiunt
979 1040 998 1075 a
1015 1022 1112 1077 liberis
1139 1028 1168 1077 et
1179 1022 1364 1078 obedientiam
1378 1031 1521 1090 voverunt,
1541 1023 1717 1096 nequeenim
1734 1024 1779 1080 rel
1792 1022 1968 1087 consilimrel

151 1082 245 1171 iiiiii.
279 1111 330 1163 rud
346 1118 483 1183 potestate
497 1117 649 1180 parentum
665 1110 758 1163 Mirm
771 1109 937 1178 cumcun,
956 1107 1031 1164 nude
1042 1107 1112 1163 illud
1139 1125 1169 1162 re
1187 1109 1262 1179 ipsos
1280 1110 1430 1181 adJnrsnt‚
1450 1109 1479 1164 in
1503 1110 1606 1165 morbis
1627 1126 1722 1165 eorum
1741 1126 1841 1165 euram
1857 1126 1913 1163 noa
1928 1125 1969 1178 ge

152 1186 256 1223 herorum
279 1194 443 1266 Hieronymi
463 1196 491 1249 in
508 1194 588 1265 epist.
612 1194 649 1249 sd
667 1193 848 1250 Heliodorum
866 1200 1002 1266 perpetuo
1018 1193 1048 1249 in
1065 1211 1112 1250 ore
1138 1200 1216 1264 runt,
1241 1203 1395 1252 moerentes
1414 1214 1468 1252 non
1489 1197 1676 1262 eonsolsntur,
1696 1196 1828 1268 adeoque
1845 1194 1968 1265 proedn

151 1236 251 1327 idisti:
280 1282 400 1337 babent:
430 1283 509 1335 Licet
535 1281 676 1351 parvulus
704 1297 737 1335 er
765 1282 838 1336 collo
860 1284 988 1351 pendeat
1017 1298 1111 1351 nepos,
1139 1281 1256 1336 csu'onis
1273 1281 1408 1337 masdeio
1436 1283 1544 1338 nullum
1568 1281 1641 1355 grati
1668 1281 1755 1337 snimi
1778 1282 1893 1353 signnm
1910 1279 1969 1350 ipsis

151 1342 344 1431 iiiidwmlicet
362 1386 464 1438 sparso
482 1368 561 1422 crine
580 1375 606 1423 et
630 1368 726 1421 scisset
748 1368 869 1422 uestitus
888 1368 988 1437 ulma,
1014 1368 1112 1437 quihus
1139 1367 1277 1423 exhibent.
1324 1367 1358 1423 In
1385 1369 1449 1424 ritis
1479 1374 1593 1440 patrum
1622 1375 1871 1436 commemoratur,
1902 1366 1969 1438 qnod

151 1442 264 1534 3¹:3²⁸
280 1463 305 1509 te
320 1456 476 1517 nutrierat,
502 1461 592 1506 mater
610 1455 753 1521 ostendat,
777 1454 844 1507 licet
860 1454 890 1507 in
910 1454 1006 1507 limine
1024 1460 1112 1523 pater
1139 1462 1227 1509 mater
1252 1456 1323 1508 duos
1346 1455 1425 1520 filios
1441 1456 1572 1510 mantuae
1588 1455 1727 1524 meuserit,
1744 1456 1845 1509 videre
1863 1454 1971 1524 capiens

275 1543 383 1611 jaceat,
399 1540 562 1611 percalcato
582 1556 672 1609 perpe
689 1547 776 1609 patre
798 1540 934 1610 strenuae
959 1540 1049 1593 oeulis
1072 1541 1113 1593 ad
1139 1548 1265 1595 mutuno
1291 1543 1392 1612 affectu
1418 1543 1533 1605 fructus
1561 1543 1636 1597 uteri
1651 1544 1713 1610 sui,
1747 1550 1778 1595 at
1808 1542 1858 1595 illi
1879 1540 1972 1595 elassa

277 1626 409 1681 cecilium
427 1626 520 1681 crucis
539 1627 632 1695 mola,
650 1627 742 1681 solum
758 1627 877 1696 pietatis
894 1644 981 1696 penus
1001 1633 1042 1680 est
1058 1627 1112 1679 irae
1137 1628 1229 1695 janua
1247 1635 1419 1696 repererunt
1442 1630 1529 1683 matri
1552 1628 1657 1693 sociem
1676 1646 1759 1681 ruam
1771 1628 1971 1697 promittentes,

279 1715 309 1766 in
327 1730 359 1766 re
377 1729 436 1767 esse
456 1713 607 1767 crudelem.
644 1712 779 1783 Exempla
801 1711 865 1769 ride
884 1712 913 1767 ia
931 1713 995 1767 hist.
1013 1711 1112 1767 lenuit.
1141 1715 1171 1767 in
1187 1716 1290 1781 funcra
1307 1714 1403 1783 gloria
1420 1730 1480 1768 rese
1497 1731 1560 1769 eam
1578 1716 1704 1779 muros,
1719 1715 1749 1768 si
1765 1717 1860 1778 ferret
1878 1714 1910 1767 in
1925 1715 1973 1767 lar

279 1798 483 1853 llasenmulleri
511 1814 534 1855 c.
560 1805 583 1855 7.
633 1798 692 1854 Nos
717 1797 770 1851 hoc
794 1814 922 1869 pugnare
947 1797 1064 1853 dicimus
1091 1803 1112 1851 l.
1140 1800 1199 1855 rita
1217 1807 1348 1869 negatum
1365 1808 1548 1870 conspectum.
1584 1800 1693 1856 Jacobo
1712 1798 1875 1855 Schcnchio
1893 1798 1971 1855 nobli

198 1886 202 1893 '
283 1904 345 1939 eum
377 1894 530 1955 praecepto
558 1885 655 1939 diuino
686 1885 721 1940 de
753 1884 921 1939 honorandis
951 1884 1113 1957 parentibus
1142 1887 1251 1941 Barsro
1280 1885 1387 1941 Romae
1414 1903 1464 1957 per
1483 1885 1607 1943 Jesuitas
1635 1887 1752 1942 seducto
1773 1894 1804 1943 et
1833 1886 1863 1941 in
1891 1886 1974 1957 petris

280 1972 366 2028 Exod.
387 1978 436 2041 20,
456 1990 481 2027 r.
504 1977 543 2029 12.
563 1989 597 2027 ex
615 1989 670 2045 quo
683 1972 771 2042 petita
788 1978 832 2028 est
849 1972 942 2044 gravis
960 1970 1112 2027 exhortatio
1142 1970 1313 2029 lesnitsrum
1338 1971 1497 2027 mcictatem
1524 1972 1649 2043 ingresso
1672 1972 1770 2027 seribit
1787 1972 1838 2043 pis
1857 1979 1888 2027 et
1906 1970 1974 2027 senio

279 2058 432 2129 apostolica
447 2058 519 2128 Eph.
540 2063 564 2128 t,
582 2075 608 2112 v.
621 2064 644 2115 l.
680 2059 755 2112 Filii
769 2059 869 2112 cestris
886 2059 995 2113 obedite
1010 2073 1115 2127 paren-
1141 2057 1269 2113 conlecta
1286 2063 1376 2112 mater
1391 2075 1507 2129 rogans,
1527 2066 1557 2112 ut
1574 2059 1736 2113 societatem
1752 2059 1840 2113 mum
1859 2061 1974 2121 damst,

280 2147 354 2199 tibae
381 2146 409 2197 in
437 2146 575 2209 Domino,
606 2148 659 2200 loc
684 2145 757 2198 enim
780 2146 884 2213 iustum
907 2152 955 2199 est.
1006 2143 1114 2214 Atqui
1141 2148 1183 2199 ad
1195 2146 1346 2212 familiam
1357 2162 1438 2199 eseam
1453 2145 1571 2213 anuqua
1588 2144 1736 2197 nobilitate
1754 2144 1895 2211 insipiam
1913 2148 1974 2199 red-

281 2237 379 2287 contra
409 2231 579 2286 voluntatem
608 2236 755 2301 parentum
793 2229 942 2286 coelibatui
980 2247 1013 2285 nc
1042 2231 1115 2285 vitae
1142 2240 1187 2285 eat
1224 2237 1276 2286 eto.
1306 2235 1337 2284 at
1365 2229 1438 2285 filius
1468 2230 1550 2285 matri
1581 2230 1647 2300 piae
1676 2236 1704 2285 et
1732 2230 1916 2301 grmdserae
1945 2248 1974 2285 er

281 2318 451 2373 monasticae
481 2333 541 2373 sese
565 2318 717 2385 devovent,
744 2332 800 2371 non
827 2316 962 2372 honorant
986 2321 1116 2387 parentes
1141 2317 1273 2371 instinctu
1295 2315 1429 2371 lesnitico
1455 2315 1594 2370 rescribit:
1621 2317 1686 2383 Epo
1708 2316 1809 2370 redire
1833 2334 1885 2370 nec
1908 2318 1975 2371 cdo.

284 2421 335 2458 nec
362 2402 485 2458 debitam
511 2402 695 2458 obedientiam
726 2403 781 2457 illis
812 2407 961 2473 praestant.
1005 2402 1116 2472 Excipit
1142 2420 1329 2472 nerpoicum,
1347 2419 1397 2456 nec
1415 2401 1507 2469 deleo,
1524 2416 1613 2471 neque
1626 2402 1699 2454 enim
1712 2401 1845 2456 Christus
1862 2410 1975 2473 prepter

281 2489 462 2546 Bellarminus
481 2489 516 2543 de
534 2489 659 2544 monach.
685 2505 709 2544 c.
730 2493 776 2544 ³6:
803 2489 894 2542 Jucta
918 2486 1116 2558 Chrysostomi,
1140 2491 1281 2557 lacrymas
1299 2489 1399 2543 matris
1417 2506 1437 2542 a
1459 2505 1541 2542 mace
1558 2488 1710 2541 deecsnds't.
1747 2486 1975 2545 Hasenmallcrrs

287 2576 501 2646 Theoplylacti,
521 2576 690 2643 Hieronymi
716 2582 742 2629 et
769 2575 894 2629 aliorum
919 2576 1116 2645 expositionum
1141 2576 1169 2630 in
1188 2575 1284 2631 hister.
1309 2574 1408 2631 decuit
1432 2581 1500 2630 c.'1.
1528 2592 1555 2644 p.
1575 2578 1635 2630 tbi.
1657 2573 1706 2629 ubi
1732 2574 1818 2645 plura
1845 2576 1975 2646 ejusmodi

285 2665 350 2718 ideo
370 2662 530 2732 apostolum
553 2662 752 2716 addidissem
770 2663 908 2728 Domino,
927 2670 958 2715 nt
976 2662 1115 2730 intellige·
1142 2662 1290 2736 ἀσιοργίιις
1302 2662 1429 2732 exempla
1439 2666 1641 2717 commemorat
1673 2660 1778 2717 Confer
1791 2661 1974 2734 etismlegu·

284 2769 353 2815 mue,
370 2767 426 2804 non
444 2763 503 2803 esee
522 2748 562 2802 eis
580 2748 765 2801 obediendum
783 2748 841 2801 nisi
858 2749 889 2802 in
907 2748 952 2812 iis,
971 2764 1044 2817 quas
1059 2766 1116 2801 non
1143 2750 1207 2804 dam
1227 2748 1371 2804 Francisci
1398 2766 1459 2818 cap.
1480 2753 1505 2803 2.
1532 2747 1658 2803 Lusium
1680 2746 1710 2802 in
1729 2754 1845 2807 metat.
1863 2749 1901 2804 de
1916 2758 1976 2805 stst

284 2838 438 2906 impediunt
474 2835 619 2905 pietatem.
671 2834 898 2905 Respondemus:
939 2834 1116 2889 concedimus
1142 2836 1215 2890 vitae
1232 2834 1361 2905 eligendo
1385 2851 1411 2905 q.
1431 2840 1455 2889 2.
1482 2850 1547 2905 pag.
1565 2838 1608 2889 te.
1656 2832 1768 2904 Excipit
1785 2834 1976 2900 Bellsrsrinns,

285 2922 484 2989 limitationem,
503 2921 553 2977 sed
564 2937 699 2993 negamus
710 2920 881 2975 limitationis
893 2920 1115 2990 applicationem.
1139 2928 1324 2991 praeceptum
1358 2921 1392 2973 de
1421 2919 1557 2973 subsidiis
1583 2919 1786 2988 temporaliter
1813 2921 1975 2991 pareatibus

283 3010 354 3065 Nam
378 3008 402 3061 si
421 3008 465 3062 vel
491 3007 609 3062 maxime
634 3024 690 3061 non
714 3016 848 3062 voveatur
874 3005 1040 3071 coelibatus,
1065 3024 1116 3062 nec
1143 3008 1307 3072 reddendis,
1324 3013 1356 3060 nt
1375 3007 1437 3061 alia
1461 3007 1556 3061 omnic
1573 3007 1760 3072 affirmatius,
1775 3025 1837 3061 nas
1853 3008 1976 3078 allicere

283 3095 341 3149 vita
357 3093 510 3149 monastica
526 3093 661 3164 eligatur,
680 3093 786 3148 nullum
803 3100 897 3149 umen
917 3110 950 3147 ex
968 3110 1001 3148 eo
1018 3093 1116 3164 pietati
1142 3095 1201 3148 nisi
1217 3095 1246 3148 in
1270 3110 1341 3148 casu
1358 3094 1548 3162 necessitatis,
1575 3110 1638 3147 cum
1660 3093 1796 3147 nidelicm
1814 3101 1903 3163 pater
1921 3093 1975 3147 sine

162 3192 218 3232 rvr.
237 3192 271 3233 te.
285 3181 416 3252 objicitur
440 3179 680 3250 impedimentum,
716 3186 749 3234 ut
778 3180 947 3235 ostendimus
982 3179 1115 3251 superius.
1143 3182 1198 3245 filii
1223 3198 1309 3251 opera
1332 3181 1425 3233 rioms
1451 3197 1507 3233 non
1533 3186 1634 3251 potest.
1673 3178 1904 3249 Respondemus:
1925 3181 1976 3235 imo

284 3268 384 3322 Primis
401 3267 456 3322 illis
474 3285 508 3321 ac
529 3266 689 3322 melioribus
709 3266 841 3321 eccleciae
858 3267 1040 3336 temporibus,
1064 3283 1116 3322 nec
1143 3285 1207 3323 vero
1234 3267 1262 3322 vi
1287 3266 1429 3337 praecepti
1454 3266 1541 3321 divini
1565 3266 1639 3321 lilius
1666 3266 1833 3337 parentibus
1856 3266 1976 3324 subsidia

284 3355 435 3409 coelibatus
452 3360 527 3420 vota,
543 3370 596 3408 nec
606 3352 899 3425 monasticaeregulae
917 3354 946 3407 in
959 3371 1012 3407 usu
1029 3360 1116 3419 erant,
1143 3353 1304 3424 temporalia
1333 3352 1418 3408 debet
1453 3368 1510 3407 non
1539 3358 1648 3406 tantum
1683 3351 1713 3405 in
1743 3369 1814 3408 casu
1843 3362 1976 3409 extremae

285 3441 381 3510 ecquis
401 3457 465 3494 vero
484 3438 623 3494 affirmare
645 3438 726 3505 ausit,
742 3438 845 3509 primos
865 3438 926 3493 illos
944 3438 1116 3494 Christianos
1142 3440 1324 3506 necessitatis,
1343 3438 1455 3510 quando
1473 3438 1533 3493 sine
1558 3437 1608 3493 filii
1632 3454 1716 3519 opera
1743 3438 1829 3508 plane
1843 3458 1903 3495 non
1919 3458 1974 3511 pos

282 3526 394 3598 pietatis
413 3525 506 3580 studio
518 3524 659 3579 monachis
672 3526 758 3579 fuisse
769 3524 930 3579 inferiores?
962 3527 1116 3595 inaffecti·
1143 3531 1209 3581 sunt
1225 3525 1334 3593 vivere,
1358 3524 1508 3579 sedetiam
1530 3522 1560 3577 in
1586 3540 1652 3579 casu
1674 3524 1844 3593 bonmtatis,
1869 3526 1975 3598 quando

283 3614 347 3678 tin,
364 3612 456 3683 inquit
485 3610 617 3665 Erasmus
647 3611 676 3663 in
700 3610 785 3681 praei.
812 3610 915 3667 enchir.
939 3610 993 3665 mil.
1015 3610 1115 3666 Christ
1143 3612 1201 3666 sine
1231 3611 1334 3665 talibus
1362 3610 1492 3666 subsidiis
1519 3627 1576 3664 non
1603 3616 1721 3681 possunt
1747 3610 1818 3666 satis
1838 3612 1975 3667 commode

282 3718 308 3770 p.
320 3704 361 3755 22.
381 3705 420 3752 est
435 3697 644 3751 Christianismi
652 3698 802 3768 perfectio,
814 3716 869 3750 non
882 3698 911 3750 in
922 3698 997 3751 ustae
1008 3672 1242 3791 penereivisere.
1290 3697 1330 3752 Ut
1347 3698 1426 3766 Deo,
1454 3698 1495 3752 its
1516 3712 1627 3768 qnoque
1653 3696 1818 3767 parentibus
1836 3714 1975 3769 nunquan

282 3785 432 3839 inanimis
452 3791 506 3854 est,
533 3803 589 3840 non
614 3784 730 3854 palliis,
754 3801 811 3838 non
837 3784 914 3840 cibis.
935 3801 962 3854 p.
978 3790 1024 3840 31:
1050 3786 1234 3855 Nonjpotest
1261 3784 1340 3839 reddi
1368 3784 1545 3855 aequivalens
1571 3784 1739 3855 praemium,
1774 3785 1853 3856 quod
1881 3786 1927 3841 rel
1946 3802 1974 3841 ss

282 3874 435 3927 cclnmdum
453 3872 677 3925 desiderabimus
694 3872 724 3924 in
741 3871 802 3925 illie
819 3872 878 3924 tria
895 3879 960 3925 cota
977 3872 1013 3925 cl
1030 3856 1261 3927 lomi-inatnrae
1277 3871 1340 3925 luce
1365 3871 1487 3926 saniores
1513 3869 1616 3926 ethnici
1639 3876 1839 3941 cognoverunt.
1875 3870 1975 3929 Demus

282 3960 361 4013 itibus
375 3966 501 4028 reperta,
529 3959 578 4028 qui
599 3958 725 4026 primum
747 3958 868 4012 illudet
887 3959 999 4012 unicum
1016 3934 1216 4025 votumdvcro,
1243 3963 1424 4026 praeceptum
1452 3955 1522 4010 illud
1550 3973 1606 4010 non
1633 3954 1758 4027 obligare
1777 3956 1833 4011 nisi
1856 3956 1887 4012 in
1914 3974 1974 4013 casu

282 4048 359 4115 quod
378 4046 409 4099 in
426 4046 564 4115 baptismo
581 4063 638 4097 non
656 4044 770 4110 homini,
788 4047 840 4097 sed
852 4043 1116 4115 Cirriuonuneupa·
1142 4042 1329 4111 necessitatis,
1351 4050 1433 4098 atne
1451 4043 1492 4097 sic
1510 4042 1621 4113 quidem
1642 4042 1776 4096 rationem
1795 4042 1858 4111 eJus
1876 4042 1975 4097 habent

283 4138 383 4200 nemius,
401 4132 509 4186 sincere
531 4131 693 4200 pariterque
717 4131 894 4185 secaverint.
944 4130 1024 4194 Quod
1047 4148 1114 4203 ergo
1128 4166 1131 4195 ;
1143 4128 1228 4183 votivi
1246 4127 1374 4184 monachi
1392 4144 1425 4183 ac
1444 4127 1592 4197 moniales,
1613 4128 1740 4199 quamvis
1759 4127 1835 4183 enirn
1854 4128 1886 4183 in
1902 4144 1975 4199 prse

282 4218 407 4273 Christus
426 4217 583 4272 Pharisaeis
606 4217 642 4272 ob
663 4216 825 4271 traditiones
848 4234 911 4271 suas
935 4223 1114 4287 praeceptum
1127 4210 1131 4331 ἶ
1142 4214 1213 4269 senti
1232 4214 1279 4269 illo
1298 4218 1388 4281 statu,
1407 4231 1463 4285 quo
1481 4222 1598 4278 vovent,
1613 4220 1743 4284 parentes
1760 4229 1819 4269 non
1835 4213 1976 4286 indigeant

282 4306 317 4361 de
343 4304 511 4360 honorandis
536 4302 698 4372 parentibus
726 4301 831 4356 irritum
857 4302 1025 4357 iacientibus
1049 4302 1237 4383 dicitieorum
1268 4315 1367 4370 opera,
1403 4305 1497 4356 tamen
1526 4299 1639 4369 saepius
1672 4298 1852 4369 postmodum
1885 4300 1976 4355 incidit

281 4391 379 4446 Matth.
401 4396 447 4455 15,
469 4408 494 4447 v.
515 4396 539 4446 3.
569 4388 654 4442 Marc.
671 4395 699 4457 7,
724 4405 749 4442 r.
769 4394 792 4443 9.
816 4387 890 4442 idem
909 4394 938 4443 et
954 4405 1004 4442 nos
1023 4388 1252 4477 Ponti-*tempus
1281 4386 1432 4456 ejusmodi,
1461 4392 1492 4441 ut
1517 4385 1678 4456 indigeant,
1705 4400 1740 4439 uc
1767 4384 1857 4441 nihilo
1887 4386 2000 4443 unm¹

281 4479 350 4533 liciis
368 4476 403 4532 oh
422 4478 494 4531 vitae
509 4474 675 4529 monasticae
686 4473 797 4543 regulas
812 4480 840 4528 et
856 4474 1008 4529 coelibatus
1022 4482 1115 4531 votum
1128 4480 1130 4517 !
1142 4472 1234 4526 minus
1259 4488 1276 4526 a
1303 4489 1370 4527 cura
1395 4478 1423 4527 et
1445 4471 1576 4528 subsidiis
1600 4476 1747 4542 parentum
1769 4470 1823 4527 filii
1840 4480 1975 4529 uocatu.

281 4570 461 4635 praeceptum
480 4560 515 4615 de
534 4560 697 4631 parentibus
715 4559 882 4614 honorandis
894 4561 1166 4631 posthabenduml.
1186 4558 1256 4613 Cum
1268 4561 1451 4628 praescripto
1471 4558 1594 4627 apostoli
1620 4557 1774 4627 l.Cor.'1,
1799 4574 1827 4614 r.
1843 4562 1899 4614 37:
1926 4557 1976 4621 Qui

282 4669 341 4706 esse
359 4646 523 4703 docentibus
538 4647 604 4715 jure
621 4662 655 4701 sc
674 4646 770 4700 merito
788 4648 961 4717 opponimus.
1001 4652 1028 4701 2.
1047 4644 1129 4703 Gum'
1142 4645 1240 4701 statuit
1258 4647 1288 4700 in
1307 4646 1393 4699 corde
1406 4663 1457 4699 suo
1467 4648 1575 4711 firmus,
1594 4662 1651 4699 non
1662 4644 1768 4699 hahens
1778 4646 1976 4707 neemia.

282 4751 413 4803 cupressu
430 4733 490 4802 lece
510 4734 546 4785 da
565 4732 637 4787 cotis
650 4732 734 4801 filiae
752 4733 861 4786 traditu
877 4732 959 4790 Num.
979 4739 1021 4803 ³0,
1040 4752 1065 4790 r.
1085 4740 1304 4802 4:2potsuasem
1332 4740 1423 4785 aretem
1449 4732 1551 4785 habens
1580 4748 1649 4785 arcus
1675 4731 1843 4799 uoluntatis,
1873 4740 1902 4787 et
1928 4732 1975 4785 has

282 4820 391 4875 Mulier
407 4819 435 4875 si
447 4818 593 4889 quippiam
611 4818 716 4871 caverit
734 4826 760 4872 et
776 4836 805 4872 se
822 4819 1018 4873 constrinxerit
1029 4821 1115 4889 jura·
1136 4820 1281 4887 judicavit
1299 4819 1329 4871 in
1347 4820 1433 4873 corde
1450 4836 1501 4872 cua
1514 4818 1736 4887 filiamesruare
1747 4818 1897 4888 ruginem,
1916 4820 1976 4873 dese

281 4914 384 4973 mento,
412 4922 483 4976 quae
509 4912 550 4959 eet
576 4905 606 4958 in
635 4906 717 4959 clamo
741 4907 836 4978 patris
860 4907 905 4959 siti
928 4915 954 4961 et
977 4907 1008 4959 in
1026 4914 1116 4960 amate
1141 4906 1224 4968 facit.
1262 4903 1318 4958 Hic
1341 4903 1415 4974 patri
1444 4903 1577 4957 tribuitur
1597 4902 1760 4959 deliberatio
1788 4910 1818 4961 et
1834 4905 1976 4961 comilinn

280 4993 372 5048 adlice
385 4992 529 5063 puellari,
545 5009 571 5045 v·
592 4996 616 5045 6.
635 4992 770 5045 sirtarim
788 4993 884 5045 eodem
902 4993 964 5060 die,
983 5000 1014 5044 ut
1031 5000 1116 5060 pater
1127 4980 1130 5043 i
1143 4989 1178 5045 de
1208 4990 1345 5045 servanda
1371 4988 1445 5044 filiae
1474 4988 1643 5061 virginitate.
1685 4989 1726 5044 At
1743 4990 1769 5045 si
1787 4990 1870 5047 liberi
1889 4990 1977 5049 inritis

280 5080 417 5147 cudunt,
436 5079 654 5141 contradicerit,
680 5086 706 5131 et
723 5085 806 5146 cota,
831 5084 857 5131 et
869 5077 1035 5145 juramenta
1054 5078 1115 5145 ejus
1126 5072 1129 5133 s
1141 5076 1304 5146 parantibus
1326 5076 1493 5132 coelibatum
1512 5092 1611 5132 vovere
1628 5083 1750 5147 possent,
1768 5077 1849 5133 nulla
1863 5078 1978 5151 amplius

280 5172 361 5221 erunt
378 5166 476 5228 irrita,
498 5182 532 5220 ex
559 5182 616 5236 qno
641 5164 681 5217 sic
704 5163 872 5234 collegimus.
913 5161 965 5217 Cui
983 5161 1239 5232 competit-relicta
1275 5163 1348 5219 foret
1376 5162 1539 5234 parentibus
1576 5163 1629 5219 hac
1671 5163 1705 5217 de
1741 5180 1772 5219 re
1809 5164 1977 5221 deliberabo.

281 5259 376 5307 votum
405 5249 479 5305 filiae
510 5251 675 5321 intringere,
705 5249 812 5321 absque
838 5250 898 5320 ejus
925 5264 1060 5303 consensu
1087 5257 1115 5303 et
1142 5254 1168 5306 5.
1190 5253 1255 5304 ciam
1270 5249 1412 5319 paritatis
1428 5251 1548 5305 ratione.
1581 5249 1677 5305 Liberi
1695 5250 1724 5304 in
1736 5252 1979 5325 potestatepstris

279 5343 376 5395 contra
393 5337 453 5406 ejus
480 5337 650 5392 voluntatem
675 5336 733 5391 filia
759 5353 815 5391 non
836 5342 929 5406 potest
948 5333 1287 5427 coelibatumpconstituti
1315 5352 1371 5390 non
1396 5339 1513 5405 possunt
1535 5334 1629 5389 invitis
1655 5335 1822 5406 parentibus
1841 5339 1979 5395 matrimo-

279 5441 386 5481 vovere.
420 5422 475 5478 Sed
500 5423 573 5493 petri
593 5421 725 5493 competit
751 5428 844 5477 votum
862 5419 936 5477 filiae
953 5420 1217 5492 infringere.¹nium
1236 5421 1405 5487 contrahere,
1423 5428 1454 5476 ut
1472 5421 1644 5476 ostendimus
1663 5422 1800 5492 superius.
1838 5423 1918 5501 Ergo
1934 5441 1979 5483 nec
