4020 6022
212 329 274 389 424
442 415 447 426 ι
789 325 911 385 lacus
929 326 1132 387 wasemes
1151 330 1318 396 QUINTUS

215 483 367 547 memorat,
385 488 417 533 ut
431 487 586 551 praeemte
604 479 731 549 lepitimo
749 483 916 551 capnitione,
933 492 1045 540 nocente
1075 503 1144 542 uxor
1160 486 1245 542 fuerit
1269 492 1360 543 aetate
1381 487 1441 557 jam
1466 493 1610 559 provecta,
1637 491 1671 543 ut
1705 488 1815 543 nullum
1841 488 1906 542 sita

214 580 336 636 quoque,
365 566 393 619 si
416 565 483 632 fieri
503 567 611 636 potuit,
644 567 736 621 leteris
766 570 865 624 saltem
885 579 911 626 et
938 574 1044 626 nuntias
1071 573 1321 629 vehementioribus
1345 573 1503 630 ustionibus
1538 576 1716 631 metuendum
1745 574 1905 647 periculum,

214 662 342 717 evocato,
369 670 419 707 nee
443 661 536 706 tamen
554 669 615 707 sese
626 654 742 723 judicio
769 656 903 712 ecclesiae
921 660 1044 730 sistente,
1071 660 1166 715 itidem
1184 662 1294 733 longius
1313 662 1444 733 temporis
1473 662 1593 732 spatium
1619 663 1658 717 illi
1676 660 1904 732 praefiniendum,

213 741 326 793 tandem
346 739 514 794 trinundina
529 750 684 810 praeeunde
695 752 753 797 tum
764 744 795 797 in
807 744 939 800 ecclesiae
956 754 1043 816 coetu,
1072 764 1126 817 quo
1153 748 1244 802 mariti
1272 747 1390 803 reditum
1420 754 1569 819 exspectet.
1614 748 1669 804 Sed
1695 749 1720 803 si
1744 748 1856 804 constet
1874 747 1905 802 de

212 835 270 881 tum
301 828 381 896 apud
410 829 593 897 mapistratas
621 831 846 900 denuntiatione,
887 833 1043 888 desertione
1071 849 1169 903 uxore,
1187 834 1261 906 quod
1279 834 1353 889 vitae
1370 834 1454 889 fuerit
1470 836 1620 905 probatae,
1643 834 1736 890 mmiti
1756 835 1904 890 observans

211 915 332 969 solutum
349 916 557 969 matrimonium
575 919 782 987 pronuntietur.
816 919 925 981 Quodsi
943 922 1045 975 resciri
1071 929 1099 976 et
1127 921 1292 976 domesticae
1325 922 1490 978 concordiae
1525 922 1666 991 studiosa,
1702 939 1779 994 quae
1804 922 1905 977 nullam

109 1042 115 1059 r
211 1019 266 1056 non
289 1003 425 1072 potuerit,
456 1019 509 1071 quo
535 1003 596 1058 loco
622 1006 750 1059 desertor
770 1006 816 1060 ael
842 1008 980 1060 desertrix
997 1007 1042 1072 sit,
1071 1007 1231 1063 discedendi
1252 1025 1365 1064 causam
1385 1008 1505 1080 fugitivo
1526 1009 1625 1069 marito
1644 1008 1819 1076 exhibuerit,
1844 1008 1905 1063 item

211 1089 373 1158 inquiratur
400 1090 430 1143 in
461 1091 627 1145 desertionis
660 1110 763 1146 causas
802 1098 854 1151 etc.
878 1095 1043 1162 juramento
1071 1094 1094 1147 si
1112 1095 1141 1148 in
1160 1099 1251 1150 aetate
1271 1095 1362 1150 adhuc
1377 1095 1494 1166 juvenili
1521 1096 1672 1151 consututa
1697 1101 1727 1149 et
1751 1094 1904 1164 periculum

210 1177 349 1245 praestito
368 1184 496 1231 constare
513 1179 605 1248 debet,
638 1179 786 1248 bonafide
805 1197 911 1234 omnem
929 1199 1043 1254 opernm
1071 1181 1243 1235 scortationis
1263 1182 1440 1238 metuendum
1459 1182 1508 1251 sit,
1529 1199 1660 1237 numerus
1680 1198 1828 1247 annorum,
1847 1180 1904 1251 qui·

214 1264 326 1326 datam,
349 1271 380 1316 ut
392 1265 522 1334 profupa
537 1282 662 1334 persona
682 1265 852 1321 inueniretur
880 1276 906 1322 et
928 1271 964 1321 de
988 1269 1043 1321 ista
1070 1267 1123 1322 bus
1140 1268 1303 1323 redeuntem
1321 1275 1474 1340 exspectet,
1502 1268 1625 1323 imminui
1649 1268 1755 1340 poterit
1781 1275 1812 1323 et
1836 1268 1907 1322 trina

211 1350 408 1419 exploratione
422 1352 509 1418 fieret
526 1352 648 1423 certior,·
662 1361 807 1422 postremo
826 1371 861 1408 ne
873 1355 914 1409 sic
932 1356 1043 1424 quidem
1070 1353 1201 1409 citatione
1218 1354 1331 1425 publica
1349 1355 1532 1426 praecedente
1549 1355 1704 1426 eademque
1728 1371 1749 1408 a
1766 1354 1908 1410 desertore

211 1437 277 1491 nori
288 1438 462 1492 matrimonii
469 1446 597 1507 potestas
606 1440 672 1503 fieri
680 1441 765 1510 debet,
777 1443 861 1495 uaori
866 1442 1042 1512 praesertim,
1069 1440 1180 1511 penitus
1211 1442 1355 1513 neglecta,
1391 1441 1471 1496 citius
1502 1458 1519 1495 a
1544 1442 1615 1513 jugo
1634 1440 1766 1507 ¹⁴liberari
1797 1442 1908 1513 poterit.

211 1539 284 1593 quae
312 1524 444 1578 maritam
474 1526 555 1595 sequi
582 1526 693 1597 alioqui
721 1534 842 1599 tenetur,
878 1530 1042 1598 priusquam
1070 1528 1147 1583 Idem
1183 1528 1240 1583 κατ’
1281 1527 1437 1599 ἀναλογίαν
1473 1529 1611 1600 judicium
1645 1528 1681 1583 de
1717 1529 1824 1584 marito
1863 1529 1909 1583 de·

211 1612 385 1666 convenienti
410 1613 543 1682 ternperis
564 1614 672 1683 spatio,
703 1632 776 1669 anno
796 1624 867 1684 puta
890 1617 934 1669 oei
958 1618 1043 1670 etiarn
1070 1622 1150 1670 serto.

211 1699 238 1752 si
268 1715 338 1768 opus
371 1698 418 1767 sit,
453 1698 580 1766 lonpiore
612 1707 746 1770 tempore,
771 1702 893 1756 absentis
922 1702 1043 1755 reditum
1105 1706 1164 1758 633.
1200 1700 1348 1765 Quaeritur
1369 1706 1392 1757 6.
1433 1702 1509 1753 Num
1527 1702 1652 1755 desertae
1664 1717 1815 1770 pesonae
1831 1703 1961 1771 peni-tl

212 1786 375 1856 expectaret.
414 1783 534 1839 Alberio.
549 1783 667 1841 Gentilis
687 1786 748 1842 libr.
766 1794 788 1843 6.
807 1788 842 1844 de
860 1793 939 1859 nupt.
957 1804 981 1845 c.
1004 1793 1043 1847 ll.
1071 1796 1114 1841 tus
1132 1788 1350 1855 denepandaest
1366 1787 1432 1839 riori
1447 1786 1621 1840 matrimonii
1632 1793 1772 1855 potestas,
1792 1789 1822 1841 si
1832 1762 1961 1862 occu-ff:

84 1878 307 1929 sarraconem
324 1871 427 1927 Beeam
448 1872 585 1942 disputat,
611 1892 666 1928 non
687 1890 745 1928 esse
763 1876 930 1929 desertorem
947 1875 1042 1929 statim
1070 1876 1176 1929 sionem
1205 1875 1373 1927 desertionis
1401 1874 1520 1942 ipsamet
1549 1874 1662 1927 dedisce
1701 1866 1961 1957 convincaturtffffl

210 1961 367 2015 babendum
387 1976 457 2030 eum,
477 1960 527 2030 qui
544 1961 724 2030 ipaetus,ubi
740 1962 785 2030 sit,
803 1970 829 2016 et
842 1963 986 2033 quaesitus
1004 1969 1043 2015 est
1070 1960 1200 2015 Affirmat
1230 1959 1305 2014 Beza
1335 1958 1383 2013 lib.
1415 1958 1450 2013 de
1480 1958 1535 2015 dir.
1565 1977 1591 2030 p.
1619 1965 1678 2016 266.
1726 1962 1961 2031 Inquiramus

209 2048 358 2116 dilipenter
377 2056 592 2116 ceperannum
612 2056 661 2102 ant
677 2066 729 2116 per
741 2049 852 2118 lonpius
870 2055 1042 2121 exspectatus
1069 2047 1172 2118 inquit,
1199 2048 1230 2099 in
1253 2045 1419 2099 desertionis
1435 2063 1553 2110 cousas;
1575 2047 1603 2100 si
1617 2049 1695 2110 forte
1714 2050 1909 2117 comperiatur
1919 2030 1962 2111 (Ἢ

210 2143 251 2191 est
269 2135 407 2204 spatium,
430 2151 492 2188 cum
514 2134 590 2204 lepes
608 2135 702 2189 ciuiles
721 2154 777 2190 non
795 2136 963 2205 permittant
975 2142 1043 2204 post
1067 2153 1199 2204 persono,
1217 2150 1288 2203 quas
1305 2150 1333 2187 se
1354 2136 1490 2187 decatum
1506 2134 1687 2204 conqueritur
1705 2142 1736 2188 et
1754 2126 1961 2215 diowtiumffl

208 2230 380 2293 quatemus
406 2238 495 2275 anuos
516 2239 614 2276 nauum
641 2222 856 2291 narnfsaons'an,
880 2221 938 2275 nisi
968 2230 1043 2275 certo
1067 2224 1145 2293 petit,
1165 2223 1337 2277 occasionem
1357 2222 1472 2275 dedisse
1489 2222 1553 2274 isaie
1572 2220 1657 2289 malo,
1674 2240 1732 2275 non
1751 2224 1961 2289 andnemun

208 2317 314 2365 constet
325 2312 361 2363 de
369 2316 458 2364 morte
470 2308 599 2374 absentis,
612 2309 696 2378 idque
705 2317 824 2381 propter
832 2307 1043 2377 praejudicium
1069 2311 1095 2364 si
1113 2318 1205 2378 repet,
1226 2326 1256 2363 se
1274 2310 1374 2363 labem
1396 2310 1498 2363 <ionum
1515 2309 1719 2378 continentiae,
1742 2310 1802 2362 sibi
1820 2311 1907 2379 impu·

211 2397 409 2468 irreparabile,
439 2394 458 2453 l.
480 2402 503 2450 l.
521 2395 569 2449 ubi
602 2394 763 2450 authentica
792 2395 922 2450 inseritur
947 2392 978 2450 C.
1008 2392 1043 2447 de
1069 2404 1113 2451 tet.
1149 2395 1207 2451 Nos
1224 2394 1306 2450 facile
1331 2394 1521 2459 concedimus,
1547 2393 1736 2449 morositatem
1764 2395 1844 2450 illam
1871 2396 1906 2450 ab

210 2483 334 2555 repudiis
353 2482 413 2552 (sed
431 2481 470 2537 ibi
490 2482 584 2553 agitur
602 2499 657 2536 non
677 2482 712 2536 de
732 2483 873 2537 malitioso
893 2481 1042 2547 desertore,
1069 2482 1201 2538 ccclesiae
1228 2481 1359 2535 ministris
1378 2498 1471 2537 severe
1491 2481 1673 2552 arguendam,
1700 2498 1719 2535 a
1742 2483 1905 2553 magistratu

210 2588 304 2625 rerum
323 2571 359 2626 de
376 2586 417 2639 eo,
436 2569 483 2639 qui
504 2568 624 2623 miiitiae
642 2586 728 2622 carrea
753 2568 832 2624 abest
849 2574 878 2624 et
900 2567 930 2621 in
955 2565 1041 2638 capti·
1070 2569 1154 2624 etiam
1171 2569 1267 2641 poenis
1285 2568 1499 2633 vendicandam,
1519 2569 1638 2623 neccito
1655 2569 1698 2624 vel
1717 2574 1827 2624 temere
1843 2570 1902 2625 nari

212 2657 328 2712 vitatem
355 2655 426 2712 forte
447 2655 553 2725 incidit,
583 2655 692 2727 dequo
719 2672 784 2711 casu
812 2654 879 2712 ibid.
897 2672 962 2726 pag.
982 2660 1041 2711 212.
1070 2655 1235 2711 matrimonii
1265 2660 1429 2725 potestatem
1453 2655 1482 2709 in
1512 2654 1564 2709 hoc
1592 2670 1658 2709 casu
1686 2656 1902 2724 concedendam,

208 2744 370 2816 pronuntiat
400 2743 491 2807 Beza,
523 2743 597 2813 quod
630 2743 791 2814 captivitate
826 2742 875 2798 illa
912 2758 967 2795 non
990 2743 1043 2797 sol·
1070 2744 1164 2816 ecquis
1184 2743 1257 2798 enim
1274 2742 1412 2812 patienter
1424 2741 1520 2796 audiat
1536 2748 1753 2812 conquerentem
1773 2743 1811 2799 de
1827 2743 1902 2805 malo,

208 2838 289 2888 ratur
320 2830 550 2900 matrimonium);
587 2829 636 2884 scd
671 2830 695 2884 si
730 2847 782 2885 nec
813 2847 885 2885 mors
920 2827 1043 2884 absentis
1070 2831 1144 2902 quod
1165 2831 1218 2886 sibi
1235 2829 1348 2901 propria
1373 2828 1456 2899 culpa
1474 2827 1636 2883 accersivit?
1679 2829 1799 2884 Interim
1815 2838 1954 2886 tumeam

208 2917 322 2991 probari
350 2918 451 2990 possit,
482 2933 533 2972 nec
563 2917 730 2981 constiterit,
761 2917 835 2973 malo
864 2916 956 2971 animo
979 2933 1042 2972 eum
1070 2917 1294 2972 circumstantiae
1332 2932 1427 2971 omnes
1459 2914 1610 2986 prudenter
1636 2916 1839 2985 expendendae
1872 2932 1902 2970 ac

209 3004 383 3075 discessisse,
411 3022 465 3060 non
483 3002 565 3059 modo
582 3003 816 3075 quinquennium,
845 3005 1042 3060 verumetiam
1071 3004 1295 3078 distinguendum
1322 3004 1395 3058 inter
1420 3002 1640 3073 qualemcunque
1670 3003 1847 3058 occasionem
1877 3008 1903 3057 et

210 3091 371 3149 decennium
402 3092 431 3146 in
459 3090 614 3148 Geuevensi
641 3091 757 3147 ecclesia
781 3091 899 3163 jubetur
923 3108 1043 3164 persona
1070 3108 1181 3147 causam
1208 3089 1349 3145 efficacem
1369 3106 1402 3143 ac
1423 3087 1622 3156 inevitabilem.
1668 3085 1697 3143 Si
1721 3088 1767 3144 rel
1787 3089 1901 3144 maxime

210 3178 245 3234 de
264 3178 386 3234 absentis
406 3195 483 3233 mora
507 3194 677 3249 conquerens
696 3185 870 3250 exspectare,
893 3185 1042 3251 antequam
1070 3179 1180 3234 deserta
1197 3194 1314 3249 persona
1331 3175 1488 3230 morositate
1508 3190 1558 3229 sua
1575 3173 1723 3245 aliqualem
1733 3177 1901 3232 censionem

208 3264 262 3336 ipsi
289 3272 412 3337 potestas
441 3264 490 3319 fiat
519 3282 653 3319 novarum
680 3265 846 3336 nuptiarum.
891 3262 985 3320 Nostri
1013 3264 1041 3318 in
1070 3265 1217 3320 desertioni
1243 3263 1385 3335 praebuit,
1416 3278 1450 3318 ea
1474 3269 1567 3317 tamen
1593 3260 1717 3316 nondum
1741 3281 1796 3333 pro
1822 3278 1902 3318 cauea

208 3350 365 3422 theologica
389 3350 521 3407 facultate
549 3359 734 3408 antecessores
761 3352 944 3408 desertionem
966 3352 1040 3423 judi·
1070 3350 1177 3407 efficaci
1216 3358 1243 3405 ct
1274 3348 1427 3406 inevitabili
1456 3349 1540 3404 fuerit
1570 3348 1707 3404 habenda.
1764 3350 1902 3407 Potuisset

209 3446 308 3493 emunt
344 3438 497 3493 absentiam
540 3440 618 3494 altra
658 3438 809 3493 triennium
844 3439 873 3492 in
911 3456 1041 3509 responso
1072 3440 1195 3494 desertor
1212 3444 1401 3509 cognatorum,
1419 3435 1563 3491 ministerii
1576 3436 1757 3492 ecclesiastici
1777 3446 1807 3493 et
1821 3441 1901 3511 magi·

211 3528 248 3579 to.
268 3522 381 3582 Octobr.
401 3542 465 3583 ann.
486 3528 560 3583 1593.
578 3526 656 3580 altra
673 3526 846 3597 septennium
863 3525 891 3579 in
909 3542 1042 3597 responso
1069 3531 1172 3581 stratus
1190 3525 1295 3596 politici
1314 3525 1504 3580 auctoritatem
1528 3523 1676 3593 implorare
1699 3529 1730 3580 et
1755 3527 1901 3597 conjugem

211 3614 249 3666 15.
268 3610 408 3683 Septemb.
427 3631 492 3670 ann.
509 3617 582 3671 1598.
600 3612 679 3668 ultra
691 3614 854 3668 novennium
870 3612 899 3666 in
911 3629 1041 3683 responso
1069 3630 1203 3669 morosam
1229 3611 1313 3670 officii
1345 3612 1387 3665 sui
1406 3627 1456 3681 per
1475 3627 1535 3665 eam
1564 3610 1725 3675 admonere,
1753 3617 1901 3684 antequam

207 3702 249 3755 29.
269 3698 343 3771 Aug.
370 3717 434 3756 anu.
457 3705 531 3756 1606.
549 3698 756 3756 Bidenbachius
776 3700 811 3755 dc
830 3716 904 3757 cans.
924 3697 1901 3768 matrim,temerariadesertioncsibiipsieumperpctuocouscientiae

206 3803 233 3856 p.
259 3791 301 3844 95.
327 3788 500 3858 septennium
533 3787 578 3842 vel
607 3788 766 3842 sexennium
800 3786 903 3859 requiri
935 3787 1040 3844 asserit.
1067 3787 1181 3841 vulnere
1203 3786 1372 3857 prospiceret
1395 3790 1428 3838 ac
1444 3784 1552 3854 privato
1571 3781 1684 3838 arbitrio
1701 3784 1751 3854 jus
1772 3785 1827 3840 sibi
1846 3784 1895 3857 ipsi

207 3868 332 3928 Dicimus
351 3890 416 3945 ergo
431 3890 494 3928 cum
506 3872 646 3944 Chytraeo
657 3874 686 3928 in
699 3892 797 3931 comm.
810 3874 922 3929 Denter.
941 3873 962 3931 f.
977 3880 1038 3930 120:
1067 3875 1178 3929 diceret.

207 3960 297 4028 Lepas
316 3960 517 4030 imperatoriae
537 3969 662 4031 tempora
683 3970 761 4015 certa
782 3968 808 4015 et
826 3977 970 4015 arimenum
990 3979 1040 4015 aa·
1102 3966 1159 4016 eet.
1195 3958 1343 4024 Quaeritur
1361 3963 1384 4012 l.
1434 3957 1509 4020 Quid
1531 3957 1557 4009 si
1585 3959 1713 4010 marmor
1744 3959 1847 4012 redeat
1875 3961 1961 4011 aaa

207 4064 306 4100 norum
337 4046 490 4116 definiunt,
519 4049 596 4101 intra
623 4064 691 4117 quos
723 4048 884 4117 conjupiam
914 4049 1040 4103 desertae
1066 4049 1210 4117 eonjupem
1235 4045 1322 4099 alteri
1347 4051 1463 4112 nuptam
1499 4045 1627 4113 repetat.²
1675 4025 1961 4115 Respondemusrffi'

201 4150 343 4204 personae
360 4135 477 4188 concedi
488 4134 599 4204 possit,
626 4135 659 4188 id
676 4153 835 4205 quanquam
856 4135 958 4205 optimo
976 4153 1039 4188 con·
1068 4133 1267 4204 dispensatio
1288 4131 1502 4185 duntaxatcnm
1520 4129 1575 4184 alio
1594 4126 1750 4200 celebrata,
1778 4131 1900 4186 nondum
1910 4126 1961 4213 ff:

205 4220 272 4276 solio
303 4222 424 4285 sactum·
443 4230 499 4289 est,
531 4229 622 4275 tamen
653 4228 733 4275 tauta
762 4230 802 4275 est
838 4222 1039 4276 dissimilitudo
1066 4226 1158 4276 autem
1176 4222 1394 4274 consummatum
1411 4214 1629 4281 matrimonium,
1654 4216 1844 4273 reconciliatio
1861 4218 1901 4271 in·

206 4326 321 4363 casuum
336 4316 362 4361 el
383 4309 656 4362 circumstantiarum
680 4308 711 4362 in
729 4308 847 4362 desertis
873 4309 985 4362 maritis
1005 4327 1039 4362 ac
1065 4306 1143 4361 stitui
1168 4305 1251 4361 debet
1275 4311 1304 4360 et
1326 4304 1362 4359 ad
1380 4302 1498 4374 priorem
1518 4301 1648 4356 maritum
1667 4302 1780 4359 deserto
1800 4318 1899 4376 sponso

173 4415 179 4426 ·
204 4396 328 4465 feminis,
347 4402 377 4448 ut
398 4394 518 4461 ds‘fficile
538 4413 572 4449 ao
585 4394 776 4465 periculosum
795 4395 832 4448 sit
851 4403 956 4448 certum
975 4403 1039 4448 tem
1065 4394 1197 4463 transire3
1223 4391 1267 4446 sin
1284 4390 1491 4444 matrimonium
1510 4407 1571 4442 oum
1589 4389 1648 4444 alio
1670 4402 1898 4455 comminutum,

200 4500 257 4552 pus
275 4481 335 4551 leqe
350 4483 561 4552 praescribere,
584 4484 638 4537 sed
660 4482 769 4551 judicis
783 4482 832 4552 pii
849 4489 876 4535 et
891 4483 1039 4551 prudentis
1066 4479 1181 4551 quidam
1198 4483 1338 4542 statuunt,
1358 4475 1433 4547 quod
1460 4474 1496 4529 ad
1520 4474 1639 4546 priorem
1662 4478 1796 4531 maritum
1813 4477 1900 4534 redire

205 4567 324 4622 arbitrio
348 4568 498 4623 rectissime
521 4567 707 4639 permittitur,
732 4576 763 4621 ut
781 4586 839 4637 pro
857 4569 1037 4623 eircunrstau·
1067 4565 1168 4621 debeat
1195 4571 1224 4622 et
1240 4564 1376 4637 posterius
1401 4560 1602 4617 matrimonium
1624 4561 1746 4618 dissolri.
1783 4581 1808 4619 c.
1831 4564 1900 4620 cum

204 4655 372 4709 stantiarum
402 4656 538 4710 uarietate
575 4664 683 4724 tempus
722 4653 906 4709 contrahendi
930 4656 1038 4709 alteras
1065 4671 1114 4725 per
1137 4652 1267 4710 bellicam
1288 4656 1330 4707 et.
1361 4667 1387 4721 q.
1408 4656 1430 4704 1.
1461 4666 1494 4704 ex
1524 4648 1608 4704 Leon
1635 4654 1658 4704 i.
1689 4650 1770 4720 epist
1798 4657 1839 4709 ll.
1864 4650 1899 4705 ad

205 4743 318 4810 nuptias
336 4742 449 4810 lonpius
467 4750 517 4795 ant
541 4741 650 4796 breaim
669 4740 833 4810 constituat,
861 4752 887 4796 et
906 4751 1039 4812 paneam
1065 4740 1211 4799 Niosson:
1239 4740 1307 4795 aaa
1321 4753 1376 4808 per
1395 4737 1525 4791 bellicam
1548 4738 1658 4791 cladem
1679 4745 1707 4790 et
1718 4755 1777 4808 per
1793 4740 1899 4810 praeit·

206 4831 317 4881 omnino
335 4830 395 4883 sine
410 4828 540 4899 periculo
568 4828 752 4883 conscientiae
771 4829 836 4893 fieri
855 4835 964 4901 potest,
991 4830 1039 4883 de·
1066 4827 1151 4881 simos
1168 4825 1330 4880 hostilitatis
1350 4824 1480 4877 incursus
1498 4824 1539 4876 ita
1559 4825 1699 4892 wedam
1715 4825 1824 4880 dicatsb
1839 4842 1898 4880 esse

205 4921 312 4969 sertam
341 4932 491 4987 personam
517 4914 676 4970 consoletur
708 4922 734 4968 et
765 4921 924 4986 apostare
954 4915 1038 4981 sinat,
1066 4915 1159 4967 diuisa
1185 4913 1330 4983 eonjupia,
1354 4919 1385 4965 ut
1403 4910 1531 4965 subditatis
1554 4911 1583 4963 in
1611 4910 1804 4979 captiuitatem
1831 4914 1900 4968 oirs‘t

206 5002 294 5054 donec
321 5002 356 5055 de
381 5001 534 5057 desertoris
559 5001 635 5056 obitu
662 5000 705 5054 uel
728 5000 901 5071 poenitentia
928 5010 1038 5057 resistet.
1065 5001 1188 5063 feminiae
1213 5016 1308 5054 eoram
1328 4998 1514 5052 remanserint
1542 4998 1704 5067 stratilates,
1726 5016 1802 5067 quae
1825 5002 1899 5055 airas

209 5084 315 5153 Quodsi
332 5100 399 5159 crgo
417 5104 485 5143 uxor
501 5086 585 5142 inerit
598 5102 714 5149 morosa,
733 5084 863 5154 difficilis,
883 5085 1039 5156 importuna
1060 5086 1199 5157 proprios
1218 5086 1379 5141 interemtos
1409 5090 1543 5155 putarent
1562 5091 1613 5138 aut
1635 5085 1671 5137 ob
1690 5086 1794 5155 iniqua
1813 5086 1898 5142 donsi-

207 5180 259 5229 ete.
279 5188 351 5246 quae
370 5174 449 5228 malis
467 5174 589 5229 moribus
608 5179 636 5229 et
653 5172 821 5245 quotidianis
836 5172 938 5244 jurgiis
959 5150 1177 5251 occa-inatione
1194 5190 1337 5243 nunquam
1350 5174 1493 5226 crederent
1511 5172 1681 5240 liberandos,
1699 5179 1726 5225 et
1738 5172 1770 5227 in
1779 5172 1900 5229 aliorum

205 5262 310 5315 sionem
330 5259 493 5315 desertionis
520 5261 643 5326 dederit,
671 5258 745 5313 illius
763 5258 905 5330 petitioni,
930 5259 953 5313 si
973 5261 1037 5315 novi
1065 5260 1199 5329 conjapia
1222 5259 1403 5313 solicitudine
1429 5266 1542 5329 copcnte
1566 5259 1754 5328 transierant,
1786 5275 1900 5330 cumque

204 5345 370 5403 matrimonii
389 5352 553 5417 potestatem
570 5346 623 5403 sibi
641 5346 700 5402 dari
720 5344 843 5417 flagitet,
861 5362 1036 5418 nequaquam
1063 5355 1138 5401 statu
1155 5364 1249 5400 rernm
1267 5346 1421 5400 ausiliante
1440 5344 1564 5400 Domino
1584 5347 1614 5398 in
1627 5344 1746 5399 meliora
1768 5364 1900 5402 omaso

204 5431 259 5488 cito
280 5450 314 5488 ac
337 5439 440 5488 tamem
468 5431 545 5487 locus
565 5431 686 5501 dandus,
712 5431 762 5489 sed
788 5431 878 5503 spatio
905 5433 1036 5505 temporis
1062 5432 1194 5489 nonnulli
1204 5448 1308 5501 comm,
1328 5432 1377 5501 qai
1382 5434 1559 5501 putabantur
1571 5431 1703 5501 periisse,
1720 5440 1882 5489 remmus
1888 5450 1899 5503 ,·

202 5518 328 5591 longiore
344 5519 464 5576 reditum
483 5517 574 5574 mariti
589 5524 749 5589 exspectare
761 5518 806 5573 vel
825 5519 942 5577 eundem
956 5520 1033 5593 sequi
1046 5474 1050 5663 b
1061 5520 1161 5575 merito
1178 5521 1287 5574 caritas
1304 5528 1353 5573 tua
1370 5519 1481 5572 uidetur
1497 5519 1644 5587 ambipere,
1661 5518 1736 5588 quid
1751 5520 1790 5573 de
1801 5521 1899 5575 malm

203 5610 231 5661 et
247 5606 386 5678 inquirere
409 5605 517 5679 ipsique
539 5605 709 5661 reconciliari
731 5604 871 5675 jubeatur.
913 5606 983 5663 Itan
1007 5608 1031 5663 si
1060 5605 1147 5673 ribos,
1163 5605 1564 5677 quaealiisconp'uuetaesant
1578 5604 1659 5675 siris,
1675 5622 1693 5658 a
1707 5604 1900 5661 nobisdebent
