4020 6022
823 230 875 289 ΒΕ
893 230 1092 293 OONJUGIO.
1737 240 1796 303 145

111 384 246 457 madibus
274 391 303 443 st
328 402 443 443 numero
471 386 577 461 absqsm
596 402 688 445 errore
705 388 816 445 eosdem
841 388 944 443 discer-
970 393 1048 459 quod
1076 394 1114 447 stt
1146 390 1287 448 decumus
1320 400 1460 449 catorum
1496 408 1684 465 personarum
1717 390 1797 447 noris

112 488 221 528 mmus.
274 472 317 529 Ea
343 480 466 530 omnium
501 492 636 531 consensu
670 476 802 532 sumitur
833 474 1076 547 duplex,;nuptiis
1093 486 1271 535 cmsuactum.
1318 478 1377 537 Alii
1395 479 1531 535 deliniunt
1550 479 1603 535 hoc
1621 478 1716 535 modat
1746 476 1797 533 At-

111 570 190 614 recta
207 567 233 614 et
249 560 371 629 obliqua.
406 560 504 631 Recta,
522 561 591 616 alias
611 562 869 633 perpendicularis,
897 550 1064 645 ealdintune
1091 572 1133 620 est
1158 569 1332 621 mcemdudo
1360 568 1500 636 mqusm'to
1522 569 1661 623 uoluntate
1685 573 1711 619 a
1733 580 1797 619 coss·

112 662 184 714 quae
202 654 279 701 recta
306 648 493 716 propreditur
528 649 586 702 siue
612 666 724 703 maim
748 651 790 703 ad
806 664 1054 717 personas¹sensu
1076 654 1297 708 contrahentium
1320 656 1362 709 ad
1387 655 1575 710 uolumuriam
1592 662 1710 707 naturae
1728 650 1798 707 olli·

112 732 288 801 superiores,
318 734 375 787 sico
402 736 533 788 morsum
560 736 601 787 od
620 751 758 805 paeones
784 690 959 826 inferiortai
970 740 1111 805 patientem
1122 758 1178 809 per
1195 744 1355 811 conjugium
1374 742 1546 813 otminqsm
1570 740 1751 809 sinqulariter
1772 744 1799 793 a

111 816 238 887 estJonim
251 818 295 874 sel
307 820 483 874 adscendens
501 819 545 875 vel
559 822 738 877 descendeus.
764 820 945 875 Adsceudeus
971 827 1238 895 canaanquinitatcm
1253 828 1372 894 imitans,
1385 827 1550 884 Germanice
1572 826 1799 897 &dmdgaiduit

113 901 186 959 lim
215 909 274 969 0⁸²2
303 909 419 974 mando
444 924 555 959 turtum
577 914 656 961 rocta
672 908 883 987 wemediqtsdo
908 906 945 959 ab
970 910 1092 966 Thomas
1123 920 1195 983 part.
1222 920 1247 969 3.
1276 922 1381 983 quaest.
1408 920 1450 969 53.
1474 914 1552 969 artic.
1579 918 1603 967 3.
1633 912 1673 967 sic
1690 910 1798 967 definit:

113 990 212 1059 aliqua
235 1008 360 1060 persona
386 1000 520 1060 qenerata
547 996 588 1046 ad
604 993 728 1063 majores
753 995 944 1049 adscenditur.
970 996 1101 1055 Affinitas
1131 1005 1175 1053 est
1190 1000 1360 1069 proximitas
1388 1016 1421 1052 eu
1446 999 1640 1067 conjunctione
1663 998 1752 1052 tnaris
1771 992 1912 1049 siff-²⁴⁰·

113 1074 324 1133 Adscenduntes
352 1095 485 1149 personae
517 1084 599 1136 suut:
630 1085 655 1136 1.
681 1088 767 1148 prater
794 1089 820 1134 et
849 1088 945 1148 enata,
970 1084 1093 1145 feminae
1114 1090 1177 1137 orta
1196 1086 1273 1139 ornni
1283 1087 1432 1157 pogentela
1447 1086 1797 1153 doecoqnationecarens.

115 1166 140 1214 2.
161 1181 231 1217 aaut
250 1172 275 1217 et
294 1165 375 1233 ama,
403 1168 430 1219 3.
446 1182 569 1235 proauus
588 1174 614 1219 et
627 1167 767 1236 proavia,
797 1170 822 1219 d.
840 1168 945 1220 adamas
970 1168 1172 1240 Appellationis
1199 1171 1270 1225 ratio
1299 1171 1365 1225 iude
1395 1170 1514 1227 deductu
1542 1178 1599 1238 est,
1630 1170 1705 1243 quod
1726 1168 1799 1223 duae

114 1259 140 1304 et
158 1252 268 1317 adama,
286 1256 311 1305 i.
325 1259 425 1306 atauus
443 1254 632 1322 statariae.
650 1253 770 1307 tritavus
780 1262 808 1305 et
818 1253 945 1320 tritavia,
956 1236 960 1333 ξ
972 1255 1160 1327 cognationes,
1177 1274 1249 1329 quae
1267 1259 1339 1312 inter
1355 1274 1385 1312 se
1399 1256 1525 1313 disemus
1536 1264 1609 1327 sunt,
1627 1272 1678 1327 per
1688 1254 1800 1327 nuptias

118 1340 139 1389 7.
158 1338 346 1405 quadritone
366 1340 592 1407 etqnadritacia.
623 1338 678 1403 nui
691 1339 824 1393 ultrshos
840 1338 1135 1411 graduscopulantur
1158 1351 1187 1398 ct
1206 1343 1294 1399 alters
1310 1344 1347 1399 ad
1368 1343 1481 1399 alterius
1500 1342 1568 1399 lines
1586 1342 1709 1407 awcdit,
1741 1340 1800 1396 Μο-

114 1422 295 1490 adscendunt,
317 1422 441 1493 generali
459 1425 644 1495 appellatione
665 1432 800 1480 uocantur
817 1427 946 1495 majores,
958 1406 961 1475 ἶ
973 1428 1105 1483 destinus.
1123 1428 1141 1483 l.
1175 1428 1238 1483 Non
1263 1428 1354 1485 facile.
1381 1436 1407 1485 4.
1432 1426 1461 1503 5.
1485 1429 1534 1483 sed
1559 1428 1697 1501 quoniam.
1716 1426 1745 1483 ti.
1764 1425 1801 1480 de

114 1510 274 1580 donatura,
294 1510 442 1567 ilctdtem.
474 1510 653 1567 Descendens
676 1512 811 1576 hussen,
831 1488 1104 1587 quandossgradibus
1125 1521 1154 1569 et
1171 1514 1311 1570 affinibus.
1363 1514 1471 1570 Attinas
1491 1531 1558 1587 ergo
1577 1520 1655 1578 sunt,
1679 1512 1727 1584 qui
1743 1528 1801 1567 nos

116 1596 246 1649 deorsum
279 1605 357 1651 recta
391 1599 600 1667 proqredicndo
637 1616 656 1651 a
689 1616 815 1669 persosm
847 1594 1134 1669 atiqna'sonquiaie,
1165 1603 1217 1654 sed
1235 1602 1297 1655 sola
1317 1602 1479 1669 nuptiarum
1501 1601 1715 1663 nmmsdudine,
1745 1615 1801 1653 non

116 1690 267 1753 qenes-aute
286 1685 328 1736 ad
345 1684 512 1751 irsferimes,
529 1700 601 1753 quae
616 1700 671 1752 per
689 1684 896 1753 quassationem
914 1680 1023 1757 ec'per
1051 1686 1297 1757 propagationem,
1326 1687 1375 1742 sed
1401 1703 1451 1757 per
1480 1687 1610 1743 ιιιιιοιιοιιι
1633 1685 1750 1742 duorum
1771 1683 1801 1739 iu

116 1787 150 1822 ea
164 1769 299 1837 oriqinem
318 1771 469 1840 truserint,
501 1771 688 1826 descenditur.
739 1722 1084 1849 Descendentesicarnem
1104 1790 1186 1828 unam
1196 1774 1361 1844 juugtmtur.
1392 1772 1447 1837 Qui
1460 1772 1534 1828 enim
1547 1773 1801 1844 uniusconjuguun

116 1872 251 1926 personm
269 1862 348 1912 sunt:
368 1861 390 1909 1.
407 1857 487 1923 filista
505 1866 531 1910 et
541 1857 618 1926 filia,
638 1859 664 1912 2.
689 1872 775 1925 nepos
800 1866 825 1909 ct
848 1856 947 1925 neptis,
974 1859 1065 1913 mariti
1086 1858 1191 1913 scilieet
1208 1859 1252 1913 val
1268 1858 1360 1913 uxoris
1378 1858 1576 1930 consanguinei
1592 1863 1666 1925 suut,
1697 1856 1802 1927 nuptiis

115 1944 143 1999 3.
157 1960 302 2011 pronepos
331 1951 356 1997 et
376 1944 534 2013 proneptis,
564 1948 589 2001 t.
617 1943 740 2011 abnepos
765 1951 792 1996 et
810 1943 946 2011 adneptis,
974 1946 1122 2001 contractis
1148 1946 1228 2001 altari
1257 1946 1407 2016 conjugum
1437 1945 1509 2000 fiunt
1535 1944 1648 2009 affines,
1677 1942 1730 1999 hoc
1759 1946 1804 1997 set

116 2032 143 2082 5.
173 2037 290 2097 melopos
321 2037 347 2082 et
379 2030 515 2098 atneptis,
544 2032 568 2083 6.
598 2028 721 2097 trinepos
751 2038 777 2082 et
808 2028 946 2098 trineptis,
974 2032 1173 2103 consanguinei
1206 2032 1298 2087 mariti
1328 2032 1399 2087 finnt
1428 2030 1526 2087 affines
1557 2030 1650 2085 uxoris
1678 2035 1707 2085 et
1739 2046 1803 2083 con·

120 2118 141 2170 7.
173 2116 365 2185 quadrinepos
397 2124 422 2169 et
454 2116 660 2183 quadrineptis.
710 2114 765 2181 Qui
794 2114 867 2169 infra
899 2114 947 2170 hos
975 2118 1120 2190 sanguinei
1145 2118 1238 2172 uxoris
1261 2117 1333 2172 fiunt
1359 2116 1456 2173 altinas
1474 2118 1580 2186 mariti3
1613 2116 1684 2171 ratio
1700 2113 1805 2187 pandet

118 2201 221 2272 padus
245 2201 430 2267 descendunt,
460 2200 583 2272 generali
609 2199 796 2271 appellatione
814 2206 948 2255 vocantur
974 2222 1007 2260 ex
1034 2222 1081 2273 eo,
1111 2204 1178 2275 quia
1207 2203 1321 2258 maritus
1339 2212 1367 2259 et
1390 2220 1466 2271 uxor,
1491 2220 1542 2275 per
1557 2203 1718 2275 conjugium
1734 2198 1805 2255 tiuist

114 2288 225 2359 posteri
238 2287 281 2342 rel
296 2288 434 2357 minores,
460 2288 652 2357 iludlomtuea.
700 2287 769 2342 Luc
795 2288 949 2359 aperitur
974 2311 1032 2344 una
1064 2309 1140 2345 caro.
1193 2290 1309 2360 Proprie
1339 2290 1425 2361 igitur
1454 2290 1575 2346 silinim
1601 2288 1804 2345 matrimonium

119 2381 195 2429 recta
228 2373 303 2429 linea
338 2373 517 2446 genealogiae
548 2392 597 2430 seu
623 2375 758 2444 majorum
786 2373 887 2429 Christi
918 2374 948 2429 in
975 2377 1128 2448 impediens
1160 2382 1203 2431 est
1234 2383 1344 2431 tantum
1370 2377 1442 2431 iuter
1477 2393 1563 2432 uuum
1593 2376 1741 2448 conjugem
1774 2378 1804 2429 et

119 2461 189 2515 serie
214 2461 442 2514 adscendentium
460 2477 547 2531 usque
570 2459 606 2513 ad
623 2460 777 2529 Adamum‚
807 2460 903 2515 llatth.
925 2466 947 2515 1.
975 2463 1089 2517 altanus
1123 2464 1349 2533 consanguineos.
1404 2462 1534 2526 Quamvis
1578 2462 1651 2517 euim
1691 2460 1804 2533 cognati

122 2546 236 2619 ponitur
250 2544 324 2601 lium
343 2547 567 2599 descendentium
585 2544 620 2599 ab
630 2545 790 2601 Abrahamo
801 2552 830 2600 et
840 2545 949 2599 Doride
976 2548 1066 2604 mariti
1094 2554 1121 2603 et
1146 2549 1258 2619 cognati
1285 2548 1391 2615 uxoris,
1429 2549 1487 2603 sive
1511 2548 1654 2620 utriusque
1676 2546 1804 2618 conjugit

120 2649 207 2705 usque
224 2632 261 2685 ad
274 2632 421 2687 Christum.
452 2630 573 2705 Obliqua
585 2632 666 2696 linea,
684 2632 753 2687 alias
778 2640 948 2700 transscenso,
974 2636 1171 2707 consanguinei
1190 2635 1345 2690 habeantur
1367 2642 1396 2690 et
1412 2634 1539 2690 dicantur
1561 2636 1633 2691 inter
1650 2650 1680 2689 se
1697 2631 1804 2703 affines,

121 2738 170 2775 seu
200 2720 375 2774 collateralis
395 2720 478 2784 dicta,
507 2728 563 2789 est,
595 2736 668 2790 quac
698 2723 739 2773 ud
768 2722 825 2773 duo
847 2719 950 2787 latera,
976 2730 1070 2778 tamen
1089 2722 1212 2777 affinitas
1231 2722 1278 2776 illa
1296 2738 1353 2777 non
1370 2728 1413 2777 est
1431 2722 1649 2794 itaeomparata,
1669 2725 1702 2775 ut
1712 2718 1804 2774 matri·

122 2809 251 2861 dextrum
271 2815 297 2861 et
313 2807 472 2875 mstmtrum,
501 2823 530 2859 se
549 2808 693 2877 diffundit.
741 2806 858 2870 Quando
875 2807 949 2861 euim
976 2810 1098 2865 monium
1118 2809 1252 2879 impedire
1270 2809 1366 2879 possit,
1383 2808 1457 2863 unde
1476 2809 1505 2863 iu
1518 2806 1702 2878 descriptione
1715 2804 1804 2861 affini·

121 2912 154 2951 ex
181 2911 236 2949 uno
261 2894 355 2963 stipite
380 2892 435 2947 duo
457 2894 502 2949 vel
526 2892 619 2962 plures
642 2892 692 2946 tilii
720 2893 844 2947 onuntm
869 2898 949 2953 etex
974 2895 1040 2951 tatis
1053 2895 1358 2951 etaifiuiumnotanter
1371 2894 1498 2950 additum
1510 2894 1804 2963 tuit,cunsanquiaeos

121 2980 175 3035 illis
204 2996 298 3033 rursus
334 2978 363 3032 in
386 2996 449 3033 suas
476 2979 621 3034 distinctas
638 2979 736 3033 'lineae
759 2985 949 3050 propagantur
975 2984 1073 3037 martti
1103 2984 1146 3036 rel
1177 2983 1273 3036 acoris
1298 2998 1354 3051 per
1384 2982 1499 3050 nuptias
1527 2981 1614 3035 alteri
1647 2980 1805 3049 conjuqum,

121 3066 239 3138 posteri,
266 3074 333 3119 tunc
356 3065 396 3119 illi
419 3066 489 3119 inter
512 3082 543 3120 se
560 3073 656 3120 mutuo
688 3065 780 3120 collati
814 3072 950 3119 vocantur
975 3087 1031 3124 non
1051 3076 1143 3123 autem
1162 3068 1373 3138 consanguineis
1399 3066 1512 3122 alterius
1534 3066 1663 3137 conjugis
1701 3067 1805 3133 affirm

122 3152 309 3207 collaterales.
346 3150 490 3205 Dividitur
501 3150 949 3220 uneaedlmeratisinaeqoaton
976 3156 1045 3221 pieri.
1099 3154 1213 3209 Interim
1240 3158 1333 3207 tamen
1361 3153 1390 3206 in
1426 3151 1550 3223 generali
1586 3150 1730 3206 affinitatis
1760 3166 1805 3205 ac-

122 3248 150 3295 et
166 3239 351 3309 inaequalem.
391 3237 524 3309 Aequalis
545 3243 602 3307 est,
625 3254 686 3292 curn
704 3238 797 3293 latera
820 3238 950 3305 utrinque
977 3242 1104 3311 ceptione
1132 3240 1186 3293 tria
1210 3238 1348 3293 numerari
1365 3238 1453 3293 solent
1472 3238 1596 3308 ejusdem
1622 3254 1738 3310 geneum
1771 3236 1806 3293 ds

120 3333 183 3380 sunt
211 3324 360 3394 aequalia,
390 3324 434 3377 net
459 3342 520 3377 cum
548 3332 587 3377 cst
615 3324 744 3393 aemma
776 3324 913 3377 distantia
932 3340 950 3374 a
977 3328 1078 3400 quibus
1096 3326 1199 3381 usitata
1215 3342 1249 3380 aa
1268 3324 1407 3380 celebrata
1427 3332 1469 3380 est
1486 3324 1807 3397 regulasanonietnrnm:

124 3414 236 3483 stipite,
260 3411 312 3465 hoc
330 3415 373 3464 est
388 3426 451 3465 eum
470 3416 587 3481 utraque
607 3428 725 3482 persona
750 3408 948 3465 collateralium
977 3414 1107 3467 Paeona
1144 3413 1248 3466 addita
1279 3428 1420 3483 personae
1450 3428 1506 3479 per
1540 3412 1636 3465 carate
1677 3410 1808 3481 copulam

128 3516 146 3553 a
163 3498 301 3553 communi
319 3496 414 3567 stipite
431 3496 493 3568 pari
511 3497 657 3551 intervallo
676 3495 768 3553 dietat.
815 3496 861 3551 Sic
879 3493 953 3549 Dius
978 3508 1067 3553 stridat
1094 3516 1180 3567 pasus
1207 3498 1401 3565 attinqentiac,
1434 3498 1485 3551 sed
1508 3514 1563 3551 non
1590 3499 1719 3565 pradum.
1770 3494 1808 3551 ut

126 3589 154 3641 et
169 3582 322 3654 losephus,
348 3598 424 3637 soror
441 3598 473 3636 ac
491 3581 592 3647 irater,
615 3582 725 3653 aequali
751 3581 914 3637 diastemate
934 3596 952 3635 u
979 3585 1053 3657 apud
1070 3586 1205 3640 Thomam
1223 3589 1313 3639 exstat
1330 3582 1376 3637 hic
1394 3582 1562 3639 seniculus:

124 3676 239 3743 parente
257 3668 364 3725 iacebo
384 3668 495 3725 disant
543 3668 700 3739 Inaequalis
718 3668 790 3724 linea
808 3674 864 3738 est,
890 3687 952 3723 cum

123 3760 215 3813 latera
232 3766 295 3811 aurit
314 3756 493 3825 inaequalia,
523 3756 567 3808 oct
585 3773 646 3809 cum
665 3764 705 3809 est
732 3756 890 3825 inaequalis
909 3755 952 3808 di-

124 3846 229 3900 stantia
249 3862 268 3897 a
288 3844 396 3912 stipite,
426 3841 478 3897 hoc
496 3847 539 3896 eet
553 3858 616 3895 cum
632 3840 703 3897 alter
719 3840 918 3897 collateralium
935 3856 954 3893 ιι
979 3843 1021 3898 Ex
1038 3842 1129 3897 tribus
1146 3842 1201 3896 illis
1218 3841 1361 3897 affinitatis
1381 3858 1435 3913 gen
1467 3839 1529 3895 'bus
1541 3840 1660 3912 primum
1673 3839 1808 3895 duntaxat

124 3930 261 3987 mmmuni
290 3928 385 4000 stipite
410 3928 533 4000 longius,
566 3928 636 3983 alter
659 3928 773 3999 propius
796 3929 889 3993 abest,
922 3933 954 3981 ut
979 3936 1022 3984 est
1046 3928 1168 3983 affinitas
1190 3928 1301 3999 proprie
1324 3928 1399 3983 dicta
1472 3928 1629 3983 trimouium
1647 3925 1808 3998 impediens,

125 4018 252 4075 Μιιιιιιιι
271 4014 387 4086 losephi
413 4014 487 4069 tilius
511 4014 654 4069 alacobo
678 4032 731 4069 avo
750 4015 859 4087 longius
874 4015 954 4071 nbat
980 4017 1035 4071 due
1058 4015 1212 4085 posteriora
1236 4030 1288 4069 nec
1315 4013 1478 4069 affinitatem
1496 4014 1608 4086 proprie
1625 4012 1727 4068 dicum
1744 4028 1807 4067 con·

127 4122 209 4178 quam
229 4102 313 4158 Dina.
344 4102 377 4155 In
395 4101 469 4157 linea
486 4100 597 4171 aequali
615 4110 658 4156 est
675 4101 808 4156 ditantia
823 4100 955 4173 aequalis,
979 4102 1085 4167 ciliant,
1105 4118 1158 4156 nec
1178 4101 1289 4172 nuptias
1307 4100 1469 4172 impediunt
1520 4100 1643 4155 Primum
1666 4097 1809 4155 affinitatis

126 4192 155 4246 in
190 4190 265 4245 linea
297 4206 362 4245 uero
391 4188 529 4259 inaequali
561 4194 603 4243 cst
632 4188 764 4242 distantia
792 4187 953 4258 inaequalis.
981 4207 1069 4263 genus
1087 4195 1137 4255 ast,
1156 4188 1230 4260 quod
1248 4189 1390 4241 mediante
1410 4204 1467 4241 una
1480 4204 1606 4257 parona
1626 4185 1809 4254 contraditur,

128 4277 268 4333 Distentis
297 4274 452 4345 inaequalis
481 4278 593 4329 notatur
628 4272 812 4345 appellatione
848 4277 955 4342 qradus
983 4277 1036 4346 vel,
1059 4281 1092 4330 ut
1116 4274 1163 4330 alii
1179 4272 1329 4341 definiunt,
1347 4272 1421 4343 quod
1444 4290 1500 4328 uua
1516 4290 1634 4343 persona
1650 4288 1700 4343 per
1717 4268 1810 4324 matri·

126 4365 277 4435 simplicis,
308 4360 441 4415 distantia
469 4361 592 4432 aequalis
624 4367 734 4415 notatur
772 4360 956 4431 appellatione
982 4362 1128 4418 monialem
1163 4360 1385 4430 conjunctionem
1422 4359 1500 4414 alteri
1544 4374 1677 4429 personae
1713 4354 1811 4410 addita

128 4454 238 4521 qradus
265 4447 414 4519 duplicati.
462 4446 508 4502 Sic
533 4447 672 4518 patrueles
698 4446 829 4501 deantur
854 4446 956 4502 distmc
984 4449 1134 4505 consumit.
1183 4446 1300 4511 Quando
1330 4448 1403 4501 enim
1444 4445 1581 4515 quispiam
1608 4441 1811 4501 matrimonium

128 4538 218 4609 gradu
241 4534 363 4591 secundo
387 4533 545 4605 duplicato;
576 4542 692 4605 patruus
715 4538 744 4587 et
768 4532 860 4587 fratris
883 4532 956 4587 tilius
985 4535 1135 4599 conuehit,
1167 4538 1234 4587 tuuc
1251 4532 1325 4587 illius
1343 4549 1487 4603 personae,
1512 4548 1575 4585 cum
1594 4546 1650 4601 qua
1665 4526 1812 4593 contrahit,

129 4626 235 4681 distant
263 4620 353 4693 gradu
381 4620 502 4675 secundo
530 4620 660 4691 simplice.
715 4619 748 4674 In
775 4618 850 4673 linea
874 4619 956 4673 etiam
984 4619 1183 4692 consanguinei
1200 4618 1355 4675 redduntur
1373 4618 1426 4688 ipsi
1445 4618 1551 4673 affines.
1600 4615 1702 4687 sieque
1727 4614 1813 4669 medi·

129 4708 280 4767 collaterali
309 4706 448 4777 inaequali
477 4704 524 4761 alii
554 4706 682 4761 dicuntur
707 4706 878 4775 asperiores,
910 4704 958 4759 alii
983 4717 1049 4764 ante
1066 4724 1123 4763 nna
1139 4722 1264 4777 persona,
1281 4707 1399 4776 conjuge
1418 4704 1533 4770 scilicet,
1550 4702 1622 4757 inter
1639 4701 1766 4756 mamutm
1784 4703 1814 4757 st

127 4798 290 4863 inferiores,
307 4810 423 4866 quorum
440 4792 481 4848 illi
491 4801 645 4863 parentum,
661 4793 690 4847 hi
707 4792 856 4848 uhuorum
868 4791 957 4847 vicem
984 4796 1077 4851 uxoris
1094 4792 1322 4863 consanguineos,
1336 4808 1368 4846 ac
1385 4790 1445 4846 vice
1462 4806 1540 4863 versa
1558 4789 1630 4843 inter
1654 4805 1767 4845 morem
1785 4792 1815 4843 st

130 4884 267 4941 sustinere
284 4880 421 4936 dicuntur.
986 4880 1077 4936 mariti
1111 4878 1331 4949 consanguineos
1368 4875 1490 4931 affinitas
1526 4873 1704 4931 osuualsitur.
1766 4872 1813 4929 Sic

96 5004 106 5015 ·
165 4976 226 5028 243.
260 4968 419 5025 Proximum
434 4971 493 5040 jam
512 4972 601 5036 esset,
620 4966 752 5037 expositis
770 4964 907 5037 graduum
926 4980 958 5018 ac
988 4968 1093 5039 nuptiis
1109 4966 1180 5019 inter
1197 4963 1335 5019 iacobum
1353 4969 1382 5018 et
1399 4960 1711 5017 Rachelemcontructis
1728 4960 1814 5017 fretur

79 5056 89 5067 ’
130 5060 265 5115 unarum
293 5064 353 5111 tum
371 5054 584 5123 definitionibus,
612 5060 672 5108 tum
704 5052 894 5121 divisionibus,
922 5052 958 5106 ad
986 5052 1087 5111 iacobi
1111 5052 1219 5105 Esavus
1245 5048 1276 5103 tit
1301 5047 1428 5103 ltachelis
1454 5046 1547 5101 affinis
1574 5048 1603 5101 in
1619 5048 1708 5119 primo
1725 5046 1815 5103 affini·

130 5145 357 5216 supputationem
387 5144 527 5211 qraduum
550 5140 699 5205 accedere,
730 5139 778 5193 sed
803 5138 858 5193 duo
883 5136 961 5209 prius
988 5141 1054 5197 tatis
1071 5152 1182 5209 genere,
1200 5142 1229 5191 et
1247 5134 1367 5189 vicissim
1385 5132 1601 5189 sororRachelis
1613 5133 1672 5189 Lea
1682 5132 1815 5188 fitaffiuis

130 5230 334 5304 praemittenda
362 5228 497 5285 videntem.
545 5226 637 5283 Primo
659 5226 811 5294 affinitatis
834 5226 960 5289 delinitio
989 5225 1089 5284 iacobi
1107 5223 1202 5280 itidem
1223 5222 1252 5277 iu
1264 5221 1351 5292 primo
1363 5236 1465 5292 genere
1477 5220 1628 5277 affinitatis.
1658 5220 1816 5277 Secundum

131 5336 165 5375 sc
197 5318 363 5381 divisiones,
397 5317 462 5387 quia
490 5313 611 5371 affinitas
640 5321 683 5370 est
709 5312 796 5366 veluti
823 5312 962 5383 quoddam
989 5332 1077 5388 genus
1098 5310 1241 5367 affinitatis
1259 5314 1308 5377 est,
1325 5310 1402 5377 meod
1420 5309 1607 5362 mediantibus
1628 5308 1737 5362 duatus
1749 5322 1816 5377 per·

134 5404 311 5461 simulacrum
329 5402 594 5475 consanguinitatis3
623 5398 745 5456 secundo
763 5400 963 5468 consenquine·
990 5404 1067 5457 sona
1094 5398 1281 5463 contraititur,
1307 5394 1351 5449 oet
1380 5394 1457 5465 quod
1477 5388 1536 5466 per'
1555 5410 1707 5465 paronam
1719 5391 1816 5461 primo

135 5511 215 5551 cmm
233 5500 259 5546 et
277 5491 408 5557 affinium
427 5489 639 5561 appellationes.
672 5484 804 5542 Munius
823 5484 962 5555 definitur,
990 5488 1088 5557 qeneri
1117 5484 1270 5553 affinitatis
1291 5482 1436 5535 redditam
1464 5480 1646 5535 coutitudur.
1691 5476 1817 5533 Tertium

187 5582 351 5633 (ιιιιιιᾰῐιοιι.
374 5584 420 5629 vu.
1455 5589 1486 5641 ω

1047 3710 1142 3761 statas
1160 3712 1249 3775 nupta
1267 3706 1431 3774 pennescit
1448 3712 1584 3775 pennata
1600 3704 1728 3773 qradsttn.
