4028 6030
228 154 267 214 es
813 135 935 205 nocue
953 142 1158 204 vrcuemue
1180 144 1351 215 eururus

227 321 292 360 suus
309 304 388 361 heres
407 312 584 379 agnascatnr,
602 306 723 377 deducit,
734 305 808 362 nude
820 303 969 377 distinguit
987 301 1059 357 inter
1090 300 1144 372 ipsi
1176 302 1295 360 lubitum
1321 308 1363 360 est
1390 304 1498 362 familia
1524 323 1637 379 prorem
1655 305 1755 374 ducat,
1779 306 1862 364 modo
1893 306 1930 361 sit

226 396 355 464 nepotem
376 397 405 448 et
425 393 575 465 neptiml
597 394 727 450 Oratione
747 399 788 452 16.
807 392 837 450 ff.
865 390 962 448 derit
980 392 1059 460 nupt.
1088 389 1214 447 honesta.
1260 391 1431 461 Spmiolem,
1463 393 1574 465 quando
1601 394 1638 450 ad
1671 398 1774 450 certam
1803 393 1929 465 aliquam

227 479 337 549 Nepote
362 497 476 534 oaorem
503 483 618 536 ducente
649 489 675 535 et
695 481 778 548 filius
803 478 958 536 consentire
976 476 1063 540 debet,
1090 474 1231 532 familiar?
1241 477 1338 533 electio
1355 478 1545 552 restringitur,
1568 486 1600 535 ut
1617 497 1651 536 er
1670 496 1705 537 ee
1725 479 1798 535 filim
1814 496 1930 536 uxorem

227 566 318 635 septis
346 583 412 620 vcro
439 568 467 621 ri
495 568 595 633 subm,
626 568 756 623 volumtas
789 576 814 623 et
843 563 999 622 auctoritas
1017 563 1065 617 aci
1090 561 1144 618 sibi
1180 569 1303 635 quaerat.
1360 566 1406 621 Sic
1437 564 1613 623 Abrahamus
1652 565 1817 622 Eleazarum
1854 571 1931 622 certo

227 651 342 717 sufficit.
377 652 459 708 Ratio
480 652 649 708 diversitatis
669 653 739 710 haec
758 660 809 724 est,
836 653 913 725 quod
927 645 1002 724 'patri
1021 649 1064 704 in·
1091 648 1222 706 mandato
1248 650 1412 707 instructum
1445 652 1557 725 ablegat
1586 653 1622 708 ad
1655 652 1843 725 quaerendam
1872 651 1931 708 filio

227 737 284 795 vito
308 756 376 793 suns
405 737 484 796 heres
507 747 715 812 agnasmretur,
742 741 767 795 si
800 741 861 812 ipso
878 756 936 796 non
952 754 1065 793 consen·
1091 736 1187 792 Isaaco
1197 754 1309 794 uxorem
1321 737 1350 793 in
1362 738 1454 811 patria
1465 744 1576 795 terrast
1586 738 1757 812 cognatione.
1772 738 1876 795 Genea.
1887 744 1931 809 2⁴,

228 827 315 883 tiente
334 825 419 881 solius
442 825 487 881 ari
506 843 642 882 consensu
660 844 745 898 nepes
757 827 932 883 contraheret
943 824 1065 896 nuptias,
1092 840 1117 879 v.
1140 829 1171 879 3:
1202 825 1267 880 Nou
1293 825 1425 896 accipies,
1438 843 1551 880 uxorem
1575 827 1637 892 filio
1668 843 1726 880 meo
1756 828 1792 880 de
1807 826 1932 895 filiabus

229 911 326 968 sedin
345 917 429 984 nepte
446 913 516 968 ratio
534 914 583 969 illa
602 919 699 984 cessat,
719 913 823 986 quippe
842 929 914 986 quae
934 911 1064 968 deirmcto
1093 907 1344 980 Clumnneorum,
1370 912 1444 966 ister
1467 930 1536 983 quor
1555 911 1666 976 labdo,
1690 913 1741 966 sed
1765 913 1806 966 ad
1823 919 1931 966 terram

229 1015 281 1053 avo
300 1016 356 1053 non
379 998 478 1054 recidit
495 999 523 1053 in
542 1005 708 1070 potestatem
727 999 827 1071 patris,
857 999 906 1056 sed
924 999 954 1054 in
975 997 1065 1053 mariti
1093 1004 1118 1050 et
1148 999 1340 1068 separationem
1374 1016 1463 1053 meam
1502 999 1542 1068 (in
1574 999 1812 1070 Mesopotamiam)
1839 1001 1931 1068 profi-

230 1089 367 1156 potestate
399 1092 493 1142 manet
519 1085 601 1157 eique
624 1085 725 1141 liberos
748 1092 883 1157 procreat
935 1082 1066 1152 Quamvis
1093 1084 1207 1138 cinomia
1234 1085 1343 1140 atinde
1368 1086 1491 1156 comples
1515 1103 1628 1141 acorem
1652 1103 1712 1140 meo
1742 1087 1803 1152 filio
1833 1086 1931 1141 Isaac.

228 1172 314 1245 igitur
338 1179 468 1242 respectu
489 1173 598 1243 patriae
614 1173 760 1244 potestatis
776 1173 805 1226 iu
834 1172 939 1244 nuptiis
958 1168 1068 1241 nopotis
1093 1168 1165 1227 Gen.
1191 1176 1232 1228 28.
1252 1190 1277 1229 v.
1300 1179 1321 1230 1.
1358 1171 1472 1229 haacus
1500 1173 1556 1230 filio
1582 1189 1633 1228 suo
1650 1172 1757 1229 Jacobs
1777 1171 1931 1244 praecipit:

227 1259 290 1329 jure
310 1257 385 1312 civili
404 1275 460 1315 non
477 1259 635 1329 requiratur
652 1277 800 1315 consensus
818 1260 912 1331 patris,
930 1259 979 1313 sed
998 1258 1066 1311 dun-
1094 1257 1165 1311 Nols'
1189 1259 1317 1331 occepere
1347 1260 1492 1329 coniugem
1519 1263 1555 1315 de
1585 1276 1685 1330 penore
1714 1258 1850 1329 Genaua,
1880 1260 1935 1312 sed

230 1349 307 1399 terat
337 1343 396 1416 avi,
423 1345 489 1417 quie
516 1347 648 1417 quamdiu
673 1363 741 1402 avus
770 1352 902 1418 paternus
934 1349 1068 1415 superest,
1094 1346 1166 1398 vods
1189 1352 1215 1398 et
1235 1345 1418 1415 proficescere
1444 1347 1474 1401 in
1497 1346 1733 1416 Mesopotamiam
1765 1347 1868 1414 Syriae
1892 1347 1936 1398 ad

230 1438 345 1502 nepotes
364 1448 420 1486 non
438 1437 504 1487 sunt
521 1432 549 1486 in
567 1433 674 1504 patris,
693 1433 742 1489 sed
762 1433 792 1488 in
811 1433 856 1488 avi
877 1435 1067 1504 persumme.
1095 1431 1207 1485 domum
1223 1432 1346 1487 Batluel
1369 1440 1482 1503 patrem
1501 1434 1600 1487 matres
1618 1441 1682 1487 tuoe
1707 1440 1731 1487 et
1749 1433 1847 1502 occspe
1864 1433 1933 1486 inde

229 1517 277 1574 fin.
295 1517 381 1572 instit.
401 1517 437 1573 de
452 1524 523 1590 patr.
540 1524 641 1589 potest.
657 1521 793 1590 jamvero
810 1518 919 1574 illorum
932 1518 1067 1572 duntaxat
1095 1517 1278 1572 ricimerem
1296 1519 1330 1572 de
1349 1519 1463 1585 filiolam
1480 1520 1580 1574 Laban
1605 1520 1738 1574 emacuit
1759 1519 1808 1576 toi.
1849 1519 1933 1573 Iudi·

230 1609 376 1677 parentum
395 1621 543 1661 consensus
570 1605 599 1660 in
617 1606 721 1677 nuptiis
740 1606 888 1663 liberorum
905 1604 1067 1677 requiritur,
1094 1600 1220 1660 vidualis
1238 1622 1388 1661 consensus
1406 1611 1464 1676 est,
1496 1606 1607 1679 quando
1629 1607 1658 1661 in
1677 1612 1780 1661 certam
1798 1611 1827 1661 et
1845 1605 1934 1660 nomi-

230 1690 259 1746 in
288 1709 405 1762 morum
427 1699 568 1761 potestate
595 1700 660 1747 sumt
677 1693 774 1762 labari,
805 1692 834 1747 in
851 1710 892 1764 pr.
909 1691 1002 1746 instit
1032 1690 1068 1745 de
1095 1690 1182 1747 netim
1200 1708 1358 1763 expressam
1376 1709 1522 1764 personam
1541 1699 1621 1765 pater
1640 1693 1785 1749 consentit.
1829 1691 1933 1757 Quam·

231 1782 311 1849 nupt
341 1782 434 1833 tamen
461 1787 588 1849 respectu
618 1779 778 1851 posterioris
806 1794 921 1844 causae,
953 1783 1067 1849 propter
1094 1777 1136 1831 vis
1174 1795 1240 1834 vero
1269 1779 1305 1833 ud
1337 1778 1523 1835 conscientiae
1554 1779 1784 1851 tranquillitatem
1821 1793 1933 1833 censer·

233 1882 316 1937 quam
339 1880 488 1920 consensus
516 1871 663 1936 parentum
689 1865 857 1937 requiritur,
886 1863 1015 1920 videlicet
1033 1880 1069 1918 ne
1095 1864 1215 1920 vandum
1231 1871 1259 1922 ct
1277 1882 1355 1937 spem
1374 1865 1484 1922 divinae
1502 1865 1702 1922 benedictionis
1714 1864 1933 1922 confirmandam

231 1951 317 2006 invito
341 1950 420 2007 heres
443 1957 622 2024 agnascatur,
652 1952 681 2006 in
698 1950 803 2022 nuptiis
821 1950 930 2022 nepotis
957 1953 1067 2022 praeter
1096 1951 1264 2008 tutissimum
1301 1952 1338 2008 sit
1371 1952 1569 2008 individualem
1609 1953 1652 2009 vel
1679 1957 1754 2008 certe
1783 1951 1934 2022 specialem

232 2054 395 2094 consensum
419 2037 463 2094 avi
483 2038 568 2094 etiam
590 2038 712 2111 parentis
738 2052 888 2093 cousensus
916 2040 958 2093 est
975 2054 1068 2092 neces·
1095 2046 1241 2111 parentum
1271 2055 1433 2096 consensum
1458 2039 1620 2110 impetrare,
1654 2045 1746 2095 tamen
1774 2038 1935 2110 generalem

232 2124 334 2194 sarius,
363 2125 413 2180 sed
438 2124 467 2180 in
486 2125 591 2196 nuptiis
614 2125 704 2197 neptis
725 2132 841 2198 unaque
867 2142 951 2180 causa
969 2128 1068 2194 cessat,
1095 2126 1178 2182 etiam
1205 2143 1370 2182 consensum
1400 2125 1528 2182 sulficere
1563 2143 1618 2181 non
1648 2125 1752 2198 injuria
1791 2125 1935 2193 statuitur,

233 2211 308 2267 unde
336 2211 420 2266 solius
447 2211 491 2266 ari
516 2228 666 2267 consensus
694 2210 723 2266 in
749 2212 809 2282 ejus
833 2210 937 2282 nuptiis
957 2209 1067 2266 sufficit.
1094 2214 1256 2284 praesertim
1280 2213 1304 2266 ei
1331 2213 1410 2268 liberi
1428 2212 1485 2267 sint
1508 2213 1680 2283 majorennes
1703 2218 1787 2283 atque
1809 2211 1846 2266 ed
1871 2228 1933 2267 eam

234 2298 418 2370 Distinguunt
436 2298 519 2354 etiam
531 2298 603 2353 inter
620 2296 692 2354 filios
705 2298 890 2370 emancipatos
910 2305 938 2353 et
949 2315 1004 2366 eos,
1020 2297 1069 2368 qui
1094 2299 1194 2356 aetatis
1221 2300 1409 2354 maturitatem
1435 2299 1622 2369 pervenerint,
1649 2303 1681 2353 ut
1711 2285 1823 2369 ipsimet
1847 2298 1932 2353 rebus

233 2385 356 2441 nondum
374 2384 465 2455 patria
482 2388 620 2455 potestate
637 2384 777 2454 exierunt3
795 2384 823 2438 in
844 2384 886 2438 his
904 2400 1067 2440 consensum
1095 2386 1151 2441 suis
1169 2392 1243 2442 recte
1261 2387 1418 2459 prospicere
1436 2393 1464 2442 et
1482 2386 1625 2443 consulere
1639 2386 1764 2457 possint,
1783 2386 1849 2458 quia
1870 2392 1932 2457 pot·

234 2472 321 2543 patris
338 2469 474 2540 sufficere,
493 2469 522 2524 in
540 2469 596 2524 illis
614 2470 696 2526 etiam
713 2470 758 2526 ari
784 2487 946 2526 consensum
964 2468 1068 2542 requiri
1095 2479 1136 2528 est
1155 2472 1256 2544 aliquis
1280 2490 1330 2529 suo
1352 2474 1410 2545 juri
1428 2474 1587 2529 renuntiare
1604 2477 1633 2529 et
1655 2472 1729 2544 quod
1746 2489 1798 2528 suo
1819 2473 1932 2528 nomine

120 2561 164 2604 XV·
177 2561 222 2605 ¹⁰⁷·
235 2558 339 2614 dicunt.
376 2556 496 2612 Alberie
531 2555 650 2612 Gentilis
681 2557 728 2614 lib.
759 2563 783 2613 4.
816 2558 851 2614 de
881 2563 959 2629 nupt.
988 2575 1010 2614 ο.
1042 2562 1066 2612 2.
1094 2563 1203 2630 gestum
1220 2565 1271 2629 est,
1289 2564 1379 2614 ratum
1397 2559 1509 2616 habere.

235 2643 354 2709 Quidam
366 2644 542 2715 distinguunt
564 2643 636 2699 inter
653 2643 767 2714 liberos,
797 2661 913 2716 quorum
938 2648 1068 2715 parentes
1128 2649 1169 2701 99.
1211 2645 1359 2711 Quaeritur
1391 2652 1430 2702 tt.
1479 2648 1526 2701 Aa
1556 2647 1585 2701 io
1618 2647 1784 2716 quibasdam
1818 2639 2008 2742 carismata

232 2737 298 2786 suut
326 2729 449 2785 detuncti
481 2734 509 2786 et
525 2745 641 2801 quorum
668 2735 796 2800 parentes
825 2730 916 2785 adhuc
944 2732 973 2786 in
998 2728 1067 2785 vivis
1093 2732 1273 2788 matrimonio
1296 2733 1450 2787 liberorum
1476 2736 1536 2788 sine
1547 2742 1696 2803 parentum
1716 2750 1849 2788 comessa
1866 2750 1930 2787 cou-
1944 2746 1996 2784 nm

232 2816 375 2872 exsistunt
411 2816 445 2870 Ιη
462 2815 524 2871 illos
542 2831 594 2872 avo
615 2821 644 2872 et
662 2816 740 2872 aviae
758 2817 875 2872 eandem
902 2821 1066 2889 potestatem
1093 2822 1186 2874 tracto
1199 2837 1218 2872 a
1235 2820 1331 2887 judice
1350 2838 1500 2874 causarum
1518 2819 1769 2874 matrimonialium
1793 2818 1850 2872 sim
1868 2837 1931 2873 con·
1944 2796 2008 2898 {¹2:12

232 2902 366 2968 tribuunt,
384 2919 456 2975 quae
473 2901 526 2958 suit
542 2907 689 2973 parentum
710 2901 801 2958 adhuc
819 2902 961 2971 virorum,
980 2903 1009 2956 in
1024 2903 1068 2958 his
1087 2908 1256 2975 firmanda!
1291 2906 1420 2962 Beustius
1438 2907 1472 2961 de
1488 2906 1607 2961 matrim.
1633 2922 1658 2960 c.
1687 2911 1730 2961 46.
1750 2923 1777 2976 p.
1801 2911 1861 2962 210.
1890 2906 1930 2961 sic
1944 2901 2008 2992 2⁰31}

232 3007 297 3046 vero
327 2989 464 3044 diversam
492 2988 626 3046 rationem
645 2995 777 3045 statuunt.
831 2988 886 3046 Sed
913 2991 1066 3045 enimcum
1094 2991 1254 3064 distinguit:
1276 2998 1298 3047 l.
1318 2991 1377 3047 Aut
1395 2991 1474 3048 liberi
1493 2992 1614 3048 inierunt
1638 2992 1813 3048 matrimonia
1834 2992 1931 3047 insciis
1945 3015 2008 3046 sors«

231 3092 380 3132 consensus
402 3077 512 3148 paterni
538 3076 688 3132 necessitas
716 3076 761 3132 vel
777 3077 894 3133 maxime
914 3077 1068 3148 dependeat
1093 3077 1255 3148 parentibus
1273 3085 1301 3134 et
1315 3086 1449 3150 parentes
1461 3095 1549 3150 aequm
1569 3080 1604 3132 ab
1624 3079 1712 3148 indm,
1730 3087 1932 3150 aequepoeteo
1944 3067 1990 3098 '⁰¹'

232 3164 339 3235 exlege
358 3163 452 3218 divine
466 3164 500 3218 de
511 3163 674 3234 parentibus
694 3164 862 3220 honorandis
880 3165 962 3235 juxta
981 3164 1067 3236 expli·
1093 3165 1189 3218 volunt
1208 3166 1377 3236 consentire3
1405 3172 1471 3222 tunc
1490 3165 1604 3221 dubium
1621 3164 1742 3235 nullum,
1771 3165 1840 3238 quin
1856 3166 1932 3221 istud

232 3249 369 3305 cntionem
406 3250 435 3304 in
470 3243 539 3322 ipsis
577 3249 729 3322 scripturis
765 3251 895 3307 traditam
932 3257 960 3307 et
1003 3268 1068 3307 vero
1094 3252 1295 3307 matrimonium
1322 3251 1381 3307 sine
1408 3251 1531 3323 ipsorum
1548 3269 1684 3308 consensu
1709 3269 1765 3307 non
1789 3252 1932 3323 subsistat,

232 3343 376 3408 parentum
406 3337 517 3392 nomine
542 3338 626 3393 etiam
652 3355 720 3392 evus
750 3343 778 3394 et
804 3338 867 3393 avia
891 3337 1068 3409 comprehen·
1095 3344 1242 3409 propterea
1271 3338 1345 3410 quod
1375 3338 1497 3410 ipsorum
1523 3356 1672 3394 censemus
1702 3355 1757 3395 non
1773 3339 1933 3406 intervenit,

115 3444 122 3458 ·
233 3422 349 3491 dantur,
372 3430 404 3478 ut
421 3439 471 3478 suo
497 3423 557 3479 loco
578 3424 607 3478 in
624 3431 731 3497 quaest
749 3425 785 3479 de
803 3425 912 3497 gradib.
938 3440 1068 3498 consang.
1096 3425 1143 3496 qui
1163 3430 1256 3478 tamen
1276 3425 1438 3495 requiritur,
1471 3432 1498 3481 et
1511 3431 1553 3480 est
1572 3424 1720 3481 'solennitas
1741 3425 1933 3481 substantialis

233 3510 425 3579 ostendemus,
453 3509 515 3566 ideo
540 3510 650 3565 illorum
673 3527 784 3583 quoque
807 3528 970 3567 consensum
988 3511 1069 3567 liberi
1095 3510 1181 3582 ipsius
1212 3511 1387 3566 matrimonii
1437 3510 1495 3568 Aut
1518 3518 1647 3583 parentes
1670 3517 1733 3583 post
1757 3512 1934 3569 matrimonia

233 3595 360 3668 morigeri
378 3605 406 3651 et
424 3595 643 3653 benedictionem
662 3614 680 3652 a
696 3597 757 3654 Deo
776 3602 966 3668 exspectantes
980 3598 1067 3654 neuti·
1094 3605 1235 3652 eontracta
1254 3614 1288 3653 ea
1306 3605 1372 3651 rota
1387 3598 1550 3668 babuerunt,
1567 3603 1630 3653 utut
1647 3597 1707 3653 sine
1725 3597 1848 3668 ipsorum
1867 3616 1933 3655 οοη·

233 3700 315 3754 quam
347 3682 566 3753 praetermittere
597 3683 708 3739 debent
753 3682 868 3740 Constit.
897 3683 976 3742 elect.
1004 3684 1067 3741 Sar.
1094 3701 1176 3740 sensu
1201 3684 1245 3740 vel
1274 3701 1356 3756 pure,
1387 3684 1432 3739 vel
1450 3684 1503 3740 sub
1531 3684 1689 3740 conditione
1712 3702 1768 3740 uon
1786 3684 1933 3742 inhonesta

233 3768 300 3828 eccl.
324 3787 348 3825 c.
394 3771 455 3828 ilion
490 3769 630 3841 ditiusque
669 3769 716 3826 fol.
751 3773 807 3830 tto.
831 3769 970 3826 'disertam
1000 3771 1069 3828 facit
1094 3771 1172 3827 initio
1191 3788 1240 3842 per
1256 3771 1356 3827 liberos
1373 3771 1487 3828 fuerunt
1505 3771 1581 3836 inita,
1601 3775 1629 3827 et
1649 3778 1716 3826 ωηο
1735 3778 1849 3842 propter
1866 3773 1931 3827 sub-

231 3855 275 3910 ari
294 3861 321 3910 et
340 3856 419 3912 ariae
438 3854 619 3912 mentionem:
654 3858 693 3914 dt
713 3858 792 3926 lolltu
811 3858 855 3928 liti
874 3857 942 3912 ltine
961 3858 1067 3928 atnoe,
1094 3863 1253 3929 sequentem
1270 3857 1439 3914 voluntatem
1459 3865 1486 3914 ct
1501 3875 1664 3914 eonsensum
1676 3857 1743 3914 talia
1754 3858 1932 3917 matrimonia

232 3942 326 4012 &iliae
346 3943 406 3998 obet
424 3942 544 4012 Zbdltt,
571 3947 626 3999 tuta
644 3945 734 3999 illiers
753 3943 793 3999 bit
812 3944 883 4014 lint,
913 3945 979 4015 obus
999 3947 1067 4002 ilot-
1093 3944 1195 4014 valent,
1215 3944 1293 4015 quasi
1315 3945 1350 4000 de
1363 3962 1434 4001 novo
1452 3950 1605 4014 contracta,
1621 3963 1653 4001 ac
1671 3946 1694 3999 si
1712 3945 1787 4016 prior
1802 3944 1852 3999 ille
1865 3962 1930 4001 con·
1944 3956 1987 3998 xv.
2002 3953 2008 3996 t

232 4028 318 4098 millen
337 4028 601 4099 alternaturam
621 4030 806 4100 retractum.
827 4031 872 4086 als
892 4032 1062 4101 tributore,
1093 4036 1198 4085 tractus
1221 4048 1362 4104 nunquam
1390 4030 1545 4086 celebratus
1577 4031 1680 4087 fuisset
1728 4036 1752 4086 2.
1771 4033 1831 4085 Aut
1849 4031 1932 4087 liberi

232 4117 275 4172 ber
296 4115 417 4184 illuttsr,
451 4116 505 4170 uns
524 4116 558 4171 to
576 4116 616 4172 tlt
635 4117 701 4187 altpt
720 4117 882 4187 uorloubeu,
914 4119 959 4173 bes
979 4119 1068 4187 droia
1093 4123 1159 4171 sunt
1182 4116 1356 4171 mmeramme
1382 4127 1406 4172 ct
1426 4135 1472 4173 res
1493 4127 1533 4173 est
1551 4119 1669 4187 intepra,
1687 4117 1739 4173 huc
1754 4125 1797 4173 est
1817 4118 1931 4189 quando

231 4207 322 4261 tutttt
346 4203 400 4257 aab
425 4202 468 4257 bet
493 4202 667 4272 exornatas
690 4204 818 4261 uttlobta.
866 4203 984 4269 Quando
1003 4222 1067 4261 vero
1093 4205 1192 4274 copula
1216 4204 1340 4258 nondum
1364 4210 1406 4259 est
1431 4211 1544 4271 secuta;
1572 4210 1640 4260 tunc
1659 4211 1772 4275 propter
1792 4204 1931 4259 minoren·

230 4290 276 4346 avi
310 4289 355 4344 vel
381 4287 504 4359 parentis
535 4305 684 4344 cousensus
721 4288 919 4360 praeferendus
948 4291 998 4360 sit,
1033 4309 1066 4348 ex
1093 4290 1208 4344 nitatem
1228 4299 1355 4360 parentes
1375 4291 1444 4347 talia
1461 4291 1635 4347 matrimonia
1651 4292 1846 4364 sineipsorum
1864 4309 1929 4349 con·

230 4374 357 4448 diligenti
374 4374 643 4429 circumstantiarum
669 4375 886 4432 consideratione
903 4377 1068 4450 relinquitur
1093 4394 1176 4432 sensu
1189 4377 1256 4432 inita
1267 4377 1423 4432 rescindere
1435 4384 1560 4449 possunt,
1575 4377 1683 4433 etiamsi
1696 4378 1802 4432 nullam
1815 4394 1932 4434 causam

230 4461 445 4527 aestimandum,
474 4459 502 4514 iu
521 4459 607 4515 dubio
624 4466 717 4516 tamen
736 4463 781 4518 avi
801 4463 915 4520 consilio
940 4464 1003 4535 plus
1021 4465 1065 4519 de·
1093 4463 1233 4518 dissensus
1255 4462 1385 4520 habeant
1428 4463 1487 4521 Aut
1512 4464 1592 4520 liberi
1611 4471 1677 4522 sunt
1703 4465 1884 4534 umjoreuaes
1904 4471 1934 4521 et

229 4549 374 4605 ferendum
403 4554 462 4603 turn
495 4555 608 4619 propter
649 4549 748 4604 aetatis
782 4550 1004 4622 praerogativam
1040 4558 1068 4608 et
1093 4568 1254 4607 consensum
1288 4558 1433 4622 parentum
1471 4551 1564 4608 debito
1595 4554 1678 4606 modo
1714 4553 1935 4626 requisisses-mre

227 4636 326 4707 judicii
340 4635 541 4700 maturitatem,
567 4641 626 4689 tum
644 4641 757 4706 propter
776 4653 910 4706 amorem,
939 4654 994 4710 quo
1020 4655 1067 4694 ne·
1093 4645 1160 4692 ωηο
1188 4642 1318 4708 parentes
1342 4637 1464 4708 ipsorum
1489 4637 1664 4694 matrimonia
1691 4637 1824 4710 impedire
1844 4647 1872 4695 ot
1891 4659 1933 4698 re·

230 4727 309 4794 potes
328 4721 532 4794 complectitur,
560 4726 619 4777 tum
638 4727 751 4794 propter
777 4729 956 4796 potestatem,
984 4742 1067 4797 quam
1097 4725 1224 4780 scindere
1244 4740 1299 4781 nou
1317 4731 1440 4795 possunt,
1454 4725 1507 4780 nisi
1520 4724 1818 4797 habeantjustissimas
1832 4745 1933 4786 causas

230 4810 259 4864 in
284 4815 425 4880 parentem
461 4808 549 4880 illins,
588 4809 623 4864 de
660 4809 740 4880 cujus
777 4810 881 4881 nuptiis
918 4811 1066 4882 quaeritur.
1094 4811 1250 4880 dissensus,
1280 4817 1351 4881 puta
1378 4811 1401 4864 si
1428 4810 1486 4867 filia
1515 4811 1599 4868 vellet
1628 4810 1732 4869 nubere
1750 4813 1826 4883 turpi
1844 4822 1873 4869 et
1892 4815 1933 4870 in·

231 4894 345 4951 obtinet.
1093 4898 1222 4966 honesto,
1253 4903 1319 4952 tunc
1347 4904 1428 4969 pater
1457 4917 1508 4955 sna
1536 4899 1700 4955 auctoritate
1737 4906 1829 4969 petest
1860 4901 1933 4957 illud

102 4997 134 5042 ta
149 4996 183 5039 Ar
266 4987 307 5039 98.
342 4981 490 5048 Quaeritur
510 4989 549 5040 13.
572 4984 619 5038 Ao
634 4983 867 5053 probandorum
886 4985 1009 5055 nuptiae,
1027 4974 1081 5057 cdl
1094 4984 1299 5040 matrimonium
1337 4983 1478 5056 impedire.
1535 4985 1564 5041 Si
1601 5002 1665 5041 vero
1699 4985 1781 5041 vellet
1825 4987 1933 5045 nubere

103 5049 217 5144 {gssfflf'
231 5087 301 5140 quor
313 5070 455 5138 penetralis
467 5073 921 5142 duatacotpareatumcoaseoeus
938 5073 1069 5126 accedit!
1093 5071 1207 5126 honesto
1227 5079 1256 5127 et
1271 5071 1332 5143 pari
1349 5071 1471 5128 moribus
1486 5079 1514 5128 et
1530 5088 1645 5144 genere,
1676 5079 1750 5128 certe
1777 5079 1858 5143 pater
1876 5075 1933 5130 dis·

104 5153 206 5253 ami·
231 5156 358 5212 Doceudi
373 5172 456 5212 cansa
467 5157 603 5228 triplicem
613 5165 759 5229 parentum
770 5174 934 5215 consensum
947 5093 1230 5217 statuereiscntiendi
1261 5176 1372 5215 causam
1398 5178 1453 5217 uon
1479 5159 1571 5217 habet.
1620 5166 1643 5217 3.
1665 5159 1699 5213 st
1717 5176 1763 5213 ree
1782 5178 1839 5213 oon
1857 5173 1934 5219 essct

231 5259 386 5316 possumus.
437 5243 617 5312 Generalem,
651 5244 762 5317 quando
792 5249 873 5316 pater
901 5245 1011 5316 plenam
1040 5251 1069 5300 st
1093 5247 1212 5315 intepra,
1232 5251 1300 5316 puta
1318 5246 1430 5317 qnando
1450 5246 1643 5302 intervenisset
1661 5244 1842 5315 concubitus,
1862 5254 1933 5306 tunc

231 5330 346 5387 liberam
378 5329 491 5386 ineundi
517 5331 683 5387 matrimonii
717 5337 883 5404 potestatem
922 5329 979 5387 filio
1005 5347 1068 5387 con·
1094 5332 1244 5390 siveliberi
1257 5334 1312 5389 siut
1325 5333 1932 5408 majorennessiveminorenncs,conjuginm

231 5417 319 5490 cedit,
353 5425 385 5476 ut
408 5435 574 5491 quocunque
600 5419 666 5474 velit
691 5419 752 5475 loco
786 5427 814 5474 et
839 5435 872 5475 ex
900 5435 1067 5491 quacunque
1094 5429 1315 5479 consummatum
1333 5439 1389 5478 non
1406 5427 1499 5493 potest
1517 5421 1651 5492 rescindi,
1670 5422 1777 5478 etiamsi
1796 5432 1931 5493 parentes
