4020 6022
270 204 330 265 238
847 202 969 263 Locus
988 200 1193 263 momentus
1212 202 1382 269 QUINTUS

126 350 256 453 {ffiw'
268 353 341 409 inter
367 372 415 410 eos
443 364 577 428 perpetuo
607 357 701 429 vigere
727 358 811 413 dehet
833 376 912 415 amor
934 368 1046 416 mutuus
1072 376 1104 414 ac
1130 362 1237 427 cedere,
1257 379 1312 429 qno
1325 363 1406 430 putri
1417 362 1492 431 filio.
1530 360 1607 417 Inter
1625 363 1759 435 conjuges
1770 364 1869 436 vigere
1884 362 1972 419 debet

229 433 234 444 '
271 448 368 497 mutua
397 441 596 498 benevolentia.
636 444 697 499 Hoc
720 446 842 516 porisma
869 461 904 500 ex
929 445 1019 501 forme
1042 462 1105 501 con·
1130 446 1312 500 communitas
1320 447 1897 521 totiusvltaeetomnium,quaeadvitam
1908 466 1970 520 per-

266 527 343 599 jugii
361 529 475 585 deducit
493 530 636 601 apostolus
654 530 755 602 Ephes.
776 539 800 597 5,
817 551 843 589 v.
856 537 904 588 28:
927 531 1105 587 Viri.debent
1130 531 1968 605 tinentreiipionia‚fomilioe,domicslii,bononimcdoerro·

272 615 393 684 dilipere
419 632 519 669 uxorea
539 633 605 669 enee
622 626 653 669 nt
679 634 801 686 corpora
822 637 889 682 eno,
917 619 967 688 qui
990 636 1105 672 umorem
1130 619 1372 673 mnamaocietuts'e
1380 620 1557 674 donicaticae.
1568 619 1587 676 1.
1597 621 1711 691 nuptiae
1722 621 1827 678 effide
1835 622 1881 677 rit.
1889 628 1969 691 nnpt.

269 718 350 753 enum
368 701 478 770 adipis,
501 718 531 754 ιι
546 703 637 771 speum
664 704 769 771 diligit
806 722 831 758 v.
851 710 891 760 29,
918 704 1007 758 Nemo
1027 704 1100 757 enim
1130 704 1291 759 ladversus
1310 712 1334 759 4.
1349 703 1379 759 O.
1399 705 1522 761 decrim.
1541 706 1622 776 expil.
1641 706 1735 763 hered.
1754 708 1773 762 1.
1792 708 1816 761 si
1835 725 1901 762 cum
1919 708 1966 762 do

270 804 394 854 unquam
419 804 533 841 ιαηιιιιι
560 805 642 841 snam
670 790 737 844 odio
756 790 867 859 haban,
898 792 950 844 ced
974 791 1061 843 natri't
1080 797 1105 842 et
1129 796 1186 844 tem
1207 795 1246 845 23.
1274 786 1302 863 ξ.
1322 790 1346 845 si
1378 791 1493 845 maritus
1511 790 1580 847 aff.
1602 791 1693 847 soluto
1710 794 1888 848 matrimonio
1908 800 1963 849 etc.

267 874 343 936 fovet
359 889 431 942 eam,
450 875 522 926 sicut
542 883 568 928 ct
588 874 716 929 Oli-istm
735 876 890 930 securium.
925 893 953 932 v.
971 881 1012 931 31.
1033 877 1104 929 Pro-
1130 874 1174 928 De
1192 876 1264 930 veris
1282 892 1316 931 ec
1334 875 1447 931 sinceris
1474 877 1570 932 amicis
1590 878 1671 933 Plato
1689 880 1866 949 pronuntiat,
1892 880 1968 951 quod

266 968 332 1027 pter
350 960 401 1012 too
420 960 561 1028 relinquet
578 962 658 1014 tiemo
676 971 725 1014 etc.
751 970 777 1015 ct
801 971 881 1016 crniit
899 963 956 1017 cieo
972 962 1002 1014 in
1019 978 1105 1015 carne
1131 962 1225 1015 omnio
1247 964 1372 1031 aprorum
1392 965 1449 1017 eint
1466 965 1634 1026 communic,
1658 964 1764 1020 scilicet
1776 966 1894 1037 χρήσει,
1912 984 1968 1019 non

267 1062 336 1100 sina.
374 1045 577 1116 Argumentum
594 1048 711 1117 apostoli
737 1054 780 1103 est
797 1047 957 1129 ejuemodi.¹
985 1045 1042 1103 Ubi
1062 1051 1105 1100 eet
1131 1048 1237 1118 κτήσεις
1250 1049 1454 1119 quantomagis
1473 1051 1508 1105 de
1523 1050 1694 1106 hocsnmmo
1707 1051 1847 1105 amicitiae
1867 1051 1968 1122 gradu,

267 1129 358 1185 earnis
381 1132 486 1200 unitas,
507 1132 546 1187 ibi
569 1139 667 1187 mutua
683 1134 777 1205 vigere
803 1132 888 1188 debet
914 1132 1105 1187 benevolentia
1132 1134 1166 1189 de
1182 1134 1314 1206 conjugio
1337 1135 1450 1204 scihcet,
1468 1136 1640 1206 pronuntiari
1658 1138 1758 1205 dehet,
1775 1137 1852 1207 quod
1871 1137 1967 1191 omnia

267 1236 300 1271 ac
318 1218 418 1272 caritas
427 1231 436 1285 ',
466 1235 547 1273 nemo
571 1220 644 1274 enim
672 1237 795 1290 nuquam
813 1236 925 1275 carnem
945 1234 1022 1273 suam
1041 1218 1105 1273 odio
1131 1220 1203 1274 inter
1216 1220 1409 1276 contrahentes
1421 1221 1507 1276 faciat
1519 1222 1683 1277 communia.
1707 1222 1781 1277 Hinc
1791 1222 1967 1277 Modestinus

274 1303 381 1361 hebuit.
419 1305 507 1375 Atqui
525 1306 596 1361 inter
613 1308 748 1377 conjuges
768 1324 801 1361 ex
822 1306 916 1360 divine
932 1305 1105 1359 ordinatione
1132 1304 1228 1360 definit
1247 1307 1367 1376 nuptiae,
1387 1308 1461 1377 quod
1480 1308 1536 1361 sint
1553 1309 1713 1377 conjunctio
1732 1309 1822 1361 morie
1837 1318 1865 1361 et
1882 1310 1966 1373 serni·

274 1400 316 1445 est
328 1390 419 1445 carnia
433 1392 533 1448 unitas.
558 1391 634 1463 Ersso
652 1392 786 1448 intereos
803 1393 898 1464 vigere
914 1391 998 1447 debet
1008 1398 1105 1446 mutue
1131 1410 1193 1461 noe,
1213 1394 1382 1446 coneortinm
1399 1393 1489 1446 omnic
1507 1394 1587 1459 vitoe,
1609 1395 1701 1448 dreini
1710 1403 1738 1449 et
1755 1395 1876 1448 temoni
1886 1396 1967 1463 juris

274 1477 468 1532 benevolentia
495 1486 524 1533 et
549 1479 660 1533 caritas.
703 1479 744 1535 Ut
762 1495 796 1535 ex
821 1496 895 1533 nexu
913 1478 1023 1533 divinae
1041 1494 1104 1532 cou-
1132 1479 1343 1532 conmunicatio
1371 1478 1388 1530 l.
1417 1478 1538 1548 Nuptiae
1563 1485 1585 1536 l.
1609 1479 1637 1533 ff.
1662 1480 1698 1535 de
1727 1481 1772 1535 rit
1797 1486 1878 1551 nupt.
1921 1480 1968 1535 De

264 1564 417 1634 junctionis
447 1572 475 1618 et
501 1565 673 1653 qbligatioue
700 1582 733 1620 ex
759 1565 940 1621 consensione
964 1565 994 1618 in
1021 1580 1103 1617 unam
1131 1581 1244 1635 corpore
1264 1564 1367 1619 Christi
1384 1564 1502 1635 mystico
1517 1566 1679 1635 pronuntiet
1697 1567 1840 1637 apostolus
1865 1573 1886 1622 1.
1901 1567 1965 1626 Ger.

268 1667 379 1705 earnem
399 1648 585 1706 descendente
608 1659 734 1706 mutuum
759 1660 788 1707 et
805 1651 924 1723 aequale
942 1653 989 1721 jus
1009 1666 1103 1720 corpo·
1135 1656 1172 1719 12,
1192 1669 1217 1706 v.
1237 1656 1282 1705 ee:
1304 1650 1339 1704 Si
1349 1650 1459 1719 petitur
1478 1668 1562 1704 unum
1579 1652 1736 1722 membrum,
1755 1653 1967 1722 compatienter

267 1755 328 1791 rum
360 1738 432 1791 inter
460 1738 592 1808 conjuges
614 1738 715 1802 oritur,
746 1738 787 1793 ita
812 1755 923 1810 quoque
947 1755 980 1791 ex
1004 1736 1101 1791 eodem
1129 1739 1224 1791 onmia
1249 1738 1390 1805 namma,-
1419 1737 1446 1790 ei
1477 1737 1656 1806 glomlicutm·
1685 1757 1772 1791 unum
1802 1739 1966 1807 ιιιιιιιὺηιιιι,

268 1822 403 1892 principio
419 1823 490 1877 inter
506 1823 580 1893 ipeos
599 1830 733 1893 perpetuo
754 1824 839 1879 debet
858 1822 1103 1895 vigereacflorere
1129 1825 1305 1892 congaudent
1330 1823 1444 1892 reliqna
1474 1823 1612 1890 ntembra5
1644 1832 1747 1893 quanto
1778 1824 1870 1895 magis
1899 1824 1965 1879 tulis

269 1926 346 1963 amor
363 1916 482 1973 mutuus,
500 1907 695 1964 benevolentia
712 1917 818 1978 mutua,
837 1909 907 1963 fides
920 1915 1025 1974 mutua,
1044 1909 1103 1963 ἐπι·
1129 1910 1263 1963 benorum
1280 1908 1450 1963 malorumve
1466 1910 1623 1964 communio
1635 1910 1706 1964 inter
1717 1913 1854 1983 conjuges
1872 1900 1965 1967 locum

268 2002 353 2051 etxeic
369 1995 399 2047 iu
416 1993 568 2049 tolerandis
588 1995 682 2049 naevis
701 2002 807 2062 mutua,
825 1994 990 2069 συμπάθεια
1007 1993 1036 2047 ἱιι
1054 1993 1102 2047 ad-
1129 1994 1231 2050 habere
1253 1993 1350 2062 debet,
1375 1994 1478 2065 quippe
1501 1996 1549 2067 qui
1572 2012 1627 2051 non
1654 2003 1719 2050 suut
1744 1997 1825 2051 unius
1851 2005 1965 2053 tantum

256 2083 352 2137 versis
378 2090 489 2145 mutua,
512 2088 645 2136 κοινωνία
663 2080 799 2137 bonorum
818 2088 929 2145 mutua,
954 2080 983 2135 in
1004 2080 1101 2135 libero
1129 2080 1251 2151 corporis
1282 2080 1421 2149 membra,
1450 2080 1501 2135 sed
1524 2097 1627 2151 corpus
1651 2098 1736 2136 unum
1763 2089 1793 2137 et
1814 2100 1881 2138 caru
1899 2101 1965 2141 una

267 2186 327 2223 rum
345 2168 509 2223 educatione
521 2173 550 2221 et
563 2168 724 2236 elocutione,
745 2169 773 2222 in
793 2167 964 2223 reiamiliuri
976 2165 1102 2238 paranda
1128 2166 1173 2221 De
1206 2165 1371 2221 facultatum
1406 2174 1500 2221 tamen
1534 2168 1727 2222 communione
1758 2169 1892 2225 addenda
1922 2180 1967 2225 est

268 2263 296 2310 et
317 2253 520 2322 conservanda,
540 2254 701 2323 cumprimis
720 2255 830 2308 veroin
848 2253 979 2324 precibus
999 2259 1028 2307 et
1044 2252 1102 2321 pic-
1128 2254 1283 2309 necessaria
1300 2253 1437 2324 quaedam
1455 2252 1600 2323 restrictio,
1619 2254 1693 2325 quod
1712 2255 1820 2309 sedicet
1832 2254 1965 2311 absoluta

268 2342 333 2396 tetis
352 2339 488 2395 exercitiis
514 2355 599 2409 opera
615 2348 727 2410 mutua,
755 2357 789 2394 ne
808 2341 836 2395 id
856 2340 930 2412 quod
948 2357 965 2394 a
981 2338 1043 2394 Deo
1061 2337 1101 2391 in-
1128 2347 1157 2393 et
1173 2338 1332 2394 omnimoda
1349 2339 1504 2410 aequalitas
1521 2340 1549 2392 in
1561 2339 1696 2395 bonorum
1713 2342 1966 2398 communicatione

267 2427 393 2481 stitutum
425 2432 467 2480 est
495 2425 524 2479 in
556 2425 740 2494 adjutorium,
771 2427 853 2481 cedat
885 2426 1042 2496 inpietatis
1073 2431 1102 2478 et
1128 2445 1183 2481 non
1210 2426 1246 2480 sit
1267 2425 1302 2480 de
1320 2425 1477 2480 substantia
1499 2427 1681 2496 matrimonii,
1714 2428 1763 2482 sed
1791 2429 1963 2501 quaudoque

267 2512 408 2569 felicitatis
427 2512 663 2582 impedimentum.
710 2509 850 2582 Conjugcs
870 2520 1009 2567 suntuna
1026 2526 1099 2578 caro,
1128 2512 1249 2567 sufficiat
1268 2520 1373 2567 certam
1385 2512 1518 2567 bonorum
1530 2512 1678 2583 partemin
1692 2514 1820 2568 secundis
1838 2515 1965 2570 tertiisve

267 2602 297 2655 id
315 2606 358 2653 est
375 2615 446 2653 unus
466 2598 561 2664 homo,
585 2614 651 2668 ergo
669 2597 752 2652 etiam
769 2598 943 2652 voluntatum
962 2598 1054 2652 unitae
1073 2600 1101 2650 et
1127 2600 1230 2670 nuptiis
1249 2601 1329 2653 uxori
1349 2606 1377 2654 et
1397 2598 1492 2653 liberis
1510 2616 1543 2653 ex
1555 2616 1589 2654 ea
1607 2600 1791 2670 suscipiendis
1808 2602 1964 2673 assignare,

268 2696 380 2742 sanctae
399 2684 562 2739 concordiae
580 2684 703 2738 studium
717 2685 789 2738 iuter
804 2684 954 2738 eoslocum
966 2691 1100 2753 perpetuo
1126 2687 1233 2758 reliqna
1259 2686 1395 2742 bonorum
1424 2684 1549 2754 portione
1576 2684 1670 2740 liberis
1699 2702 1732 2740 ex
1760 2686 1851 2757 primo
1869 2689 1962 2743 matri·

268 2774 384 2841 habeat,
414 2772 460 2826 cui
487 2772 510 2824 ei
537 2785 619 2824 verae
643 2770 672 2822 in
690 2769 830 2824 Christum
848 2769 914 2824 fidei
932 2778 961 2824 et
977 2770 1100 2823 sincerae
1128 2773 1217 2827 monio
1241 2771 1377 2841 susceptis
1404 2771 1433 2823 in
1460 2770 1578 2824 solidum
1597 2770 1708 2839 relicta,
1735 2789 1843 2842 exque
1860 2773 1961 2830 funda·

268 2860 392 2916 caritatis
410 2876 444 2913 ex
461 2874 495 2912 ca
511 2855 673 2928 profluentis
691 2857 783 2910 unitas
801 2856 837 2911 sit
855 2856 1017 2925 conjuncta,
1045 2869 1100 2907 non
1128 2865 1219 2913 mento
1251 2856 1446 2926 Hemmingius
1475 2855 1510 2910 de
1535 2856 1647 2928 conjug.
1672 2875 1700 2928 p.
1727 2862 1786 2913 228.
1809 2860 1961 2929 concludit,

267 2954 359 3018 potest
381 2944 533 3016 quidquam
557 2941 618 2997 Deo
645 2942 753 3013 gratius
770 2960 803 2997 ac
826 2941 982 2997 hominibus
998 2942 1100 2995 saluta·
1127 2948 1218 2998 virum
1232 2945 1366 3006 nobilem,
1391 2943 1441 3011 qui
1455 2960 1488 2995 ιι
1512 2960 1598 2995 neore
1616 2944 1706 2997 nobili
1722 2961 1901 3001 numerorum
1918 2966 1960 3003 eo

269 3034 327 3087 rius
356 3030 488 3102 cogitari,
516 3030 569 3084 hac
595 3029 669 3083 enim
695 3029 802 3082 ratione
827 3028 867 3098 pii
894 3034 922 3083 et
952 3027 1101 3082 concordes
1129 3033 1215 3086 belem
1233 3030 1360 3097 metalit,
1385 3046 1471 3083 acore
1494 3030 1640 3083 demortua
1657 3048 1742 3101 pesae
1769 3050 1832 3085 cum
1849 3035 1959 3097 semine

152 3124 198 3165 XV·
210 3122 256 3165 ³1·
274 3121 407 3189 conjuges
432 3125 541 3188 gratum
568 3115 629 3171 Deo
660 3122 803 3185 praestant
827 3114 1004 3186 obsequium,
1040 3113 1102 3167 aliis
1128 3119 1248 3189 ignobili
1265 3118 1472 3170 matrimonium
1490 3116 1652 3170 contrahere
1671 3118 1725 3171 loc
1743 3121 1915 3183 conditione,
1931 3127 1959 3173 ut

269 3204 426 3261 hominibus
444 3201 586 3257 laudabile
610 3200 742 3257 exhibent
758 3200 930 3271 exemplum,
956 3198 1009 3255 eibi
1034 3200 1101 3269 ipsis
1129 3205 1212 3258 liberi
1225 3203 1335 3273 priorie
1348 3203 1445 3255 neoris
1456 3204 1487 3255 in
1501 3202 1634 3256 bononem
1646 3204 1765 3257 mimine
1777 3206 1957 3259 immobilium

270 3291 422 3361 temporale
441 3297 469 3345 et
484 3296 627 3343 aeternum
641 3288 788 3359 acquirunt
805 3288 965 3358 praemium.
996 3286 1100 3342 Euclea.
1126 3292 1309 3344 liereditatcm
1332 3291 1498 3356 recordant,
1524 3297 1555 3341 nt
1581 3305 1679 3342 nomen
1696 3290 1831 3354 scrattiae
1850 3308 1956 3347 conier-

270 3384 319 3445 25,
343 3396 368 3430 v.
391 3383 419 3430 l:
438 3377 474 3430 ln
491 3375 580 3428 tribus
591 3374 730 3443 placitum
750 3383 789 3427 cet
805 3375 921 3444 spiritui
939 3390 1011 3438 nico,
1029 3390 1101 3442 quoe
1126 3387 1218 3447 cetur,
1242 3376 1375 3445 ignobilia
1395 3393 1460 3428 vcro
1477 3392 1539 3428 curn
1563 3375 1623 3427 iaie
1649 3375 1745 3429 liberis
1773 3378 1810 3431 eit
1830 3387 1956 3433 contenta

268 3472 332 3518 eant
344 3462 467 3533 probata
486 3462 655 3514 corccho
673 3468 812 3513 eteorum
832 3461 1002 3526 bominibus,
1026 3477 1052 3514 v.
1075 3464 1099 3513 2.
1128 3465 1259 3519 bonorum
1278 3463 1420 3516 mobilium
1434 3470 1521 3530 porte
1537 3462 1625 3530 jacta
1643 3462 1787 3517 bermetum
1804 3468 1879 3519 inter
1897 3484 1955 3520 coa·

271 3549 424 3605 concordio
448 3549 574 3613 fratrem
600 3554 628 3600 st
655 3547 780 3599 amicitia
803 3546 929 3617 proximi
955 3554 981 3600 et
1005 3547 1049 3599 cir
1074 3554 1101 3599 ct
1126 3552 1267 3605 trabentes
1292 3557 1465 3602 contractem
1486 3568 1505 3601 o
1530 3550 1657 3616 cognatis
1682 3556 1708 3602 ct
1730 3551 1833 3604 ιιιιιίιὶι
1856 3572 1954 3623 cappro

200 3644 203 3649 ’
270 3638 372 3693 risulier
392 3636 449 3689 eibi
465 3633 673 3702 consentienter,
692 3633 799 3693 ἑαυτοῖς
817 3632 1101 3706 συμπεριφερόμενοι,
1127 3639 1228 3692 habim.
1274 3634 1468 3689 Fundamenta
1495 3634 1642 3689 decisionis
1668 3636 1725 3705 peti
1743 3645 1864 3706 possunt
1892 3647 1913 3695 1.
1937 3658 1956 3693 e

271 3742 305 3780 ex
324 3729 421 3778 mutua
440 3721 588 3776 dilectione
607 3719 772 3775 seinvicem
800 3724 943 3789 portantes
970 3725 999 3774 ct
1015 3718 1101 3773 veluti
1128 3723 1257 3777 inanitati
1287 3721 1380 3774 divini
1407 3721 1527 3783 defectu.
1575 3720 1689 3777 Nullum
1720 3727 1815 3792 potest
1844 3724 1956 3794 proferri

271 3828 364 3867 amoro
394 3808 642 3878 circumcingentes
659 3824 693 3861 ac
715 3808 938 3877 complectentes.
978 3807 1021 3860 Ex
1048 3808 1100 3860 hoc
1127 3810 1288 3864 mandatum
1325 3807 1462 3875 divinum,
1499 3824 1555 3879 quo
1591 3808 1739 3877 probetur,
1773 3811 1955 3867 omnimodam

269 3899 346 3953 fonte
363 3896 465 3950 amoris
487 3894 643 3965 conjugalis
666 3893 808 3964 profluunt
830 3893 922 3949 officia
941 3896 1101 3966 conjugum,
1128 3898 1262 3952 bonorum
1281 3894 1476 3967 aequalitatem
1494 3892 1595 3949 debere
1615 3909 1676 3949 esee
1692 3895 1764 3949 inter
1779 3897 1915 3967 conjuges
1931 3908 1958 3952 et

271 4000 342 4056 quae
360 3990 426 4037 eunt
443 3982 488 4035 vel
507 3981 617 4051 utrique
637 3981 750 4050 conjugi
768 3980 940 4045 communia,
958 3981 1001 4035 vel
1019 3981 1100 4034 alter·
1128 3983 1236 4038 liberos.
1274 3985 1300 4038 2.
1318 3983 1345 4035 A
1362 3989 1515 4052 praecepto
1542 3983 1696 4035 cosdrario.
1726 3981 1806 4037 Dens
1826 3982 1889 4054 ipse
1906 3984 1956 4055 pri·

270 4070 369 4139 utrius,
386 4069 437 4123 viri
457 4068 563 4123 scilicet
580 4067 623 4121 vel
641 4066 749 4135 uxoris,
765 4067 892 4135 propria,
910 4066 939 4119 in
957 4066 1010 4121 illie
1027 4068 1100 4121 cuim
1128 4068 1267 4141 mogenito
1288 4086 1320 4123 ex
1342 4069 1433 4138 priore
1449 4068 1579 4138 conjugio
1598 4074 1726 4137 suscepto
1749 4067 1881 4137 duplicia
1901 4071 1957 4125 dari

271 4158 371 4213 exserit
400 4162 428 4211 et
446 4162 553 4210 exercet
577 4170 607 4207 se
624 4152 779 4225 conjugalis
798 4169 888 4219 amor,
914 4157 947 4205 ut
967 4169 1017 4206 suo
1040 4151 1101 4207 loco
1128 4156 1282 4218 mandavit,
1306 4154 1389 4225 idque
1413 4162 1470 4207 tam
1501 4154 1596 4208 stricte
1626 4152 1768 4210 observari
1791 4153 1897 4226 voluit,
1928 4164 1958 4211 ut

270 4244 378 4316 plenius
397 4241 561 4297 monebitur.
1129 4243 1186 4297 filio
1204 4241 1313 4296 odiosae
1326 4241 1374 4310 jus
1394 4238 1462 4294 illud
1483 4239 1717 4309 primogeniturae
1737 4240 1842 4295 aulerri
1857 4242 1957 4297 diserte

142 4336 163 4380 θ.
176 4339 257 4380 aarum
304 4336 363 4388 stt.
399 4338 422 4385 b.
441 4331 487 4383 Dc
514 4346 608 4382 rernm
632 4327 753 4381 omnium
775 4327 848 4378 inter
873 4326 1006 4393 corlinges
1029 4344 1101 4380 conr·
1127 4326 1308 4400 prohibuerit.
1354 4325 1436 4380 Deut.
1461 4330 1508 4389 21,
1536 4344 1562 4378 v.
1591 4332 1634 4381 15:
1664 4325 1698 4379 Si
1719 4326 1852 4380 habuerit
1878 4330 1957 4383 honio

143 4392 243 4482 'offiium
270 4420 412 4471 munitate.
443 4414 515 4480 Quia
534 4414 667 4483 conjuges
679 4418 744 4465 sunt
767 4428 822 4465 nna
841 4428 914 4479 caro,
934 4410 996 4465 ideo
1010 4412 1102 4466 omnia
1128 4432 1227 4469 uxores
1251 4416 1339 4476 «laur,
1362 4430 1448 4465 anam
1472 4412 1606 4465 dilectum
1631 4420 1656 4465 et
1680 4412 1799 4466 αῑιιταιιι
1821 4416 1936 4470 odioso

144 4496 254 4586 ggffil*
271 4504 344 4559 inter
362 4519 392 4556 se
418 4501 520 4557 debent
539 4499 642 4554 habere
660 4498 823 4553 communia.
862 4497 963 4555 Unitas
979 4500 1102 4569 corporis
1128 4501 1305 4571 genueritque
1322 4516 1354 4553 ec
1376 4501 1417 4550 eie
1440 4498 1557 4565 liberor,
1580 4505 1606 4551 et
1623 4498 1714 4563 fucrit
1732 4498 1817 4566 filine
1844 4503 1937 4557 odiet
1951 4519 2010 4546 -·-

144 4597 213 4637 nitu.
272 4597 300 4644 et
327 4589 417 4644 carnis
446 4587 529 4657 longe
548 4586 636 4655 major
659 4592 687 4639 et
712 4585 813 4639 arctior
833 4591 876 4639 eat
903 4600 986 4656 qnam
1010 4602 1101 4640 rerum
1125 4587 1338 4661 prisnopenitue,
1357 4604 1383 4641 v.
1414 4591 1453 4640 16.
1482 4585 1655 4654 voluer-itque
1679 4586 1864 4641 mbmrrtiom
1891 4590 1904 4643 i
1938 4620 1946 4632 ι

271 4680 445 4731 externarum
484 4672 653 4740 communio,
690 4671 789 4741 quodsi
828 4687 895 4742 ergo
928 4671 977 4725 illa
1011 4672 1101 4727 locum
1127 4675 1203 4740 filies
1221 4690 1287 4727 enee
1304 4671 1444 4739 dividere,
1471 4688 1528 4723 non
1544 4671 1651 4740 poterit
1667 4671 1758 4735 filiam
1773 4672 1899 4727 dsiwtoc
1914 4676 1988 4740 fc·-

271 4762 357 4816 habet
378 4763 406 4814 in
423 4758 567 4831 conjugio,
593 4757 681 4811 multo
708 4758 797 4828 magis
822 4758 891 4812 haec
912 4758 940 4811 in
960 4775 992 4813 eo
1010 4760 1101 4814 locum
1128 4772 1190 4815 cere
1203 4758 1421 4830 primogenitam
1439 4766 1464 4809 et
1479 4760 1635 4825 praeferre
1653 4757 1714 4823 filio
1731 4758 1951 4827 vaticinanti

271 4848 374 4903 habere
400 4847 491 4903 debet.
540 4844 694 4914 Dionysius
720 4844 906 4900 llalicamase.
935 4844 983 4901 lib.
1015 4851 1039 4901 2.
1068 4846 1102 4901 de
1128 4846 1280 4916 eedfiiinm
1297 4844 1412 4898 odiosae
1435 4851 1567 4911 cgnoecet
1586 4844 1807 4912 primopcnitrms
1835 4848 1901 4890 m·
1917 4871 1937 4894 ι,

270 4933 388 4989 Romulo
406 4938 554 5002 memorat,
573 4931 648 5002 quod
665 4932 853 5000 constituerit,
876 4939 996 5002 yenatio
1014 4952 1101 5006 γιμε-
1128 4936 1155 4987 ιι·
1178 4936 1212 4986 de
1236 4933 1293 4996 lais,
1320 4948 1390 5001 ριιιιι
1415 4930 1556 4996 tabuerit,
1583 4938 1683 4983 cancta
1707 4929 1847 4999 duplicia.
1889 4935 1917 4991 3,
1945 4969 1950 4980 .

269 5021 320 5088 τὴν
336 5019 405 5074 tarci
432 5020 535 5094 νόμους
553 5016 644 5090 ἱεροὺς
662 5022 854 5072 συνελθοῦσαν
877 5017 958 5092 ἀνδρὶ
979 4990 1246 5091 xossmvolprobato
1266 5019 1398 5072 Abrabae
1422 5017 1556 5087 exemplo.
1600 5014 1775 5071 Abrahamne
1802 5018 2007 5087 patriarcba

272 5106 404 5161 ἁπάντων
414 5103 643 5179 εἶναιχρημάιων
658 5108 703 5158 καὶ
715 5105 798 5177 ἱερῶν
807 5103 993 5159 ἁπάντωνκαὶ
1005 5082 1115 5177 stepo-¹
1127 5106 1291 5178 proponitur
1324 5105 1404 5161 nobie
1441 5112 1472 5159 ut
1508 5113 1595 5173 puter·
1631 5104 1752 5159 omnium
1785 5106 1982 5162 credentium

270 5193 426 5267 ripensis
440 5190 649 5266 αὐτὸντρόπον,
668 5189 760 5263 ὥσπερ
781 5189 886 5265 τρόπον
897 5195 943 5244 καὶ
953 5196 1035 5263 πατρὶ
1048 5198 1101 5245 θυ-
1112 5252 1115 5263 Ι
1127 5192 1207 5250 Rom.
1226 5199 1257 5259 4,
1283 5210 1308 5246 v.
1332 5198 1371 5247 ll.
1396 5192 1420 5245 is
1441 5206 1506 5244 vero
1525 5190 1596 5245 inter
1613 5188 1713 5244 liberos
1731 5208 1765 5244 ex
1784 5191 1882 5259 priore
1899 5210 1979 5250 con*

271 5277 371 5353 γαιήρ,
394 5279 538 5332 sisniierem
554 5287 684 5348 nuptam,
706 5295 777 5347 qnae
798 5280 884 5347 juata
907 5295 1007 5332 samos
1026 5270 1115 5348 tegeri
1124 5278 1205 5350 jngio
1225 5295 1289 5333 cum
1301 5277 1370 5333 Sara
1388 5276 1456 5331 inito
1478 5284 1506 5330 et
1530 5292 1563 5329 ex
1579 5275 1730 5345 posteriore
1746 5278 1884 5351 conjugio
1900 5296 1967 5336 cum

270 5385 333 5420 cnm
351 5366 413 5419 ciro
430 5366 615 5433 conocnnret,
630 5366 736 5418 cociam
756 5364 876 5417 osnrrinm
891 5364 952 5431 ey'nc
968 5362 1250 5435 borternrnjCethura
1277 5370 1419 5419 contracto
1454 5368 1611 5432 succeptus,
1650 5361 1744 5434 sieque
1779 5364 1855 5420 inter
1889 5368 1960 5439 ipses

272 5462 298 5509 et
311 5469 457 5507 eocrorum
474 5469 540 5520 ecee,
559 5459 716 5505 acmortno
729 5452 832 5505 srmrito
849 5452 947 5505 eodem
958 5452 1028 5519 jare
1041 5438 1212 5506 amieriam
1236 5451 1369 5520 conjuges
1393 5465 1447 5502 nou
1471 5447 1593 5501 instituit
1618 5449 1807 5505 omnimodam
1824 5452 1958 5510 bonorum
