4020 6022
145 281 148 287 ,
217 236 279 293 392
802 227 925 286 Lucus
941 224 1146 286 messurus
1163 229 1333 298 QUINTUS

218 384 296 451 quod
320 397 376 434 non
402 380 488 434 liceat
509 381 651 436 dimittere
678 398 733 436 nan
756 382 948 447 fornicariam
965 390 993 436 et
1011 383 1053 437 ut·
1083 384 1173 440 solute
1202 402 1236 441 ac
1263 383 1425 455 simpliciter
1447 381 1598 451 statuisset,
1625 379 1769 437 vinculum
1796 381 1997 453 eonjugiixttl

219 475 309 522 teram
329 469 441 534 demere,
461 475 555 521 utrum
574 474 667 522 autem
688 468 772 523 liceat
798 469 938 523 dimittere
962 468 1056 534 forni-
1083 469 1123 525 ite
1151 487 1212 527 csse
1244 468 1398 539 insolubile,
1428 476 1461 525 ut
1489 485 1541 524 nec
1568 474 1681 539 propter
1708 467 1922 524 fornicationem

218 555 328 608 cariam
347 557 442 622 quoad
458 554 596 608 uinculum
615 561 642 608 et
659 555 748 608 utiam
768 557 879 623 ducere,
899 555 1055 610 Dominam
1083 563 1176 627 posset
1195 556 1274 626 solvi,
1293 556 1449 610 sustulisset
1472 555 1516 609 vel
1543 554 1705 627 abrogasset
1726 554 1921 624 exceptionem

218 646 281 693 tunc
309 648 405 709 aperte
428 640 521 693 dicere
544 640 678 711 noluisse,
703 642 770 711 quia
793 641 845 694 hoc
870 642 958 696 obtine
984 648 1054 707 crat,
1082 641 1184 698 Christi
1202 643 1237 698 de
1255 658 1322 697 casu
1343 639 1540 710 fornicationis,
1558 639 1633 712 quod
1650 639 1816 695 absurdum.
1847 639 1923 694 Con-

218 743 302 794 quam
319 735 350 780 ut
367 727 403 779 ab
421 725 598 780 auditoribus
617 735 682 780 tunc
701 726 768 795 capi
790 734 895 795 posset.
931 725 1055 796 Respon·
1083 728 1163 783 nexio
1183 727 1326 799 probetur,
1345 728 1412 799 quia
1431 725 1556 782 Christus
1574 725 1604 780 in
1622 725 1734 796 proprie
1752 725 1839 795 hujus
1857 724 1922 780 doc·

217 811 329 867 demus:
357 812 411 866 imo
441 810 654 866 terechristus
680 811 709 865 in
738 829 789 866 suo
805 829 946 883 responso,
973 817 1056 882 prout
1081 814 1171 869 trinas
1200 815 1265 870 sede
1292 813 1390 868 Matth.
1412 820 1427 868 5
1452 818 1481 868 et
1507 818 1547 868 le.
1572 811 1697 882 conjugii
1720 810 1865 866 vinculum
1888 827 1921 866 ex

217 897 293 968 apud
319 897 491 952 Matthaeum
517 897 690 967 describitur,
721 903 871 969 utrumque
896 897 1054 967 complexus
1082 901 1224 970 primaeva
1252 899 1377 971 ejusdem
1405 897 1579 953 institutione
1610 896 1650 952 ita
1679 896 1842 953 insolubile.
1860 913 1921 952 esse

217 989 266 1052 est,
285 982 421 1051 ‚videlicet
446 988 506 1038 tum
535 984 693 1052 nepotioam
716 983 815 1051 thesin,
843 983 1054 1038 Pharisaeorum
1083 987 1173 1056 docet,
1201 991 1232 1042 ιιι
1257 992 1350 1042 temen
1369 986 1507 1057 adjungat
1535 983 1724 1055 exceptionem
1745 983 1780 1039 de
1800 982 1922 1039 ιίἰιοιιίο

217 1069 372 1140 quaestioni
403 1069 509 1124 directe
535 1070 700 1141 oppositam,
727 1070 801 1141 quod
824 1086 880 1124 non
904 1069 987 1125 liceat
1013 1069 1053 1122 di·
1082 1072 1117 1126 ob
1145 1090 1257 1130 cansam
1286 1072 1474 1128 fornicatiouis
1499 1072 1583 1126 iacto.
1620 1070 1664 1125 Ac
1689 1069 1713 1124 si
1738 1071 1784 1124 rel
1802 1069 1921 1125 maxime

216 1156 326 1211 mittere
345 1173 459 1212 uxorem
477 1162 506 1211 et
522 1156 606 1211 aliam
631 1157 733 1212 ducere
758 1172 925 1228 quecunque
943 1155 998 1211 leri
1019 1155 1053 1210 de
1082 1175 1183 1230 negare
1213 1158 1299 1214 velint
1323 1156 1467 1222 Pontificii,
1497 1155 1637 1211 Christum
1663 1156 1693 1209 iu
1717 1171 1786 1210 casu
1803 1154 1920 1225 fornice·

216 1257 314 1311 causa3
344 1249 403 1296 tum
435 1243 639 1309 affimatiuam
668 1242 768 1312 thesin,
801 1259 885 1314 quam
909 1242 1053 1297 occasione
1081 1244 1165 1299 tionis
1195 1244 1347 1299 concedere
1376 1242 1524 1297 divortium
1555 1244 1652 1310 mmcd
1682 1242 1833 1309 ciendum,
1865 1255 1919 1294 non

216 1329 360 1398 neglectae
379 1328 409 1381 iu
427 1328 530 1400 populo
545 1327 747 1399 iudaicolegis
761 1327 797 1382 de
816 1327 951 1383 adulteris
969 1328 1053 1383 inter·
1081 1338 1174 1387 tamen
1197 1335 1310 1401 negent,
1337 1327 1477 1383 christum
1509 1344 1541 1381 eo
1564 1327 1594 1381 in
1621 1344 1689 1383 casu
1708 1327 1862 1383 concedere
1878 1326 1918 1380 di·

215 1412 339 1469 ticiendis
361 1414 477 1484 addidit,
501 1416 576 1488 quod
604 1414 640 1470 ob
657 1415 868 1472 fornicationem
886 1415 971 1470 liceat
988 1431 1053 1470 uxo·
1083 1417 1201 1472 sortium
1227 1417 1325 1486 quoad
1349 1414 1580 1470 cohabitationem
1603 1421 1630 1468 et
1654 1422 1753 1469 torum.
1787 1411 1918 1485 Atquisi

215 1516 272 1556 rem
288 1501 426 1556 dimittere
441 1501 562 1557 etaliam
575 1503 684 1558 ducere
709 1501 853 1558 Somnium
864 1518 946 1556 snum
959 1507 1054 1556 namet
1082 1503 1144 1575 qu'is
1176 1503 1205 1556 in
1232 1501 1325 1557 verbis
1350 1500 1433 1555 Pauli
1463 1500 1519 1554 vim
1543 1499 1636 1556 iecere
1660 1499 1746 1555 vellet
1764 1499 1918 1570 eademqne

216 1588 295 1642 nobis
313 1586 509 1652 Bellarminus,
528 1587 604 1659 quod
634 1588 780 1641 auditores
797 1604 853 1641 non
864 1587 980 1654 suerint
1006 1603 1054 1639 ec·
1082 1589 1151 1644 citra
1168 1604 1276 1643 omnem
1296 1587 1377 1658 plane
1396 1585 1585 1656 exceptionem
1604 1602 1639 1641 ec
1660 1584 1855 1641 limitationem
1874 1600 1918 1640 ec·

210 1689 300 1744 ]ιαιιι
326 1673 411 1743 hujus
439 1673 714 1744 doctrinarumque
739 1672 812 1729 enim
837 1671 896 1727 ulla
914 1670 1051 1742 probabili
1082 1675 1183 1745 cipere,
1210 1679 1304 1744 posset
1333 1688 1367 1727 ex
1388 1672 1443 1727 illis
1461 1671 1570 1736 inferre,
1597 1671 1674 1744 quod
1690 1671 1860 1742 nequidem
1877 1672 1917 1726 di·

216 1760 314 1815 saltem
332 1760 443 1815 ratione
461 1758 531 1814 illud
549 1759 727 1815 demonstret
1082 1761 1191 1816 mittere
1216 1759 1372 1815 adulteram
1396 1758 1495 1814 marito
1523 1758 1614 1812 liceat
1650 1761 1674 1812 3.
1703 1757 1779 1823 Quin
1806 1762 1837 1812 ct
1865 1757 1917 1812 sibi

85 1843 189 1886 aeon.
252 1853 311 1903 est.
351 1851 375 1903 3.
406 1846 486 1901 Rom
520 1852 544 1911 7,
574 1864 600 1900 v.
633 1851 660 1902 l:
693 1851 741 1899 An
769 1844 910 1913 ipnoratie
937 1843 1135 1916 fratrer,1psi
1154 1845 1365 1901 contradixisset
1380 1846 1530 1917 spostolus,
1548 1861 1611 1900 cum
1630 1844 1660 1898 in
1676 1859 1745 1899 casu
1761 1842 1919 1899 mditiusee

86 1894 121 1987 ih
122 1895 365 1996 iniri-scientiam
390 1935 464 1986 enim
486 1933 573 2002 bepem
595 1932 706 2000 loquor,
733 1931 801 2000 quia
827 1930 910 1984 lea'
897 1948 927 1983 un
945 1930 1054 1984 homine
1081 1933 1242 1989 desertionis
1273 1939 1380 2004 partem
1405 1932 1579 1988 innocentem
1607 1931 1739 1986 servitute
1766 1930 1871 1986 eximat
1890 1932 1919 1984 et

87 1999 151 2038 ''⁸⁸‘'
216 2021 387 2090 dominatur,
405 2028 511 2089 quanto
531 2027 653 2089 tempore
671 2017 762 2072 uiuit?
795 2036 820 2074 v.
841 2022 865 2072 2.
889 2018 997 2073 Nam
983 2034 1055 2086 meae
1082 2019 1111 2072 in
1130 2016 1392 2090 libertatemalege
1411 2017 1538 2088 conjugis
1557 2014 1677 2072 infidelis
1690 2015 1785 2071 adhuc
1798 2014 1918 2071 virentis

214 2108 265 2162 rab
289 2107 352 2160 uiro
381 2113 421 2160 ιιι
443 2105 546 2159 mulier
565 2105 670 2158 uiuente
696 2104 759 2158 uiro
778 2104 902 2173 altipeta
922 2111 961 2158 eet
977 2103 1056 2171 lepi;
1082 2104 1218 2174 vendicet,
1250 2105 1348 2176 ntique
1367 2121 1434 2175 ergo
1451 2119 1628 2175 nequequam
1646 2101 1805 2159 absolutam
1822 2102 1918 2172 conjn-

219 2195 246 2248 si
263 2201 355 2248 αιιιιι
377 2198 502 2245 mortuns
519 2190 609 2255 fuerit
621 2191 674 2253 uir,
692 2190 814 2244 liberata
828 2196 868 2243 eet
881 2207 900 2244 a
913 2190 972 2258 iope
989 2189 1053 2244 riri.
1082 2190 1153 2262 galis
1184 2189 1288 2244 rmculi
1322 2188 1549 2245 insolubilitatsm
1583 2194 1706 2244 statuere
1735 2187 1918 2258 judicandus.

214 2298 241 2333 r.
273 2284 296 2334 3.
325 2279 420 2346 lpitur
446 2278 552 2331 uiuente
582 2277 644 2330 uiro
674 2276 820 2330 uocabitur
848 2275 998 2345 adultera,
1029 2277 1056 2329 si
1082 2284 1105 2332 t.
1124 2275 1264 2348 Urgemus
1280 2276 1454 2344 sinpuiorum
1472 2276 1618 2329 uerborum
1634 2248 1789 2344 emphasin
1823 2274 1919 2329 Scien-

209 2365 305 2434 jhcrit
321 2382 383 2417 cum
401 2363 461 2417 alio
479 2363 560 2432 uiro,·
585 2362 612 2415 si
639 2369 733 2416 autem
753 2369 878 2416 mortuus
898 2362 989 2426 fuerit
1007 2361 1053 2415 eir
1081 2364 1155 2417 tibus
1173 2364 1260 2431 lepem
1279 2362 1387 2432 loquor,
1408 2361 1507 2432 inquit.
1540 2361 1629 2431 Atqui
1655 2360 1775 2431 exlege
1800 2365 1918 2429 ιοιιιιιιι,

215 2452 286 2520 ejus,
309 2451 433 2504 liberata
461 2456 502 2502 ιιι
521 2467 539 2502 a
558 2448 621 2517 ispe
644 2449 708 2517 viri,
728 2456 759 2503 ut
778 2449 890 2502 nonsit
910 2448 1051 2512 adultera,
1080 2453 1145 2520 post
1164 2448 1312 2503 divortium
1330 2447 1408 2503 eliud
1424 2445 1629 2502 matrimonium
1645 2445 1732 2501 fuisse
1748 2445 1868 2515 licitum,
1886 2449 1918 2500 nt

215 2536 243 2590 ei
270 2537 362 2605 fuerit
391 2552 454 2588 cum
482 2534 543 2588 alio
576 2535 648 2592 ciro.
695 2534 797 2591 Similis
827 2535 905 2590 locus
935 2534 1054 2589 habetur
1081 2535 1209 2606 saperius
1251 2533 1428 2589 ostendimus.
1479 2539 1503 2587 5.
1537 2531 1677 2604 Loquitur
1706 2531 1852 2602 apostolus
1882 2530 1919 2586 de

217 2627 239 2677 1.
258 2622 322 2677 Gor.
341 2628 365 2690 7,
394 2639 420 2677 v.
441 2625 482 2674 39.
519 2623 566 2674 Ea
593 2620 636 2674 hie
666 2621 737 2675 tocie
765 2621 925 2690 callipimus
955 2620 1056 2692 (inquit
1081 2620 1203 2688 muliere,
1228 2636 1301 2691 quae
1330 2624 1373 2674 est
1401 2615 1541 2690 ὕπανδρος
1561 2634 1595 2672 ac
1621 2617 1798 2673 matrimonio
1826 2616 1919 2672 sdhnc

215 2707 426 2777 Bellarminus),
458 2723 601 2776 nunquam
633 2708 707 2762 solui
730 2708 872 2762 maculam
901 2708 1053 2778 conjupale
1081 2713 1224 2764 constante
1234 2707 1316 2776 juxta
1333 2704 1456 2776 conjugii
1473 2705 1549 2775 leges
1560 2703 1659 2758 merito
1677 2703 1830 2759 cohabitat
1862 2696 1918 2760 Sed

217 2795 276 2848 niti
285 2810 340 2862 per
358 2800 474 2848 mortem
492 2798 518 2846 et
538 2793 606 2861 quia
619 2811 676 2847 non
692 2794 819 2858 soletur,
840 2809 953 2848 manere
972 2793 1055 2848 etiam
1080 2793 1228 2865 repudiata
1247 2792 1283 2849 ob
1301 2791 1469 2848 adulterium
1486 2806 1542 2845 non
1559 2789 1678 2860 amplius
1701 2795 1745 2845 est
1764 2787 1918 2864 ὕπανδρος,

213 2886 281 2950 port
310 2880 462 2934 diuortium
492 2896 656 2949 puramque
680 2881 717 2934 de
737 2897 824 2934 causa
847 2880 964 2945 factum.
998 2879 1055 2936 Re-
1081 2880 1131 2935 sed
1157 2880 1259 2951 potins,
1284 2883 1316 2934 ιιι
1344 2878 1384 2933 sic
1411 2877 1516 2949 loquar,
1546 2875 1698 2947 ἔπανδρος.
1732 2880 1758 2932 b.
1788 2875 1919 2947 Denique

217 2966 399 3037 spondemus:
419 2963 496 3019 aliud
517 2969 560 3020 est
576 2964 652 3035 loqui
671 2964 706 3020 de
726 2964 901 3019 matrimonio
925 2965 956 3018 in
972 2981 1002 3019 ιι
1020 2983 1055 3019 ac
1082 2983 1146 3022 cum
1174 2965 1244 3021 haec
1270 2965 1307 3019 sit
1338 2963 1476 3036 quaedem
1509 2962 1666 3016 eimddudo
1689 2969 1740 3015 aut
1760 2963 1918 3031 parabola,

215 3067 269 3122 per
287 3068 315 3105 ιι
335 3055 460 3122 eccepto,
487 3050 568 3122 quale
589 3056 631 3106 est
650 3066 684 3105 ex
702 3050 846 3121 primaeva
864 3050 1054 3122 institutione3
1081 3069 1137 3108 non
1156 3068 1269 3107 necesse
1286 3057 1335 3120 est,
1353 3066 1414 3106 eam
1430 3066 1482 3121 per
1499 3048 1593 3106 omnia
1602 3047 1748 3120 quadrare,
1769 3047 1841 3103 alias
1854 3064 1917 3119 pos·

218 3137 294 3192 aliud
310 3137 387 3210 loqui
407 3137 442 3192 de
456 3137 561 3203 eodem,
583 3137 665 3207 quale
690 3143 734 3191 est
759 3138 793 3190 ob
819 3138 915 3190 ιιιιιιι
934 3138 1055 3208 aliquod
1081 3155 1139 3194 sem
1163 3155 1196 3193 ex
1224 3153 1259 3192 ea
1288 3135 1397 3200 inferre,
1426 3135 1499 3207 quod
1528 3132 1761 3207 quemadmodum
1789 3131 1918 3189 Christus

217 3226 421 3296 superueniens,
441 3222 516 3294 quod
529 3238 585 3291 per
604 3222 736 3276 acuam
754 3222 795 3277 illi
814 3222 959 3295 contingit,
976 3224 1053 3279 aliud
1081 3222 1228 3280 ecclesiam
1247 3237 1324 3276 suam
1343 3237 1486 3292 nunquam
1510 3235 1545 3274 ne
1568 3218 1682 3274 minime
1707 3217 1822 3290 quidem
1840 3219 1869 3273 iu
1886 3235 1918 3274 re

218 3315 261 3365 eet
278 3309 355 3380 loqui
374 3308 409 3363 dc
423 3307 465 3373 iis,
484 3323 556 3379 quae
574 3308 745 3377 reputaritsr
772 3316 797 3362 et
820 3310 967 3364 ordinarie
983 3309 1056 3364 fiunt
1080 3309 1191 3375 desedi,
1210 3307 1250 3361 sic
1268 3306 1397 3362 maritum
1413 3322 1469 3361 non
1486 3321 1569 3376 posse
1593 3321 1645 3362 nee
1668 3303 1771 3361 debers
1795 3320 1918 3373 uxorem

218 3410 251 3449 ac
275 3398 359 3464 juxta
384 3394 475 3464 legem
505 3393 685 3448 institutionis
705 3394 789 3450 etiam
817 3393 877 3450 fieri
904 3396 1007 3451 debent
1024 3397 1054 3451 in
1081 3412 1164 3468 quam
1183 3392 1269 3449 semel
1286 3392 1339 3448 sibi
1357 3391 1511 3456 associavit,
1533 3391 1592 3446 ulla
1617 3391 1647 3445 in
1674 3406 1705 3446 re
1722 3390 1858 3459 desmere,
1882 3407 1918 3446 ne

217 3480 358 3551 conjugia
388 3478 465 3533 aliud
496 3495 560 3533 vero
596 3479 673 3548 loqui
711 3478 745 3533 de
784 3497 853 3533 caen
886 3484 1054 3551 acceptionis
1081 3481 1194 3554 quidem
1213 3478 1306 3551 quoad
1323 3485 1414 3533 torum
1439 3482 1468 3532 et
1489 3475 1696 3542 habitationem,
1722 3475 1799 3548 qnod
1823 3483 1918 3532 mmen

216 3565 453 3620 extraordinario.
502 3562 652 3633 Cejetanus
681 3564 750 3618 illud
780 3566 821 3621 sie
852 3564 940 3633 client,
969 3569 1054 3622 uerba
1080 3565 1221 3623 Pontificii
1250 3563 1418 3636 quibusdam
1444 3563 1473 3617 in
1500 3561 1610 3618 casibus
1636 3562 1744 3618 licitum
1767 3579 1830 3619 esse
1859 3568 1916 3618 ste·

218 3652 418 3722 apostolicare
436 3650 606 3719 acapienda
629 3650 807 3719 reputariter,
836 3669 892 3705 nan
912 3660 1004 3708 autem
1023 3655 1053 3708 in
1080 3659 1169 3710 inunt

217 3755 293 3806 coru,
310 3743 343 3792 ut
360 3737 397 3791 ait
414 3753 529 3792 sensus:
554 3736 697 3790 duculum
720 3735 771 3790 riri
796 3753 859 3792 cnm
878 3755 963 3794 uxore
980 3740 1054 3793 ordi·
1117 3746 1176 3796 585.
1211 3736 1297 3793 Hisce
1314 3740 1427 3792 ιιοιιιιι
1447 3735 1626 3806 expositionis
1643 3735 1833 3792 fundamentis
1852 3741 1917 3791 ente

218 3824 294 3878 narie
321 3829 350 3879 et
368 3823 541 3895 regulariter,
568 3822 622 3876 nisi
649 3821 756 3878 scilicet
778 3823 891 3880 aliunde
922 3825 1054 3896 solvatur,
1084 3842 1167 3898 quam
1188 3822 1374 3880 Bellarminus
1394 3820 1569 3893 respondeat,
1589 3821 1731 3893 ingonem
1749 3820 1804 3876 trie
1820 3828 1917 3877 conns

220 3909 321 3964 durare
349 3925 438 3980 usque
467 3909 503 3962 nd
533 3915 649 3964 mortem
680 3916 708 3965 et
737 3914 805 3964 tunc
836 3910 946 3966 demum
976 3912 1054 3968 solvi,
1082 3927 1142 3967 eam
1159 3908 1281 3980 profert:
1315 3914 1338 3964 1.
1365 3908 1453 3962 Verba
1473 3907 1597 3976 apostoli
1616 3907 1710 3975 plana
1726 3913 1791 3960 eunt
1809 3913 1837 3962 et
1850 3923 1917 3979 per·

116 4016 135 4024 ·⁴
164 4008 167 4023 ¹
219 3994 300 4048 Hanc
324 3994 528 4066 responsionem
552 3994 646 4049 multis
670 3993 789 4065 probare
811 4013 956 4068 possumus
973 4014 1055 4070 ergu-
1081 3996 1190 4066 spicue,
1210 4012 1245 4048 ac
1263 3994 1365 4048 mirum
1384 3999 1463 4059 ιιιιι,
1487 3991 1646 4062 aponomm
1670 4008 1815 4061 nunqtsum
1833 3994 1916 4047 addi·

219 4080 326 4134 mentis.
360 4077 385 4137 i.
411 4080 587 4136 Chemnicius
611 4087 694 4152 urget
721 4081 866 4151 apostolici
884 4079 976 4137 textus
995 4101 1054 4138 sco·
1083 4083 1158 4136 ιιιιιι
1177 4081 1371 4151 exceptionem,
1398 4080 1426 4133 ri
1451 4094 1485 4133 ea
1510 4080 1646 4133 addenda
1668 4084 1748 4146 ιιιιι,
1774 4094 1838 4133 mem
1860 4085 1917 4132 tam

218 4182 292 4236 pum.
328 4165 436 4219 Ραιιιιι
463 4165 573 4236 (inquit)
600 4166 630 4220 in
654 4167 707 4220 ilio
735 4167 796 4221 ioco
824 4186 880 4222 non
901 4175 1006 4222 tractat
1023 4185 1056 4223 ιιι
1082 4184 1165 4238 saepe
1200 4168 1268 4221 haee
1306 4165 1467 4235 repetiverit
1495 4172 1522 4218 et
1553 4164 1744 4218 inculcaverit.
1791 4163 1916 4235 Respon-

215 4253 350 4321 profcsso
370 4252 528 4305 doctrinam
548 4254 583 4305 de
603 4252 741 4320 divortiis,
760 4254 813 4305 scd
830 4269 863 4307 ιι
880 4253 1056 4308 institutione
1083 4255 1193 4309 demus:
1215 4251 1404 4323 exceptionem
1422 4250 1499 4305 illam
1516 4249 1777 4322 subintelligendam
1799 4267 1861 4311 esse
1882 4267 1915 4306 ex

220 4338 352 4406 conjupii‚
371 4339 449 4408 quod
468 4338 505 4390 eit
523 4338 673 4390 individua
697 4338 868 4406 conjrmctio,
893 4339 1055 4393 similitudi·
1081 4339 1173 4395 verbis
1205 4337 1308 4394 Christi
1336 4344 1365 4393 et
1390 4336 1478 4408 ipsius
1505 4336 1622 4406 apostoli
1650 4336 1679 4391 in
1707 4335 1916 4393 mnfirmstione

219 4439 289 4492 nem,
320 4430 456 4491 quatenus
490 4422 638 4491 proposito
669 4439 720 4476 ιιιο
757 4423 892 4492 conquat,
929 4425 1054 4481 assumit
1082 4432 1194 4482 ιιοιιιιι
1212 4424 1365 4480 tentamine
1378 4421 1633 4478 demonstravimus.
1659 4421 1721 4477 Hoc
1738 4421 1801 4492 ipso
1814 4422 1915 4478 inloco

220 4507 427 4562 Matrimonium
444 4525 495 4578 per
515 4526 545 4563 se
560 4509 643 4578 juxte
661 4509 782 4563 divinam
797 4508 999 4564 institutionem
1014 4515 1056 4566 est
1082 4511 1198 4566 eandem
1227 4509 1294 4565 addi
1327 4525 1383 4564 non
1408 4513 1469 4564 erat
1497 4506 1691 4573 uecmsarium,
1718 4508 1787 4579 quie
1814 4524 1915 4578 scopus

220 4592 420 4648 indissolubilis
438 4593 606 4662 conjunctio,
625 4611 696 4665 qnae
709 4611 764 4649 non
781 4595 835 4649 nisi
854 4602 941 4650 morte
959 4595 1055 4651 dissol-
1080 4597 1207 4669 apostoli,
1225 4595 1262 4651 ob
1283 4612 1364 4667 quem
1384 4593 1592 4649 similitudinem
1609 4592 1647 4649 ab
1671 4592 1916 4649 indissolubilitete

220 4678 302 4747 uitur,
330 4684 359 4735 et
388 4679 522 4733 hactenus
553 4679 703 4735 similitudo
729 4680 779 4735 illa
800 4680 946 4741 ,serviebat
973 4682 1055 4738 Pauli
1081 4682 1247 4740 matrimonii
1265 4679 1431 4746 adducebat,
1448 4680 1477 4734 id
1495 4679 1605 4735 minime
1623 4677 1790 4752 requirebat
1821 4686 1845 4736 ι.
1866 4681 1914 4735 In·

220 4764 374 4834 proposita
405 4764 461 4819 alia
479 4781 544 4820 vero
562 4766 690 4835 quaestio
709 4771 751 4822 est
769 4767 804 4822 de
822 4766 948 4833 divortio,
975 4770 1055 4840 cujas
1080 4777 1217 4841 terpretee
1236 4767 1409 4835 Ambrosium,
1429 4764 1650 4834 chrysostomus,
1679 4765 1914 4835 theophylactus,

220 4850 427 4907 similitudinem
442 4851 545 4906 Paulus
565 4870 620 4907 non
638 4854 764 4923 attexuit,
784 4853 850 4926 quie
867 4854 904 4908 ed
923 4855 961 4922 id,
981 4855 1056 4925 quod
1083 4856 1283 4919 Theodorctns,
1302 4852 1490 4918 Oecumeniue,
1509 4851 1678 4919 Primaeiue,
1701 4852 1867 4907 tustanus
1893 4859 1918 4905 ct

221 4935 763 5011 inilloloooagebet,eanoneretopus.
776 4940 1056 5010 Apostolusuontam
1082 4943 1138 4997 clii
1156 4943 1252 4996 eodem
1269 4940 1353 4993 modo
1372 4945 1519 5008 seponunt.
1552 4937 1780 5008 Respondemus:
1799 4954 1833 4992 ex
1849 4935 1918 5008 ipsis

220 5020 371 5086 contendit,
379 5024 520 5078 vinculum
530 5024 963 5096 permanereusqueadmortem,
972 5043 1055 5097 quam
1081 5026 1208 5100 patribus
1236 5043 1288 5098 pro
1316 5030 1427 5082 naahas
1454 5023 1607 5080 smtentiae
1634 5021 1843 5079 confirmatione
1869 5039 1919 5079 suo

220 5120 276 5162 nen
294 5105 395 5161 durare
412 5116 474 5177 post
493 5115 617 5179 mortem,
635 5109 663 5163 id
681 5111 755 5165 enim
772 5115 881 5167 tantum
898 5111 1057 5184 requirebat
1083 5115 1143 5171 luco
1172 5112 1311 5187 quaedam
1338 5111 1512 5167 adduximus.
1548 5116 1574 5168 3.
1606 5110 1694 5165 Ratio
1722 5110 1920 5166 similitudinis
1955 5122 1958 5127 '

220 5197 328 5262 scopus,
346 5196 379 5245 ιιι
396 5193 561 5259 ostenderet,
579 5201 643 5265 post
660 5200 776 5251 mortem
794 5196 921 5267 conjugis
937 5197 1055 5253 liberum
1082 5202 1115 5255 ia
1130 5201 1223 5271 ipsum
1235 5198 1364 5270 requirit.
1400 5197 1513 5253 Volebat
1526 5197 1672 5266 apostotus
1681 5197 1817 5268 probare,
1831 5197 1921 5267 ispcm

220 5292 280 5332 esse
304 5277 422 5332 alterum
442 5281 597 5351 conjugem,
625 5280 682 5336 sire
703 5282 738 5336 ad
757 5287 873 5337 mortem
889 5297 978 5354 usque
995 5284 1055 5339 riu·
1082 5294 1200 5342 oderem
1216 5286 1355 5355 obbiparee
1377 5299 1464 5354 utque
1487 5285 1528 5337 ad
1551 5283 1698 5351 Christum,
1717 5284 1847 5348 rodjam
1864 5300 1921 5338 non

220 5363 314 5417 culum
325 5360 396 5418 illud
409 5366 599 5434 permanserit,
616 5366 674 5422 sive
689 5383 745 5422 non
754 5368 944 5438 permanserit.
963 5374 986 5426 2.
1001 5369 1053 5427 Ur·
1081 5373 1206 5445 amplius
1225 5373 1359 5443 oblipure,
1378 5375 1420 5427 ad
1437 5373 1515 5442 quod
1528 5371 1708 5441 probandum
1734 5369 1826 5423 utitrsr
1844 5370 1923 5423 dmi-

221 5450 279 5519 geri
297 5456 389 5522 potest
405 5467 572 5521 consequens
589 5454 750 5509 absurdam.
789 5453 819 5506 Si
846 5456 986 5525 spostolus
1005 5457 1054 5512 ab·
1079 5459 1200 5515 iitmiine
1220 5461 1306 5513 deuote
1323 5476 1342 5512 a
1362 5457 1549 5513 matrimonio.
1586 5455 1830 5520 Quemadmodum
1849 5455 1921 5510 enim
