4020 6022
818 222 872 281 DE
889 220 1088 283 corticem.
1722 238 1784 297 413

96 382 311 446 reduddum,
329 399 353 438 c.
371 379 401 439 si
421 380 484 454 quis
502 384 559 440 ete.¹
574 399 608 439 ex
628 382 825 456 Chrysostomo
843 382 929 439 ibid:
959 381 1110 438 mosthenis
1156 381 1186 438 in
1222 380 1359 441 Neaeram
1397 384 1551 459 colligitur.
1610 385 1785 443 Domitianus

99 468 347 539 sequeremini
363 470 474 524 manin
491 469 596 524 uenerit
612 469 771 525 wadnam
787 478 813 525 et
830 477 930 541 posteo
957 469 1102 541 Augustus
1127 469 1249 541 equitem
1271 471 1426 528 Romnum
1448 472 1485 528 ob
1502 490 1614 530 uxorem
1634 472 1785 543 reductam,

96 555 232 624 deinceps
246 554 388 624 placuerit
405 555 507 611 lubere
521 573 581 611 eun
599 556 629 609 in
648 557 840 627 menonis,
860 559 928 613 duo·
956 572 1020 611 cum
1049 572 1105 628 qua
1132 555 1248 613 maritus
1277 556 1313 613 ob
1345 557 1474 615 edulterii
1508 558 1612 614 crimm
1641 558 1785 614 dissidium

97 640 149 694 bru
182 640 267 695 annis
294 642 445 710 poene'tect
493 641 716 714 Respondemus:
752 642 874 700 Possunt
900 643 929 699 bi
956 640 1068 711 fecere,
1082 642 1210 713 judicum
1228 642 1291 698 albo
1311 643 1394 699 eresit
1412 650 1441 701 et
1456 651 1522 700 note
1541 645 1707 717 ignominiae
1719 645 1785 701 affc-

96 742 219 781 oauones
238 724 328 797 accipi
347 726 382 782 de
399 726 470 797 illis,
487 727 536 798 qui
556 734 726 799 compertum
743 730 832 787 scelus
849 730 929 786 dissi·
956 728 1001 783 cit.
1038 727 1197 784 Alexander
1217 728 1254 785 ab
1270 728 1351 787 Alex.
1365 729 1428 786 libr.
1445 736 1470 788 4.
1492 738 1567 803 gent.
1587 730 1652 787 dier.
1669 748 1693 787 c.
1709 736 1734 788 8.
1752 748 1786 786 ex

97 811 207 867 mulsnt
223 828 257 867 ac
276 812 453 869 conniventis
471 830 523 869 sua
549 813 620 869 illud
637 816 810 887 quodemodo
829 832 929 888 appro·
957 813 1068 871 Sueten
1089 815 1117 869 in
1137 814 1212 887 Aug.
1231 821 1255 872 9.
1290 816 1427 871 Rationes
1445 817 1539 873 series
1554 817 1720 883 stimuutm,
1740 824 1782 874 ut·

97 898 176 966 baut,
195 898 269 955 unde
285 898 315 954 in
338 915 362 956 c.
382 899 523 959 Sicutete.
535 900 638 959 diserte
649 902 773 958 additur:
785 905 928 957 Patronus
956 906 1021 971 pote
1038 903 1113 973 quod
1130 902 1302 972 reipublicae
1330 902 1447 974 nturi,
1467 921 1501 959 ne
1519 905 1639 959 crimino
1654 913 1786 961 nnneunt

98 986 286 1055 turpitudinis
304 994 355 1055 est,
371 988 422 1057 qui
437 989 540 1043 crimen
557 990 628 1044 celet
644 990 758 1055 uxorin
771 989 825 1047 hoc
837 996 929 1046 autem
956 988 1109 1058 impunito,
1127 991 1205 1058 orsod
1218 990 1366 1044 mulierum
1383 990 1560 1061 inpudicitia
1581 999 1608 1045 et
1622 991 1785 1061 promritus

97 1071 160 1126 loco
181 1070 324 1142 quaeritur
341 1072 377 1128 de
396 1088 429 1127 eo
447 1090 513 1129 casu
530 1075 643 1147 quaudo
661 1093 730 1131 uxor
746 1092 798 1132 nec
818 1076 929 1145 sciente,
956 1072 1135 1142 indulpentio
1152 1092 1187 1129 uc
1207 1075 1410 1130 condonatione
1431 1077 1486 1131 elle
1505 1080 1691 1146 confirmetur,
1708 1080 1786 1147 proed

96 1172 151 1211 uec
179 1156 352 1213 occasionem
381 1159 531 1230 praebente
554 1162 653 1216 merito
678 1161 711 1217 lit
738 1162 878 1228 adultera,
901 1168 929 1219 et
955 1178 1024 1215 ruso
1040 1162 1082 1214 ool
1099 1161 1200 1215 bonone
1221 1178 1251 1215 se
1274 1161 1395 1231 recipiet
1420 1163 1548 1233 scopein,
1572 1179 1644 1233 quoe
1663 1164 1786 1236 pudoris

97 1243 213 1314 quando
231 1249 296 1314 post
312 1253 457 1316 peceatum
469 1246 716 1303 manifestetumin
729 1248 777 1303 illa
786 1248 929 1320 arguenda
955 1248 1095 1319 cepepulo
1124 1249 1208 1303 semel
1234 1249 1390 1319 perfregit,
1420 1251 1497 1319 prod
1524 1250 1648 1318 insenso
1675 1250 1703 1303 si
1730 1268 1786 1306 nen

97 1335 126 1384 et
150 1328 294 1400 punienda
324 1349 405 1387 suum
437 1332 559 1388 officinm
584 1334 664 1404 fecit,
693 1341 778 1406 etque
807 1335 869 1406 ipae
892 1335 929 1391 ad
955 1333 1039 1401 iuris,
1055 1341 1147 1389 tomen
1164 1334 1240 1405 sueti
1264 1335 1387 1403 labore,
1408 1336 1459 1404 qui
1480 1336 1640 1391 adulterans
1663 1335 1694 1390 in
1713 1354 1785 1391 cons-

96 1416 200 1473 seriem
216 1418 415 1489 poenitentiam
440 1421 536 1489 rediit,
559 1422 670 1493 qualem
694 1440 711 1478 e
729 1421 828 1478 marito
842 1422 929 1493 recipi
954 1419 1040 1489 plenu
1058 1436 1110 1473 esso
1128 1420 1229 1474 retinet
1245 1426 1298 1478 etc.
1342 1421 1565 1491 Respondemusr
1588 1421 1651 1477 Hes
1667 1420 1787 1477 rationes

96 1520 180 1574 posse
200 1519 233 1559 cx
257 1522 283 1583 ¹c.
304 1504 334 1561 si
354 1505 416 1577 quis
435 1512 487 1562 eto.
511 1506 578 1562 ibid.
597 1506 750 1579 colligitur,
776 1507 839 1564 ideo
855 1508 929 1564 enim
956 1504 1108 1561 efficeeiter
1123 1506 1259 1577 probant,
1285 1507 1359 1579 quod
1385 1508 1500 1563 maritus
1517 1523 1573 1563 non
1591 1508 1628 1563 sit
1645 1508 1786 1581 cogendus

99 1589 218 1645 duorum
250 1606 383 1647 ennorum
413 1591 584 1663 poenitentia
613 1593 769 1665 injungitur
797 1594 851 1663 illi,
881 1595 929 1666 qui
955 1608 990 1647 ac
1006 1590 1036 1645 in
1055 1590 1222 1663 quibusdam
1247 1592 1358 1648 casibus
1381 1594 1545 1665 nequidem
1567 1593 1786 1666 persuadendae,

96 1692 211 1732 uxorem
242 1677 397 1734 adulteram
425 1695 444 1733 a
472 1695 502 1734 se
530 1678 670 1735 inventam
698 1679 728 1734 in
754 1680 927 1736 matrimonio
956 1682 987 1732 ut
1006 1677 1160 1733 adultsmm
1178 1677 1296 1734 retineat
1313 1679 1357 1735 sel
1370 1678 1493 1750 recipiet,
1511 1679 1621 1735 interim
1635 1680 1786 1736 eialiansm

95 1760 200 1818 babere
219 1762 309 1835 cupit,
334 1765 403 1834 quio
428 1783 491 1819 cuns
508 1766 642 1820 Meso
660 1767 761 1820 nsetus
781 1774 834 1836 est,
858 1784 929 1837 quoe
955 1764 1222 1819 circumstantiarum
1242 1765 1348 1820 retioue
1368 1765 1463 1821 habite
1476 1766 1535 1836 juri
1554 1782 1605 1821 suo
1621 1767 1787 1833 renuntiare,

98 1849 193 1903 miluc
220 1850 336 1904 erimine
352 1868 404 1905 seso
428 1868 485 1905 non
509 1858 550 1905 est
562 1860 699 1923 perpete.
734 1852 836 1908 Postea
851 1851 929 1907 addi·
955 1849 1041 1920 cupit,
1060 1850 1138 1905 nulla
1156 1850 1220 1922 lege
1236 1850 1406 1922 prohibetur.

95 1940 156 2005 tur,
181 1944 230 1991 esst
255 1937 392 1992 abstineut
424 1954 454 1992 se
480 1956 501 1993 u
528 1939 706 1995 matrimoniis
738 1940 811 2011 ejus,
842 1940 929 1994 donec
992 1941 1051 1993 615.
1098 1936 1271 2009 Argumenta
1299 1937 1451 2009 Augustini
1481 1938 1550 1995 hese
1579 1945 1659 1995 suut:
1696 1944 1720 1998 1.
1753 1940 1789 1994 Si

98 2023 555 2092 espleotureutiefuotiocriminis
567 2026 756 2096 poenitentioe
770 2041 847 2090 suos,
866 2042 928 2081 cum
956 2025 1037 2078 Deus
1055 2040 1111 2094 per
1133 2025 1335 2095 poenitentium
1354 2033 1461 2095 perpet
1478 2033 1624 2097 peceolsun
1649 2027 1789 2081 adulterii

97 2125 153 2179 quo
171 2109 300 2181 congruit
318 2109 401 2179 illud,
423 2111 497 2183 quod
522 2128 556 2168 ex
574 2110 645 2167 libro
664 2112 786 2168 Pastoris
805 2110 842 2167 ab
859 2111 930 2167 Her·
956 2119 982 2165 et
1006 2127 1039 2164 ee
1064 2112 1197 2191 adnuere
1214 2112 1296 2180 fucit
1316 2120 1441 2167 sancum
1464 2120 1490 2167 et
1515 2130 1576 2167 een
1593 2111 1649 2167 sibi
1663 2114 1785 2167 reconci-

97 2203 172 2252 mete
187 2196 270 2250 Pauli
288 2195 424 2266 discipulo
446 2196 602 2269 conscripto
619 2197 786 2268 adducitur,
809 2215 834 2254 o.
870 2198 931 2269 Ego
956 2197 1018 2262 liet,
1034 2214 1085 2252 cur
1104 2214 1190 2267 praue
1207 2198 1286 2253 debet
1303 2215 1361 2253 esse
1378 2200 1440 2255 viro
1450 2199 1595 2255 mulierem
1612 2200 1677 2255 Deo
1692 2216 1786 2254 secon-

99 2282 157 2337 dixi
174 2288 226 2337 ete.
245 2287 286 2338 34.
297 2300 325 2354 q.
340 2289 370 2338 2:
390 2283 424 2337 Si
442 2284 616 2354 receuoir,
635 2302 747 2339 uomens
758 2285 930 2339 nsem'odul·
956 2285 1084 2338 oiliutorn
1114 2292 1142 2339 et
1170 2302 1226 2339 non
1258 2286 1381 2354 emplius
1408 2287 1570 2342 adulterum
1600 2289 1654 2342 sed
1676 2288 1787 2356 justum

98 2370 200 2423 terium
218 2369 396 2433 conms'eiese,
419 2377 444 2423 st
461 2386 495 2423 eu
508 2387 564 2423 non
581 2372 642 2439 epit
657 2372 864 2441 poenitentium,
880 2374 931 2426 secl
956 2371 1129 2425 emuniens
1154 2370 1210 2424 sibi
1225 2371 1431 2426 reconciliaret
1455 2390 1521 2426 nom
1544 2390 1601 2428 non
1618 2372 1711 2427 minue
1728 2371 1783 2426 illu

96 2462 242 2526 monet
267 2457 296 2509 in
318 2473 370 2510 suo
395 2456 475 2526 cilio,
499 2473 565 2511 reses
587 2458 642 2512 erit
654 2458 768 2528 peccati
790 2459 887 2512 πονῶ
904 2466 930 2512 et
957 2458 1051 2511 Deum
1074 2459 1231 2527 offenderet
1245 2458 1397 2525 ‚multene
1423 2458 1570 2528 spirituali
1589 2476 1674 2528 worn
1696 2459 1787 2512 sirum

94 2543 245 2613 particeps
266 2543 405 2597 mulne
421 2545 495 2617 ejus,
519 2544 547 2597 si
565 2559 627 2598 eon
645 2546 772 2599 retineat.
809 2543 931 2600 Tantum
957 2543 1100 2597 adulterio
1123 2543 1243 2597 consoli.
1281 2542 1503 2613 Respondemus:
1528 2544 1607 2599 Haec
1634 2543 1705 2599 ratio
1725 2561 1786 2616 per-

97 2646 164 2685 sero
182 2628 273 2696 abest,
300 2634 332 2683 ut
350 2645 470 2685 oenones
493 2630 654 2701 simpliciter
670 2630 837 2703 prohibeant
853 2630 930 2687 adul·
957 2628 1092 2684 suesionis
1109 2646 1194 2684 causa
1212 2628 1306 2702 urgeri
1323 2634 1428 2701 potest,
1452 2630 1475 2685 si
1498 2630 1627 2686 adultere
1656 2631 1740 2687 semel
1758 2631 1787 2687 in

96 2720 185 2771 teram
203 2715 410 2786 resipiscentem
428 2731 446 2769 e
464 2715 563 2771 merito
579 2716 673 2786 recipi,
684 2723 717 2772 ut
729 2717 865 2786 omnibus,
883 2717 931 2788 qui
956 2720 1102 2785 pecceturn
1119 2714 1250 2787 prolapso
1262 2716 1361 2771 seriam
1375 2720 1442 2788 agat
1452 2716 1658 2787 poenitentiam,
1676 2716 1786 2773 interim

96 2801 225 2872 publium
255 2802 384 2857 mulieres
413 2804 449 2856 de
479 2802 618 2872 lupanari
646 2803 816 2858 maceriei
844 2812 871 2857 et
901 2805 931 2858 in
957 2801 1072 2856 meritus
1090 2818 1141 2872 per
1158 2818 1220 2857 eam
1237 2802 1301 2873 cogi
1318 2802 1428 2873 nequit,
1454 2809 1486 2858 ut
1498 2802 1556 2874 juri
1573 2819 1624 2858 suo
1640 2802 1786 2858 renuntiet.

96 2904 197 2943 neom
225 2888 370 2956 duxerint,
388 2887 429 2955 ,id
455 2890 532 2959 quod
557 2898 658 2957 neunt,
683 2890 714 2944 in
740 2890 929 2945 remissionem
956 2886 1060 2958 Ecquis
1081 2887 1155 2942 euim
1179 2886 1297 2956 dixerit,
1327 2904 1390 2943 eum
1416 2887 1507 2942 minus
1536 2894 1611 2944 recte
1636 2905 1734 2960 egere,
1762 2888 1786 2944 si

93 2983 272 3045 peccatorum
281 2978 423 3045 proficere
437 2979 550 3030 etetuen
564 2981 600 3032 tc.
616 2977 692 3031 Inter
705 2992 790 3047 opere
801 2983 845 3031 eto
856 2996 882 3031 x.
896 2977 930 3033 dc
956 2978 1094 3044 potestate
1110 2972 1232 3029 faciendi
1251 2972 1399 3028 divortium
1416 2973 1446 3028 in
1465 2990 1531 3029 casu
1543 2973 1731 3031 fornicationis
1749 2974 1785 3030 ab

97 3060 275 3133 sponsalibus
295 3067 324 3117 et
343 3061 496 3117 matrimon.
514 3078 532 3117 a
550 3078 605 3134 quo
617 3068 710 3117 temen
727 3062 930 3119 misericordiae
956 3059 1017 3131 ipso
1036 3058 1146 3115 Christo
1164 3060 1218 3115 sibi
1230 3076 1361 3116 concessa
1373 3060 1488 3116 utatmi
1519 3060 1547 3118 Si
1565 3077 1600 3117 er
1611 3060 1664 3117 hec
1679 3061 1786 3117 ratione

98 3165 182 3219 opere
202 3147 354 3205 honestetis
372 3152 401 3203 et
418 3147 555 3203 castitetis
567 3154 704 3203 amatores
717 3148 814 3203 merito
831 3148 929 3204 abhor·
956 3146 1107 3202 necessitas
1126 3145 1336 3202 condonationis
1353 3146 1449 3203 inferri
1472 3152 1580 3219 posset,
1608 3146 1786 3219 magistratus

99 3240 170 3291 rent.
221 3237 244 3289 7.
260 3237 349 3303 Leges
368 3234 465 3288 ciuiles
480 3252 500 3288 u
523 3234 749 3290 reconciliatione
763 3242 828 3304 post
849 3236 930 3290 oded
957 3234 1028 3290 serio
1043 3233 1216 3305 poenitentes
1235 3240 1349 3305 propter
1369 3233 1471 3289 delicte
1490 3240 1651 3306 antegressa
1666 3234 1787 3306 politicis

99 3324 201 3376 terrun
221 3321 348 3375 instituto
367 3320 518 3375 alieniores
535 3330 607 3377 eunt.
627 3321 646 3377 l.
663 3320 761 3376 Palem
780 3328 821 3378 ⁴3.
842 3319 869 3398 ξ.
891 3329 930 3380 lt).
957 3320 1053 3391 poenis
1073 3318 1184 3375 afficere
1203 3337 1258 3376 non
1275 3319 1398 3386 deberet,
1415 3338 1479 3376 oum
1497 3320 1598 3392 stipsi
1619 3337 1711 3377 coram
1725 3320 1786 3376 Deo

101 3408 130 3463 ff.
145 3408 180 3463 de
191 3406 246 3461 ritu
259 3411 353 3477 nupt:
374 3406 494 3461 &none
505 3408 621 3477 censuit,
631 3426 687 3462 non
699 3408 860 3463 connniens
872 3426 930 3464 esee
958 3422 991 3460 ex
1013 3405 1209 3478 peccatoribus
1227 3405 1295 3461 lecti
1314 3406 1371 3461 sint
1387 3406 1476 3463 sanefi
1494 3413 1522 3462 et
1538 3407 1592 3479 ipsi
1608 3406 1785 3463 mconcilisti.

99 3495 155 3551 ulli
170 3494 296 3549 usnimi
312 3510 426 3549 nemen
446 3495 546 3548 duem
563 3501 613 3548 oue
630 3495 751 3550 retinere
767 3498 930 3551 domnolum
958 3492 1014 3548 Sed
1032 3507 1203 3565 consequens
1220 3499 1263 3548 est
1279 3491 1439 3549 absurdum.
1473 3492 1549 3565 Ergo
1566 3499 1595 3549 et
1612 3494 1787 3550 antecedens.

95 3580 340 3654 publieojudioio.
371 3581 398 3651 ᾖ.
412 3586 457 3636 12:
473 3579 550 3642 Quae
563 3580 593 3635 in
604 3582 746 3637 adulterio
759 3583 930 3653 deprebensa
957 3581 982 3636 2.
1005 3579 1129 3635 Christus
1151 3581 1268 3635 remittit
1285 3580 1371 3648 or'ris,
1392 3580 1500 3649 quoties
1525 3580 1584 3649 ipsi
1605 3581 1788 3635 roeoncdiuri

99 3679 147 3739 est,
168 3669 253 3740 quusi
263 3668 381 3739 publico
398 3667 509 3735 iudicio
524 3670 659 3722 &ennato
672 3668 750 3725 esti
766 3668 929 3727 Cestitetit.
956 3665 1067 3735 volunt,
1097 3666 1242 3722 udulurie
1272 3666 1446 3737 spiritualia.
1501 3666 1582 3734 Ergo
1618 3666 1703 3719 etiem
1732 3666 1790 3721 oiri

96 3757 166 3813 Coo.
181 3755 218 3811 ad
230 3755 321 3827 legem
339 3753 443 3810 duliam
460 3753 496 3809 de
514 3752 614 3809 adult:
635 3754 692 3817 Qui
704 3756 841 3810 adulterii
852 3759 930 3812 dem·
957 3753 1057 3807 debent
1084 3755 1225 3809 remittere
1252 3754 1386 3807 neorimss
1415 3752 1561 3807 adulterio
1587 3752 1732 3818 cornelio,
1760 3752 1788 3806 si

49 3852 202 3908 anoton,
214 3842 241 3897 si
249 3858 410 3912 quocunque
419 3842 504 3894 modo
512 3856 633 3910 poenum
642 3842 793 3910 capitalem
801 3845 930 3912 evaserit,
955 3839 1137 3895 reconciliari
1159 3841 1230 3896 illue
1256 3840 1377 3910 cupiunt.
1422 3840 1498 3893 Nom
1524 3840 1622 3892 eodeni
1648 3852 1786 3907 nemra,

97 3931 187 3985 sciens
207 3928 319 3983 uunnt
336 3943 451 3982 uxorem
467 3927 510 3981 oel
529 3927 683 3995 reduxerit,
703 3930 802 3982 eodem
819 3930 880 3999 lege
896 3947 930 3984 en
956 3942 1012 3995 qua
1029 3926 1116 3980 mensi
1124 3926 1278 3995 fuerimus,
1296 3926 1452 3981 censentur
1463 3925 1549 3990 nobes,
1567 3924 1666 3981 Matth.
1680 3931 1704 3993 l,
1722 3942 1747 3981 v.
1759 3931 1784 3981 2.

97 4034 185 4073 cumo
193 4015 328 4070 brionnii
334 4014 477 4084 punietur.
497 4013 929 4085 Prolibrseruntetioninspero-
956 4021 983 4067 et
1001 4016 1177 4068 metuendum
1195 4020 1245 4078 est,
1264 4030 1298 4067 ne
1318 4014 1431 4067 dicotur⁸
1450 4012 1538 4081 neon,
1555 4028 1645 4066 nonne
1664 4013 1786 4082 oportuit

95 4114 180 4171 tores,
198 4121 259 4159 nrm
276 4104 312 4157 de
330 4101 395 4157 aliis
413 4102 575 4156 criminibus
586 4102 756 4171 capitalibus
772 4104 931 4158 redimendi
956 4107 982 4155 te
999 4100 1128 4154 misneri
1147 4099 1275 4154 conserui
1293 4099 1347 4165 tui,
1365 4098 1438 4153 sieut
1455 4114 1504 4166 epo
1523 4098 1652 4152 nuestus
1668 4115 1729 4151 suns
1745 4097 1789 4151 tui

95 4190 242 4261 sanguinis
264 4191 361 4260 pretia
379 4189 559 4258 transigendi
575 4189 744 4252 securitatem
761 4191 875 4257 durent,
893 4193 929 4245 cle
957 4187 1057 4243 Metth.
1079 4190 1117 4243 18.
1154 4185 1376 4257 Respondemus:
1405 4183 1448 4239 Ex
1466 4183 1518 4239 hoc
1538 4190 1700 4256 argumento
1717 4182 1787 4238 illud
1834 4228 1838 4233 .

96 4278 239 4335 adulterio
257 4277 421 4344 rumiens,
438 4274 456 4331 L
472 4274 645 4346 Transigere.
665 4276 732 4332 Cod.
749 4275 784 4332 de
800 4282 930 4332 trenmct.
957 4272 1094 4328 dunterat
1111 4272 1207 4327 inferri
1223 4276 1332 4341 potest,
1356 4270 1432 4341 quod
1457 4270 1572 4326 meritus
1597 4270 1627 4324 in
1644 4269 1705 4324 fero
1723 4284 1787 4323 con·

94 4365 272 4424 lustinienus
286 4363 354 4419 Nes.
367 4366 423 4419 1³4.
437 4366 513 4418 cto.
527 4363 629 4417 morito
642 4362 754 4433 quidem
765 4369 931 4434 potestatem
957 4358 1089 4416 scientiae
1118 4357 1196 4413 uxori
1225 4358 1368 4413 adulterae
1401 4355 1573 4427 resipiscenti
1609 4372 1643 4411 ee
1677 4355 1788 4426 culpam

96 4453 165 4510 lucit
183 4452 327 4507 mulierem
346 4451 506 4505 mauron
524 4449 554 4503 in
571 4452 770 4505 monesterium
786 4454 929 4506 detrusum
957 4445 1115 4515 deprecanti
1135 4445 1279 4517 ignoscere
1302 4444 1417 4513 debeat,
1443 4444 1493 4500 esd
1511 4443 1592 4498 nimie
1608 4443 1686 4515 large
1703 4459 1737 4498 ex
1754 4458 1787 4498 eo

96 4542 174 4594 intre
205 4538 345 4592 biennium
366 4536 531 4591 recolendi
555 4555 589 4591 oc
616 4539 733 4592 eundem
758 4537 814 4591 eibi
839 4542 929 4593 denuo
956 4533 1086 4602 infertur,
1115 4532 1190 4604 quod
1213 4531 1243 4585 in
1269 4537 1360 4587 torum
1383 4530 1537 4586 maritalem
1553 4530 1651 4586 iterum
1671 4530 1786 4586 eandem

96 4625 266 4697 copulandi,
293 4623 342 4679 sed
367 4628 463 4678 exacto
487 4622 599 4678 biennio
629 4623 698 4678 illud
715 4622 775 4680 fieri
794 4623 929 4695 prohibet.
956 4619 1078 4692 recipere
1098 4624 1233 4677 teneatur.
1278 4618 1309 4675 si
1335 4619 1428 4683 dices,
1456 4618 1586 4673 cernens
1613 4634 1670 4671 non
1695 4617 1785 4671 solum

96 4712 323 4785 Respondemus:
342 4709 605 4765 Reconcilietionem
626 4709 750 4781 personis
771 4709 800 4764 iu
816 4709 930 4782 publice
955 4707 1071 4762 remittit
1088 4706 1160 4768 υἱώ
1186 4705 1355 4762 adulterium
1377 4704 1541 4775 spissitudo,
1569 4705 1622 4758 8θᾶ
1649 4703 1734 4757 ollam
1755 4703 1784 4757 iu

96 4799 233 4873 dignitate
258 4803 286 4853 et
312 4812 425 4852 munere
447 4794 604 4851 constitutis
624 4812 679 4851 non
703 4812 763 4852 csse
781 4796 929 4853 admodum
954 4794 1104 4864 spirituale
1131 4793 1291 4864 eonjugium
1326 4794 1436 4847 eosdem
1464 4792 1564 4846 iterum
1592 4789 1693 4860 recepit
1718 4806 1784 4861 erpo
1797 4800 1853 4847 m.
1868 4800 1911 4845 lte

94 4886 307 4943 convenientem
324 4883 435 4956 ipsimet
453 4883 645 4948 concedimus,
675 4900 787 4940 uxorem
816 4892 929 4957 propter
954 4874 1038 4937 etium
1067 4881 1165 4936 meriti
1192 4898 1248 4936 non
1273 4880 1363 4936 solum
1388 4879 1500 4950 culpam
1528 4876 1661 4932 uxoribus
1688 4877 1786 4932 &dest

94 4972 263 5029 adulterium
282 4969 382 5043 capitis
407 4970 565 5026 damnatum
581 4971 714 5027 reducere
731 4987 830 5042 parum
846 4971 928 5028 hone·
954 4970 1130 5033 condonare,
1149 4969 1201 5022 sed
1219 4967 1303 5021 elion
1321 4967 1352 5020 in
1369 4974 1458 5021 torum
1483 4964 1657 5035 conjugalem
1675 4965 1785 5019 eosdm

92 5068 168 5116 etum
185 5073 245 5115 esee
278 5056 421 5126 ducimus,
452 5058 487 5113 de
520 5057 657 5113 adulterio
674 5056 827 5129 treneigere
846 5044 1088 5129 turpeffrecipere.
1135 5053 1359 5124 Respondemus:
1385 5069 1445 5107 esse
1463 5053 1596 5107 rationem
1615 5049 1785 5122 dbwimtis

87 5144 266 5217 judicemus,
283 5143 393 5198 iuterim
410 5142 485 5215 quod
503 5143 609 5200 ratione
627 5143 812 5199 concientiae
831 5162 927 5201 recon-
955 5142 1116 5210 maximnm,
1135 5140 1202 5212 quia
1224 5139 1367 5211 spirituale
1393 5138 1463 5193 illud
1487 5136 1652 5193 adulterium
1668 5153 1724 5192 non
1742 5140 1785 5192 set

91 5230 197 5289 oiliatio
232 5229 292 5285 fieri
335 5229 438 5302 possit,
483 5228 554 5284 illud
593 5230 729 5284 duntaxat
771 5230 925 5288 asserimus.
955 5229 1086 5286 delictum
1103 5226 1217 5299 sliquod
1241 5225 1384 5298 politicum
1409 5224 1549 5279 iulemiem
1564 5238 1658 5279 secum
1671 5222 1783 5278 trabere

91 5325 118 5375 8.
140 5318 262 5387 Lepidus
285 5334 319 5371 ac
338 5316 460 5370 morilus
487 5315 609 5384 gentium
627 5314 767 5371 adulteras
786 5316 814 5371 in
833 5318 925 5372 matri·
953 5314 1095 5387 publicem
1124 5314 1152 5368 in
1179 5312 1254 5368 civili
1271 5312 1417 5380 societate,
1445 5309 1526 5381 quale
1552 5316 1595 5365 est
1618 5308 1783 5364 adulterium

88 5404 185 5462 monio
202 5402 320 5459 retinere
348 5401 511 5474 probrosum
537 5401 591 5456 fuit
622 5400 755 5458 habitum.
802 5400 1103 5499 legibuslcorporele.
1136 5399 1241 5466 Quodsi
1260 5416 1327 5469 ergo
1347 5397 1461 5452 meritus
1480 5394 1631 5452 honestatis
1648 5399 1785 5449 amasset

88 5489 306 5548 Atheniensium
337 5488 366 5544 id
396 5488 510 5545 uetitum
539 5486 624 5543 luisse
655 5504 687 5544 ex
718 5488 842 5545 cretione
869 5489 924 5546 De·
938 5506 942 5549 ς
955 5487 1096 5545 infamium
1120 5492 1245 5543 metuens
1268 5484 1423 5542 edulwrem
1447 5483 1592 5553 repudiare
1615 5480 1697 5550 velit,
1719 5479 1782 5550 jure
