4020 6022
804 280 857 337 Da
873 278 1072 338 consumo.
1720 290 1781 349 tte

10 422 75 517 'ffi‘
127 438 184 490 126.
221 434 320 489 111666
340 436 516 507 principalis
542 436 666 509 conjugii
683 438 749 502 1616
767 442 823 505 est,
850 436 924 506 6666
952 452 1062 508 quoqne
1087 438 1159 494 inter
1177 437 1318 495 Christum
1335 444 1364 495 et
1390 439 1535 497 eeclesiam
1558 440 1736 503 2661621.
1756 444 1780 493 6.

27 528 54 567 61
90 519 128 575 611
156 527 238 590 typar
265 522 460 577 ardentissimi
489 524 610 586 6616616,
643 540 696 593 666
728 522 857 578 01616166
883 540 924 577 66-
951 540 984 578 ex
1013 525 1106 595 sponsi
1138 542 1206 597 erga
1236 543 1365 598 sponsam
1395 531 1424 581 ct
1451 525 1542 581 1661111
1573 543 1640 598 erga
1668 540 1781 580 uxorem

10 578 75 680 {3¹⁸3
90 606 208 661 clessam
237 626 318 662 66661
346 610 537 680 conplectitur
566 619 592 665 et
631 611 806 666 arctissimae
844 611 923 664 illias
950 607 1097 666 dilectione
1115 618 1260 682 promanat
1277 611 1454 667 bonorumet
1471 609 1781 677 honornmcommuuio,

10 710 18 722 ·
92 693 219 762 unionis,
250 712 308 764 aaa
336 697 427 750 eidem
464 706 504 751 est
535 699 707 768 conjunctae.
761 699 850 755 Docet
871 698 923 753 hoc
949 692 1138 752 infirmitatum
1156 697 1782 769 666606611616611611116661116,6611611161

86 780 228 851 apostolus
252 781 356 838 Paulus
380 789 409 838 et
433 801 465 839 ex
491 784 579 855 prima
601 783 726 856 conjugii
751 784 923 839 institutione
949 780 1060 850 amictu,
1077 782 1203 855 adeoque
1221 784 1348 840 omnibns
1368 784 1530 841 6666666616
1549 789 1714 855 prospectio,
1732 782 1780 838 ad·

87 866 116 921 id
136 866 258 923 deducit.
298 868 401 941 Ephes.
422 876 451 935 6,
480 887 506 927 r.
528 876 575 927 et:
608 872 756 941 Relinpaet
774 872 855 925 homo
869 864 1044 940 pa-lversus
1071 870 1372 926 hostcsdeiensioetc.
1393 870 1574 925 haecomnia
1598 870 1625 924 in
1643 868 1781 940 spirituali

86 962 159 1009 trem
183 963 209 1009 et
235 964 352 1010 matrem
376 974 456 1011 snam
480 965 505 1011 et
525 958 690 1012 adhaerebit
706 958 790 1012 imeri
810 966 924 1012 suaset
948 953 1080 1025 conjugio
1110 956 1201 1011 166661
1231 956 1343 1013 habent.
1394 955 1521 1011 Christus
1552 955 1625 1010 enim
1654 955 1781 1011 coelestis

89 1049 170 1095 erant
193 1044 251 1097 dna
275 1043 305 1096 in
330 1049 602 1100 66166666632.
642 1043 853 1099 Sacramentum
871 1045 923 1099 hoc
949 1056 1066 1109 sponsus
1110 1048 1204 1097 noster
1233 1043 1418 1099 communicat
1454 1042 1598 1098 nobiscnm
1635 1043 1780 1098 coelestem

87 1146 220 1198 mapseam
236 1136 284 1193 est,
298 1130 363 1183 dico
376 1136 466 1184 anum
480 1131 511 1183 in
526 1130 666 1186 Chre‘stnm
684 1139 709 1184 et
726 1126 922 1187 inec'clssiam.
949 1125 1143 1197 hereditatem,
1169 1128 1238 1185 iacit
1263 1146 1313 1186 nos
1339 1128 1490 1201 participes
1508 1147 1618 1185 snorum
1647 1128 1780 1184 honorum

87 1216 152 1270 Huc
186 1215 332 1272 referenda
359 1222 424 1271 sunt
453 1216 545 1271 omnia
578 1216 736 1289 Scripturae
772 1217 862 1281 dicta,
894 1217 921 1270 in
949 1216 978 1267 61
990 1212 1134 1279 bonorum,
1158 1214 1223 1270 dum
1242 1231 1292 1271 nos
1304 1214 1374 1271 tacit
1386 1215 1438 1269 Dei
1456 1214 1535 1285 111166,
1551 1231 1632 1288 reges
1647 1232 1779 1271 6666661-

86 1301 191 1375 qnibus
206 1300 333 1357 Christum
353 1302 455 1357 dicitnr
473 1321 592 1372 sponsas
609 1312 636 1358 et
654 1305 788 1371 maritas,
806 1302 923 1359 ecclesia
952 1299 1029 1355 dotes
1047 1300 1148 1357 Johan.
1180 1309 1208 1361 t.
1235 1321 1260 1355 v.
1280 1309 1317 1358 12.
1359 1303 1446 1375 Apoc.
1468 1310 1500 1368 1,
1526 1320 1552 1359 v.
1572 1308 1596 1359 6.
1614 1302 1782 1375 compatitur

86 1405 154 1444 vero
181 1407 288 1458 sponsa
306 1398 330 1442 et
356 1407 435 1453 naor,
452 1389 555 1447 Psalm.
583 1396 631 1460 66,
657 1409 682 1445 v.
704 1396 743 1446 16.
787 1389 863 1447 Esai.
882 1396 922 1458 61,
951 1384 1160 1442 infirmitatibus
1176 1388 1277 1444 nostrie
1288 1388 1374 1444 Hebr.
1391 1395 1417 1459 4,
1433 1407 1457 1443 v.
1476 1395 1516 1447 16.
1533 1389 1625 1445 166611
1638 1407 1688 1445 nos
1700 1388 1781 1443 66611·

88 1494 115 1530 v.
142 1482 166 1531 6.
193 1492 218 1529 6.
246 1480 293 1543 61,
323 1492 349 1532 v.
379 1481 416 1532 111.
442 1492 466 1532 c.
486 1482 531 1540 62,
560 1495 588 1535 v.
607 1484 631 1532 6.
665 1477 767 1534 Jerem.
795 1483 823 1546 3,
853 1495 878 1533 v.
898 1484 922 1533 4.
951 1474 1051 1527 mentis
1069 1474 1166 1529 salutis
1185 1481 1213 1529 et
1230 1475 1392 1531 indumento
1405 1474 1531 1546 justitiae
1547 1475 1593 1532 Es.
1617 1482 1664 1544 61,
1689 1494 1716 1533 1.
1740 1481 1779 1532 19.

87 1560 200 1631 0662,
224 1578 249 1618 v.
269 1568 291 1618 ¹1.
318 1562 478 1633 cumprimis
496 1562 552 1618 huc
576 1564 696 1635 pertinet
713 1564 815 1619 Psalm.
835 1571 875 1620 46.
895 1572 924 1619 61
950 1557 1050 1615 Erech.
1073 1566 1113 1626 16,
1132 1579 1158 1618 v.
1181 1567 1218 1616 10.
1236 1562 1371 1633 prospicit
1389 1562 1469 1619 nobis
1487 1562 1523 1617 66
1542 1562 1668 1618 omnibns
1688 1579 1781 1619 neees-

86 1648 234 1705 Canticum
267 1648 446 1704 canticorum.
493 1650 591 1707 Metth
619 1654 650 1715 9,
680 1669 705 1709 v,
735 1658 775 1709 15,
813 1651 876 1709 Joh,
898 1657 922 1714 3,
950 1646 1041 1713 661116,
1072 1645 1174 1711 nutrit,
1199 1646 1275 1702 fovet
1299 1646 1401 1719 Ephee.
1427 1655 1458 1714 6,
1491 1668 1515 1705 v.
1544 1654 1583 1705 29.
1603 1648 1729 1705 defendit
1746 1665 1780 1703 66

85 1753 113 1789 v.
133 1739 173 1790 29.
211 1733 299 1804 Apoc.
317 1740 363 1803 21,
396 1753 421 1790 v.
448 1741 474 1792 2.
500 1742 554 1792 616.
579 1754 635 1809 666
653 1737 815 1793 referendae
840 1736 923 1793 etiam
950 1737 1045 1787 tuetur
1064 1731 1188 1797 2111112,
1216 1751 1240 1789 v.
1261 1742 1285 1789 5.
1336 1734 1360 1789 0
1385 1734 1611 1807 benignissimum
1635 1752 1669 1789 ac
1693 1734 1780 1793 666111

88 1826 155 1875 sunt
173 1819 324 1892 parabolae
338 1820 442 1876 Christi
453 1821 552 1879 llatth.
571 1827 613 1893 22,
627 1841 652 1878 v.
666 1828 688 1877 2.
702 1841 726 1879 c.
740 1829 782 1892 25,
794 1842 819 1877 r.
836 1828 923 1880 1616.
950 1819 1168 1874 amantissimum
1187 1838 1332 1890 sponsum,
1359 1821 1406 1892 qni
1425 1839 1459 1877 ex
1478 1822 1611 1878 immensa
1634 1821 1781 1877 dilectione

87 1906 137 1961 nbi
155 1905 316 1971 1161666616,
340 1906 484 1962 6661661661
507 1925 563 1963 666
586 1909 675 1963 661616
699 1926 835 1979 mansae,
871 1925 923 1964 nec
948 1921 998 1975 per
1029 1906 1165 1962 humanae
1194 1912 1312 1962 naturae
1348 1908 1543 1963 assumtionem
1579 1925 1643 1963 cnm
1679 1925 1782 1981 sponsa

88 1993 179 2048 solnm
212 1992 310 2062 mort,
346 1994 395 2049 sed
415 2006 546 2064 'sponsae
583 2000 611 2050 et
650 1996 726 2050 611661
761 1998 923 2068 comparari,
948 2009 1034 2047 unum
1058 1992 1116 2048 lieri
1140 1993 1254 2062 voluit,·
1271 1995 1318 2065 qui
1343 2010 1471 2049 coronam
1498 1995 1621 2067 spineam
1644 2013 1662 2050 a
1679 2012 1782 2067 sponsa

86 2095 206 2150 sponsae
225 2079 338 2151 quidem
357 2084 472 2151 propter
489 2080 589 2136 amoris
609 2081 837 2153 magnitudinem,
855 2083 923 2153 qnia
948 2077 1052 2148 accipit
1082 2085 1110 2133 et
1135 2095 1265 2134 coronam
1293 2097 1405 2136 auream
1433 2081 1538 2153 gloriae
1562 2088 1591 2137 et
1615 2082 1721 2137 decoris
1740 2082 1781 2138 illi

88 2182 209 2237 sponsae
227 2166 369 2221 ardentius
389 2166 479 2222 solent
497 2167 584 2223 amari
602 2184 686 2239 qnam
704 2185 815 2239 uxores,
845 2170 923 2224 uxori
948 2163 1044 2233 661161,
1064 2164 1111 2236 661
1131 2181 1260 2236 sponsam
1277 2166 1426 2222 formosam
1443 2185 1499 2224 non
1511 2168 1625 2237 invenit,
1642 2168 1692 2224 sed
1704 2169 1780 2238 facit,

86 2257 201 2323 propter
223 2251 415 2307 indissolubile
434 2253 637 2324 conjunctionis
662 2254 816 2323 vinculum,
847 2256 922 2328 qnod
948 2251 995 2320 qul
1021 2250 1145 2306 1111111111
1168 2252 1226 2305 sul!
1255 2252 1716 2326 11111161111111116111111111,
1749 2261 1781 2311 111

86 2344 181 2394 umen
198 2338 336 2409 spirituali
364 2338 501 2393 adulterio
540 2340 667 2411 (perinde
691 2347 722 2395 nt
744 2342 774 2395 in
791 2342 922 2414 conjugio
947 2337 1108 2393 1666616616
1123 2338 1251 2409 justitiae
1267 2357 1397 2411 sponsam
1415 2347 1501 2404 ornet
1519 2343 1658 2413 1111116611
1676 2342 1781 2398 6116116

85 2425 148 2482 lieri
165 2427 237 2481 solet
254 2443 304 2497 per
324 2426 490 2481 adulterium
511 2428 663 2498 corporale)
692 2427 790 2483 iterum
809 2428 921 2483 dissolri
949 2424 1037 2495 potari
1058 2425 1183 2489 sustinet,
1202 2432 1233 2479 nt
1253 2426 1334 2483 melle
1354 2427 1516 2498 dulcedinis,
1537 2429 1732 2484 consolationis
1752 2434 1780 2484 et

87 2516 189 2583 potest.
231 2512 301 2567 Item
327 2511 445 2567 66616616
468 2513 561 2584 potius
589 2513 690 2568 dicitur
716 2531 820 2584 sponsa
837 2532 921 2586 quam
948 2510 1070 2566 laetitiae
1089 2529 1219 2583 sponsam
1236 2512 1327 2568 cibet!
1370 2513 1403 2569 In
1422 2514 1473 2570 hac
1490 2515 1550 2570 rita
1567 2532 1621 2569 non
1640 2514 1781 2571 nisiinter

87 2616 166 2657 uxor.
184 2599 251 2671 qnia
267 2598 395 2654 Christus
415 2599 443 2653 in
461 2599 550 2670 primo
569 2616 620 2654 sno
638 2601 760 2655 adventu
778 2601 921 2656 ecclesiam
947 2613 1042 2667 pares,
1066 2597 1113 2669 qni
1134 2599 1259 2670 ejusdem
1277 2600 1401 2669 generis,
1424 2600 1606 2665 conditionis,
1629 2608 1717 2657 status
1745 2618 1780 2658 66

88 2684 143 2739 sibi
163 2685 243 2757 611661
262 2684 443 2757 desponsavit
461 2689 485 2741 2.
504 2684 628 2741 Corinth.
651 2692 689 2755 tt,
708 2705 734 2744 v.
754 2694 777 2743 2.
796 2703 922 2743 coneum-
948 2682 1058 2738 honoris
1078 2692 1152 2749 sunt,
1170 2685 1374 2742 matrimonium
1393 2685 1519 2742 66666111
1538 2688 1622 2756 661616
1654 2693 1684 2741 61
1709 2688 1780 2743 inter

86 2778 213 2829 maturus
241 2778 269 2828 et
295 2772 485 2828 celebraturus
512 2789 575 2827 cum
599 2790 633 2829 ea
650 2773 783 2846 gloriosas
809 2776 921 2846 nuptias
947 2768 1000 2825 Dei
1018 2770 1121 2825 Filium
1150 2779 1177 2827 et
1196 2788 1246 2826 nos
1266 2771 1390 2827 homines
1416 2790 1523 2827 summa
1540 2773 1700 2845 disparitas,
1725 2773 1780 2830 Dei

87 2858 117 2915 in
136 2859 258 2915 66611666
276 2876 326 2914 666
346 2859 467 2914 6616616
487 2860 604 2931 Apocal.
625 2866 665 2927 19,
689 2879 716 2918 v.
737 2868 759 2915 7.
795 2861 922 2919 Membra
947 2873 1014 2928 ergo
1025 2858 1113 2913 Filius
1132 2858 1282 2913 humanam
1296 2866 1422 2915 naturam
1434 2860 1571 2929 assumsit,
1585 2861 1779 2939 ntsecundnm

86 2945 302 3017 comparationis
329 2945 438 3001 institui
464 2952 582 3017 possunt
603 2947 694 3017 66116,
723 2947 834 3019 potiora
857 2966 921 3005 cou-
947 2950 1097 2999 assumtam
1129 2944 1205 2999 illem
1234 2950 1361 3000 naturam
1398 2945 1522 3017 ejusdem
1552 2946 1723 3001 substantiae
1752 2952 1780 3003 et

86 3032 190 3087 sistunt
204 3031 233 3087 16
251 3031 430 3103 sequentibus
447 3032 602 3103 capitibus:
625 3037 645 3086 l.
657 3035 686 3087 in
698 3036 921 3104 despumatione.
946 3030 1054 3099 generis
1080 3038 1153 3085 66661
1178 3048 1240 3086 cnm
1264 3030 1396 3099 ecclesia,
1421 3048 1504 3103 quam
1522 3031 1575 3086 sibi
1602 3032 1630 3086 in
1650 3049 1777 3103 sponsam

85 3119 211 3191 Sponsae
224 3126 252 3174 et
263 3135 395 3190 sponsas
408 3119 620 3189 desponsatione
632 3136 732 3176 nomen
744 3128 919 3193 acceperunt,
946 3116 1095 3172 assciscere
1112 3117 1206 3172 voluit.
1251 3117 1306 3172 Sed
1330 3122 1454 3172 assumta
1477 3134 1539 3172 cum
1566 3123 1659 3173 nostro
1676 3135 1778 3190 genere

86 3222 122 3261 ea
140 3206 169 3259 in
186 3205 239 3261 hac
256 3205 391 3276 spirituali
411 3206 541 3278 conjugio
561 3206 652 3262 locum
677 3206 768 3261 habet.
812 3207 874 3263 Ore.
895 3215 920 3279 2,
944 3219 994 3273 per
1030 3203 1245 3259 incarnationem
1283 3202 1421 3278 ὁμοουσίᾳ
1457 3205 1548 3260 adhuc
1585 3205 1777 3261 inveniebatur

84 3310 113 3347 v.
136 3297 180 3348 te:
200 3293 384 3362 Desponsata
407 3300 433 3345 te
451 3293 525 3347 urii-i
556 3292 741 3363 Desponsatio
760 3293 818 3349 lieri
837 3294 921 3350 debet
945 3289 1032 3360 impar
1051 3289 1172 3346 conditio
1188 3290 1282 3362 spousi
1300 3308 1334 3346 ac
1352 3307 1479 3364 sponsae.
1524 3290 1604 3345 Illius
1622 3292 1693 3346 enim
1711 3309 1777 3348 caro

85 3394 152 3433 cum
171 3392 304 3433 consensu
323 3384 478 3449 parentum,
495 3377 518 3431 is
537 3395 712 3450 nequaqnam
731 3379 759 3433 in
771 3380 824 3435 hoc
841 3381 920 3451 spiri-
945 3383 987 3432 est
1010 3376 1117 3447 peccati
1140 3381 1170 3433 et
1199 3376 1271 3432 labis
1288 3376 1376 3432 omnis
1394 3394 1505 3448 expers.
1531 3384 1574 3432 est
1598 3378 1778 3435 mundissima

85 3463 156 3519 tuali
191 3462 323 3536 conjugio
352 3464 539 3533 desideratur,
579 3465 645 3535 6616
680 3470 759 3535 pater
793 3466 920 3521 coelestis
948 3468 976 3519 et
1015 3456 1195 3526 sanctissima,
1233 3467 1328 3518 nostra
1364 3481 1429 3520 vero
1466 3470 1565 3521 natura
1599 3470 1776 3535 peccatorum

83 3558 172 3621 parat
200 3549 314 3618 nuptias
332 3550 463 3613 filiosuo
483 3549 578 3605 Matth.
608 3556 653 3606 22.
681 3569 706 3604 r.
726 3557 750 3607 2.
797 3552 919 3623 Sponsus
945 3550 1073 3606 sordibus
1111 3549 1263 3605 miserrimc
1299 3558 1341 3606 est
1376 3551 1563 3606 contaminata
1598 3556 1627 3606 et
1667 3551 1777 3607 infecta.

87 3654 139 3709 per
157 3636 365 3707 paranymphos
387 3653 516 3707 sponsam
543 3654 621 3691 suam
646 3638 699 3693 sibi
716 3644 796 3694 curat
817 3640 919 3695 adduci
945 3636 1078 3693 Caelestia
1104 3636 1189 3709 igitur
1212 3654 1330 3708 sponsus
1348 3638 1401 3691 Dei
1419 3638 1505 3691 Filius
1529 3637 1609 3691 homo
1632 3637 1723 3693 factus
1747 3657 1778 3695 66

86 3740 121 3778 66
142 3722 316 3794 desponderi,
335 3723 370 3778 de
389 3722 525 3794 spirituali
545 3724 676 3796 conjugio
694 3724 764 3781 dicit
780 3728 919 3798 apostolus
944 3724 1035 3793 ipsum
1063 3740 1113 3794 pro
1139 3722 1255 3778 ecclesia
1283 3722 1410 3787 tradidit,
1442 3732 1473 3776 at
1502 3740 1563 3777 eam
1589 3725 1777 3793 sanctificaret

86 3815 110 3866 2.
129 3808 252 3865 canath.
271 3813 312 3876 ll,
329 3826 354 3863 v.
374 3814 403 3864 2:
424 3810 633 3880 Despondieos
650 3811 771 3865 ariiriro
784 3813 919 3882 sirpinem
945 3812 1083 3863 mandaris
1105 3810 1220 3863 1666666
1244 3825 1335 3878 apinae
1358 3809 1389 3862 in
1413 3810 1495 3863 uerbo
1517 3808 1619 3881 Ephes.
1640 3816 1669 3879 5,
1688 3827 1713 3865 v.
1734 3817 1775 3867 26.

85 3906 195 3951 castam
218 3896 343 3949 enlsibcre
362 3895 489 3965 01161616,
520 3901 549 3951 61
570 3896 691 3953 Johann.
715 3915 739 3952 6.
762 3904 793 3968 3,
823 3918 848 3956 v.
870 3904 918 3956 29:
944 3902 973 3952 61
1002 3895 1054 3949 hac
1084 3896 1190 3951 ratione
1217 3897 1244 3949 in
1273 3894 1469 3949 1616611661ᾱί6
1496 3904 1524 3949 61
1550 3896 1776 3951 miserationibus

89 3983 148 4046 Qui
173 3983 254 4036 habet
283 4000 427 4051 epronsam,
454 4000 572 4052 6166666
605 3991 661 4051 est,
691 3984 799 4039 amicas
828 3993 919 4040 autern
944 3984 999 4038 siti
1016 4000 1077 4037 eam
1095 3984 1268 4052 desponsare
1284 3989 1381 4053 posset
1396 3981 1459 4037 an.
1481 3987 1505 4051 2,
1523 4000 1548 4037 v,
1570 3988 1609 4039 19.
1637 3982 1776 4040 Luthents

84 4070 192 4141 sponsi,
208 4067 260 4139 661
266 4076 322 4123 stat
339 4078 366 4123 et
384 4069 465 4123 audit
479 4084 549 4137 eam,
564 4071 670 4139 paedia
683 4073 789 4138 pesistat
799 4081 920 4144 propter
944 4076 1011 4126 tom.
1030 4076 1055 4125 2.
1092 4069 1206 4124 Jenens.
1227 4066 1357 4123 German.
1377 4067 1425 4124 tol.
1451 4073 1515 4123 tte:
1542 4066 1776 4140 2616611116111

85 4173 181 4212 vacem
204 4157 307 4225 sponsi.
351 4154 537 4226 Pannymphi
573 4174 627 4211 non
654 4156 758 4213 debent
781 4158 833 4213 sibi
856 4160 918 4230 ipsi,
946 4154 1454 4227 111111666161661111111116116116
1476 4154 1629 4224 inantea,
1651 4155 1700 4211 1616
1720 4157 1776 4213 tint

85 4242 136 4298 sed
170 4258 271 4313 sponso
301 4256 429 4312 sponsam
462 4241 603 4296 devincire
637 4250 667 4298 et
699 4244 849 4313 adducere3
879 4248 919 4303 616
944 4244 1035 4300 necat
1054 4242 1103 4298 11111
1120 4242 1202 4311 161661
1224 4240 1393 4311 1111611666,
1410 4240 1461 4310 bat
1481 4240 1519 4295 tn
1529 4241 1619 4297 1116111
1629 4243 1703 4311 111161
1723 4244 1775 4298 nub

85 4328 207 4384 16161616
239 4328 371 4383 ecclesiae
401 4345 455 4383 non
487 4335 588 4400 gerant
614 4345 645 4385 se
674 4348 724 4400 pro
748 4333 856 4402 sponsis
875 4350 918 4389 ec-
944 4326 1774 4399 126616616116661666666162611611111611661661161

23 4424 70 4467 sta
83 4414 202 4483 clasiae,
230 4413 303 4485 qnod
336 4413 404 4468 iacit
431 4430 505 4486 papa
533 4415 687 4486 Romanus,
729 4418 779 4473 sed
809 4418 919 4475 christo
944 4415 1427 4486 66116616666616166161661616
1448 4414 1496 4470 tm
1516 4413 1774 4483 11166166161616

83 4517 215 4573 mansam
244 4499 391 4556 concilient
420 4508 448 4556 et
478 4502 513 4556 66
548 4501 631 4557 tidem
663 4505 837 4577 conjugalem
867 4507 918 4578 ipsi
944 4503 987 4558 16
1005 4503 1106 4571 hirnia
1134 4507 1192 4557 1666
1211 4501 1367 4569 66111611,
1393 4498 1775 4557 661161616661116111666

84 4588 251 4644 servandam
279 4604 339 4643 eam
368 4586 553 4644 exhortentur.
604 4588 652 4644 Ad
679 4589 918 4662 desponsationem
946 4589 1107 4657 1612116116
1127 4587 1186 4642 uili.
1227 4590 1251 4639 3.
1275 4588 1308 4639 ln
1327 4584 1480 4639 debitcmsm
1500 4587 1659 4653 officioram
1679 4604 1775 4659 ereps-

83 4672 235 4746 reqniritur
253 4674 397 4745 utriusque
415 4674 735 4745 pmtiscontrahentium
748 4677 919 4734 voluntarius
944 4675 1071 4729 ctationc.
1122 4672 1244 4742 Sponsus
1273 4690 1290 4727 a
1323 4688 1425 4743 sponsa
1451 4688 1502 4726 sua
1530 4671 1646 4743 requirit
1673 4680 1702 4728 et
1729 4692 1774 4729 er-

81 4776 250 4823 censensns3
266 4758 306 4814 sic
324 4762 440 4829 6666ιί6
454 4769 494 4813 eet
508 4768 615 4831 tempus
627 4780 753 4816 ancoram
767 4762 867 4820 Erech.
879 4770 918 4835 16,
944 4767 1052 4832 spectat
1072 4759 1242 4829 reciprocum
1257 4774 1386 4827 amorem,
1400 4757 1571 4822 fidelitatem,
1589 4758 1773 4816 obedientiam

81 4865 110 4904 v.
145 4845 315 4902 6666166116
343 4845 387 4900 hic
417 4863 533 4917 sponsus
561 4848 646 4901 ambit
678 4850 790 4903 animas
807 4859 918 4906 nostras
944 4852 997 4903 etc.
1029 4844 1126 4899 eadem
1157 4861 1174 4898 6
1206 4842 1286 4899 nobis
1314 4843 1441 4899 coelestis
1472 4859 1589 4914 sponsus
1626 4853 1773 4917 exspectat.

81 4932 148 4989 Osa
178 4936 209 4997 6,
238 4950 264 4986 v.
296 4937 318 4987 1.
371 4930 405 4985 16
438 4932 649 5003 desponsatione
674 4934 774 4989 dantur
803 4938 917 5007 ar'rhae3
944 4933 1066 5005 Sponsus
1084 4936 1128 4987 est
1145 4947 1263 5003 sponsae
1282 4947 1349 4987 suae
1368 4938 1459 5001 616161,
1479 4930 1518 4984 sic
1539 4935 1567 4986 et
1587 4930 1712 4988 Christus
1730 4950 1774 4989 ec-

80 5018 212 5075 Christns
237 5034 255 5072 a
280 5016 361 5072 nobie
385 5017 488 5089 accipit
512 5018 620 5073 arrham
646 5018 783 5076 hnmanae
801 5029 918 5081 naturae
943 5019 1043 5077 clesiac
1062 5017 1164 5090 Ephes.
1185 5026 1209 5084 5,
1227 5036 1251 5070 v.
1273 5022 1312 5073 23.
1338 5020 1417 5088 Erpa
1436 5025 1468 5069 at
1486 5017 1617 5071 mulieres
1628 5020 1699 5073 airis
1710 5030 1774 5075 sant

80 5112 113 5163 et
131 5105 220 5161 donat
237 5103 317 5159 nobis
337 5103 446 5158 arrham
467 5104 587 5176 Spiritus
599 5106 697 5176 666611,
717 5108 917 5182 2061161111,
942 5106 1150 5177 subjectanea
1170 5113 1196 5160 et
1214 5106 1331 5160 ecclesia
1354 5105 1465 5159 Christo
1481 5105 1517 5157 sit
1536 5105 1661 5174 sesbjeeta
1686 5123 1712 5161 v.
1733 5114 1773 5163 22.

78 5210 107 5249 v.
127 5197 170 5248 22.
205 5190 308 5263 Ephes.
336 5198 364 5261 1,
396 5209 421 5243 v.
450 5197 488 5247 14.
539 5191 573 5246 16
598 5191 810 5263 desponsatione
833 5205 917 5267 pacta
944 5195 1052 5265 Sponsa
1076 5192 1214 5248 desiderat
1238 5192 1332 5263 sponsi
1358 5190 1400 5246 sni
1422 5190 1589 5259 adventum,
1619 5194 1659 5247 sic
1685 5200 1714 5249 et
1730 5210 1774 5250 res

77 5276 364 5345 contemnentem
394 5277 433 5332 sic
456 5276 485 5331 in
503 5276 640 5349 spirituali
666 5279 795 5351 conjugio
818 5281 916 5339 ioedns
942 5299 972 5337 se
995 5279 1079 5336 habet
1104 5279 1132 5334 16
1157 5279 1293 5351 spirituali
1312 5278 1364 5333 hac
1388 5277 1615 5349 desponsatione.
1650 5278 1773 5349 Spiritus

75 5371 225 5424 6616166111
247 5362 324 5418 Deus
355 5380 418 5418 cum
449 5380 551 5435 sponsa
582 5380 632 5420 sna
662 5365 721 5435 init,
740 5366 843 5422 desem.
875 5374 915 5439 31,
943 5375 969 5422 61
997 5385 1101 5437 epam
1130 5367 1239 5434 dicant,
1267 5366 1332 5418 ceni
1349 5364 1434 5435 Apoc.
1461 5370 1509 5429 22,
1543 5383 1568 5418 v.
1597 5370 1635 5420 tr.
1685 5368 1710 5420 t.
1736 5365 1772 5418 ln

74 5474 103 5510 v,
123 5457 167 5511 33.
203 5451 287 5508 216
306 5451 461 5505 dilectione.
496 5450 573 5507 Inter
591 5469 720 5523 sponsum
739 5457 768 5506 et
786 5442 916 5524 sponsam
941 5454 1105 5524 meptiamem
1121 5453 1354 5522 praeparatione.
1384 5451 1506 5522 Sponsus
1519 5450 1630 5506 tandem
1643 5466 1771 5521 sponsam

73 5546 121 5599 est
150 5554 230 5595 amor
259 5537 467 5593 616661166111166
495 5543 518 5592 2.
538 5538 659 5596 Samuel.
691 5544 719 5601 1,
751 5556 776 5594 v.
808 5546 849 5597 26.
876 5542 916 5597 ita
942 5557 1020 5595 suam
1043 5538 1072 5592 16
1091 5537 1201 5592 domum
1225 5537 1349 5602 deducit,
1376 5537 1486 5607 nuptias
1506 5543 1586 5606 parat
1604 5542 1632 5590 et
1650 5534 1771 5590 omnium
