4028 6030
825 306 1096 373 0000000000.
1432 374 1435 379 ,
1743 331 1803 388 297

105 466 257 536 0000004400
273 474 392 539 propter
410 468 555 537 paudimn,
575 469 652 537 quod
668 467 896 522 homosratueeat
915 466 946 519 tn
972 468 1007 522 ed
1040 471 1162 543 conjugii
1199 475 1345 529 contrariu
1380 474 1547 546 generaliter
1582 476 1622 531 sic
1658 475 1734 532 44040
1761 493 1803 532 re·

104 555 249 608 mandram
294 552 481 624 Hieronymus
500 554 690 625 imprudenter
712 554 794 607 dixit:
822 553 946 622 Nuptiae
968 552 1097 613 feremus.

104 640 217 710 replent
236 647 354 704 4000000,
371 640 521 711 cirpiuitae
540 642 728 709 paradeum,
750 638 825 710 quod
847 643 946 709 postes
1005 646 1064 698 485.
1098 644 1262 713 Pupunntia
1294 645 1418 717 conjugii
1456 648 1579 702 revocari
1614 654 1731 718 possunt
1767 648 1803 703 ad
1817 646 1939 739 {ifflffi

104 724 233 780 monachi
260 725 312 779 sub
337 732 442 797 papatu
468 726 599 797 conjugio
627 725 721 781 odiose
746 729 1088 795 opposuerunt„qustuor
1107 730 1251 802 generales
1275 730 1391 801 classes,
1420 739 1440 789 4.
1460 733 1597 804 quaedam
1628 751 1691 791 cum
1716 752 1803 790 eausa
1816 749 1918 790 semron·

104 810 156 864 sed
181 809 216 864 de
239 810 349 882 piorum
373 812 506 883 conjugio
534 812 637 868 rectius
668 811 783 877 dicitur,
816 810 891 881 quod
914 792 1118 881 etieffieiente,
1137 821 1161 871 2.
1174 800 1312 888 quaedam
1331 834 1394 871 crem
1404 820 1533 883 materia,
1552 823 1577 877 ³.
1590 820 1727 891 quaedam
1740 838 1803 875 cum
1816 803 1855 842 ‘¹¹'

103 902 194 951 terres
213 901 242 951 et
258 898 418 967 paradisum
445 898 575 969 impleat,
602 898 669 970 quie
693 897 773 952 liberi
794 896 823 950 in
845 896 943 950 timore
967 898 1083 969 forma,
1111 907 1137 959 4.
1171 903 1308 972 quaedam
1337 921 1397 958 mem
1423 907 1478 971 tine
1516 906 1643 976 cantapia·
1669 912 1804 977 pugnent

103 980 159 1036 Dei
183 981 295 1037 educati
321 990 387 1039 sunt
411 984 554 1055 plantulae
582 985 718 1055 peradisi,
744 989 810 1038 sunt
839 1000 944 1053 organa
972 989 993 1038 1.
1010 985 1129 1043 Ratione
1146 1005 1249 1042 caueae
1269 990 1436 1057 efficientis:
1461 995 1484 1044 1.
1498 991 1674 1061 principalia
1692 1009 1726 1047 ae
1739 994 1803 1062 pri-

103 1065 238 1122 seluteria
262 1067 395 1125 ecclesiae
416 1077 444 1125 et
472 1069 656 1141 reipublicae,
673 1074 744 1138 {aaut
770 1070 890 1137 sapittoe
912 1014 1085 1142 iu'mars'ne,
1101 1090 1174 1144 quae
1192 1082 1235 1129 eet
1246 1075 1332 1140 Deus,
1350 1075 1533 1131 adversentur
1551 1076 1700 1148 conjugio:
1720 1084 1740 1134 1.
1755 1078 1805 1133 Vi·

103 1170 191 1206 mcna
204 1155 328 1222 potentie
354 1153 459 1212 Psalm.
485 1160 548 1222 423,
575 1173 600 1211 r.
628 1163 651 1211 5.
694 1159 719 1211 6.
740 1156 941 1227 Exemplorum
967 1158 1155 1227 tuperationes
1176 1166 1205 1215 et
1215 1159 1410 1215 insectationes
1422 1168 1481 1216 tum
1494 1162 1584 1218 sancti
1595 1163 1678 1233 hujus
1691 1165 1803 1233 ordinis,

103 1239 293 1294 collationem.
334 1239 439 1295 Rachel
466 1248 526 1297 eret
553 1241 601 1311 pia
631 1246 660 1296 et
684 1246 782 1295 sancta
806 1245 940 1307 metrone,
967 1246 1025 1295 tum
1048 1261 1129 1300 sexus
1143 1245 1285 1300 muliebris
1298 1263 1316 1300 a
1330 1245 1482 1317 gentilibus
1497 1248 1803 1305 extraecclesiamcou·

103 1324 215 1380 interim
232 1330 329 1395 partus
349 1325 490 1381 doloribus
508 1326 665 1381 succumbit
683 1343 716 1381 ac
735 1325 851 1380 moritur
868 1325 939 1381 (len.
953 1302 1070 1383 irritatis
1080 1331 1229 1400 profectae.
1241 1336 1264 1385 2.
1278 1331 1392 1387 Errores
1401 1338 1429 1386 et
1438 1333 1643 1389 criminationes
1654 1334 1803 1390 haeretico·

104 1415 129 1477 5,
143 1427 169 1463 r.
191 1414 233 1465 ts.
257 1410 310 1464 hoc
330 1410 486 1480 exemplum
509 1411 659 1481 respiciant
680 1410 815 1466 honestae
840 1414 940 1464 matro-
953 1384 956 1465 Ι
968 1431 1028 1468 rum
1051 1415 1082 1470 iu
1100 1415 1231 1485 ecclesie,
1248 1416 1348 1488 quihus
1362 1417 1526 1490 dignitatem
1537 1420 1661 1493 conjugii
1672 1438 1690 1475 e
1709 1419 1805 1475 divine

102 1510 165 1558 nee,
183 1494 285 1566 quibus
305 1495 413 1551 dolores
439 1496 481 1551 illi
504 1503 620 1552 mortem
639 1497 781 1551 minantur
798 1500 882 1568 etque
901 1497 940 1549 iu·
967 1500 1141 1556 institutione
1164 1502 1245 1557 unice
1275 1502 1479 1573 dependentem
1505 1505 1718 1562 labefactarunt.
1760 1506 1803 1561 De

102 1578 207 1641 ferunt,
243 1578 409 1650 Cumprimis
427 1598 492 1637 vero
510 1581 650 1636 Christum
666 1581 825 1652 respiciant,
844 1582 892 1653 qui
910 1581 939 1635 in
966 1586 1090 1656 utrisque
1114 1587 1232 1641 diximus
1250 1588 1377 1658 superius
1402 1605 1464 1661 cap.
1485 1597 1509 1647 4.
1534 1597 1644 1647 00044.
1689 1598 1713 1648 ³.
1732 1591 1801 1646 Pro-

101 1680 186 1719 cruce
202 1664 230 1719 in
249 1666 362 1721 summis
380 1666 463 1721 animi
482 1672 510 1722 et
524 1667 646 1737 corporis
660 1667 797 1737 angustiis
815 1671 1064 1727 mortuus=hibitio
1096 1672 1234 1744 conjugii,
1263 1691 1319 1744 que
1349 1692 1424 1746 pepe
1448 1681 1573 1732 veterum
1601 1676 1802 1733 haeretieorum

101 1754 155 1818 est,
171 1766 236 1805 cum
253 1768 304 1806 nos
321 1751 358 1806 ed
375 1752 461 1806 vitam
480 1758 620 1808 aeternam
633 1758 847 1823 regeneraturus
865 1753 941 1807 selu·
953 1716 956 1802 Ι
967 1758 1093 1829 vestigiis
1110 1759 1241 1813 insistens
1261 1761 1451 1815 sacerdotibus
1466 1768 1494 1816 et
1514 1763 1584 1828 aliis,
1606 1764 1713 1819 etiamsi
1730 1763 1803 1818 dono

100 1842 158 1890 tem
178 1841 301 1892 00040000
312 1842 457 1907 operetur.
968 1845 1153 1900 continentiae
1171 1862 1226 1899 non
1239 1845 1295 1900 sint
1312 1845 1450 1912 instructi,
1468 1848 1642 1905 matrimonio
1654 1849 1803 1919 interdicit,

967 1947 1031 1985 cum
1054 1936 1147 1986 400000
1164 1931 1230 2001 jure
1254 1931 1347 1986 diuino
1366 1932 1492 1987 omnibus
1515 1933 1678 2001 (observatis
1696 1936 1803 1991 scilicet

416 2028 623 2038 --····-
969 2015 1080 2072 diuinae
1099 2016 1280 2073 institutionis
1303 2018 1423 2089 legibus)
1448 2018 1485 2073 ad
1499 2018 1569 2084 illud
1589 2025 1684 2091 pateat
1700 2021 1802 2084 aditus,

967 2102 1042 2158 unde
1062 2104 1203 2173 apostolus
1217 2102 1433 2174 prohibitionem
1452 2104 1528 2160 illam
1542 2112 1624 2161 vocat
1642 2107 1801 2161 doctrinam

51 2187 88 2228 ·¹·
386 2177 452 2239 ΟΔ
472 2178 496 2238 P
514 2179 543 2238 ΙΙ
561 2180 585 2237 Τ
617 2179 656 2239 X·
968 2189 1181 2243 daemoniorum
1213 2189 1326 2246 t.'1¹irn.
1345 2196 1374 2251 4.
1397 2207 1423 2245 r.
1444 2195 1466 2246 l.
1491 2190 1638 2261 quiscum
1657 2191 1722 2246 telis
1738 2209 1801 2262 pro-

966 2274 1065 2329 hibitio
1104 2275 1142 2329 sit
1177 2275 1287 2330 divinae
1326 2275 1448 2347 conjugii
1490 2276 1659 2331 institutioni
1697 2278 1801 2333 directe
1903 2274 1929 2339 ,¹

100 2332 169 2397 DE
212 2332 595 2400 PUGNANTIBUS
646 2333 767 2400 SIVE
809 2333 938 2399 CON·
967 2360 1108 2429 opposita,
1134 2360 1197 2416 ideo
1224 2378 1280 2415 nou
1308 2368 1400 2430 potest
1423 2360 1461 2415 eh
1483 2360 1537 2416 alio
1564 2363 1801 2434 quameDeiet

145 2435 303 2501 'PRARI
310 2435 359 2502 IS
394 2435 658 2502 OONJUGIO
696 2435 896 2501 ADVER·
966 2446 1139 2500 sanctionum
1164 2445 1318 2500 divinarum
1347 2445 1505 2501 adversario
1529 2447 1665 2518 originem
1682 2451 1799 2507 trahere.

384 2538 407 2604 S
415 2536 657 2604 ANTIBUS·
967 2529 1010 2586 De
1040 2530 1092 2584 hac
1119 2530 1317 2601 prohibitione,
1341 2537 1478 2603 quatenus
1501 2532 1635 2587 ecclesiae
1660 2535 1799 2589 ministros

965 2617 1114 2682 concernit,
1133 2616 1240 2688 egimus
1258 2616 1286 2670 in
1299 2621 1376 2672 tract
1392 2616 1427 2673 de
1440 2617 1591 2673 ministerio
1605 2635 1628 2673 0.
1649 2626 1674 2677 t.
1693 2627 1760 2676 sect.
1774 2626 1798 2676 2.

51 2725 73 2754 r·
138 2710 198 2761 484.
232 2705 417 2776 Exposuimus
430 2705 565 2760 hactenus
578 2707 717 2776 adjuncta
734 2706 793 2761 sire
810 2711 937 2778 upooxst-
965 2707 1102 2773 quatenus
1121 2718 1253 2773 personas
1280 2702 1349 2756 eliae
1376 2702 1448 2757 dono
1475 2703 1662 2761 continentiae
1681 2723 1737 2761 uon
1757 2707 1797 2759 in·

51 2777 87 2863 ff„
101 2808 175 2863 μενα
187 2791 314 2863 conjugii
325 2797 386 2846 tum
398 2791 602 2857 inchoati,tum
615 2794 812 2863 0000000004,-
825 2793 939 2849 400000-
964 2795 1083 2843 sauctae
1102 2791 1223 2859 spectet,
1253 2787 1282 2840 in
1310 2788 1491 2859 sequentibus
1519 2790 1554 2843 de
1572 2806 1606 2845 ee
1624 2791 1799 2847 tractabitur.

102 2876 224 2932 dandum
243 2895 325 2949 porro
344 2878 396 2933 erit
414 2880 450 2933 04
468 2879 592 2949 ejusdem
616 2881 777 2950 pupnamia
797 2879 856 2935 sire
875 2897 938 2934 con·
965 2883 989 2932 4.
1006 2874 1161 2931 Detestatio
1185 2874 1370 2929 secundarum
1393 2876 1555 2946 nuptiarum
1581 2892 1599 2932 a
1621 2877 1798 2933 Montanistis

101 2965 205 3018 traria.
254 2963 387 3029 Quemvis
420 2965 494 3021 enim
531 2966 699 3037 quibusdem
735 2966 863 3021 rideatur
902 2969 937 3020 de
964 2961 1099 3033 originem
1140 2960 1257 3029 ducens,
1291 2960 1326 3015 de
1361 2977 1418 3032 qua
1447 2962 1504 3017 lete
1534 2963 1642 3035 egimus
1673 2963 1800 3033 superius

101 3050 232 3118 copretis
245 3050 321 3122 prius
334 3050 473 3122 egendum
486 3068 553 3120 esse,
571 3058 722 3125 antequam
733 3053 769 3106 04
783 3051 938 3124 pugnantia
963 3049 1047 3119 capit.
1077 3053 1101 3102 5.
1127 3045 1240 3101 membr.
1266 3053 1289 3102 1.
1331 3052 1356 3105 2.
1379 3047 1498 3103 Ratione
1521 3065 1623 3103 caueae
1648 3050 1800 3118 efficientis
1908 3098 1911 3103 .

99 3135 234 3191 4000404400
256 3135 319 3205 fiat,
345 3142 468 3193 attamen
495 3156 557 3193 cum
583 3140 689 3208 omnia,
717 3155 788 3208 quae
819 3138 855 3193 ab
882 3138 937 3192 illis
962 3134 1190 3188 semsndariaeet
1205 3134 1394 3206 propinquae,
1411 3141 1537 3205 quaeest
1550 3134 1699 3206 legitimus,
1718 3135 1798 3204 liber,

98 3220 263 3290 efferuntur,
281 3222 326 3278 rel
337 3222 367 3276 in
378 3224 610 3293 praecedentibus
625 3225 684 3294 jam
699 3230 764 3279 ente
781 3224 837 3278 sint
855 3239 937 3294 expo·
961 3219 1061 3292 plenus
1087 3236 1121 3273 ac
1141 3219 1235 3289 justus
1263 3225 1323 3273 tum
1341 3220 1462 3290 partium
1480 3220 1714 3289 contrahentium,
1735 3226 1795 3275 turn

98 3307 161 3378 site,
180 3307 225 3362 004
237 3308 274 3363 04
286 3308 427 3365 0004το040
439 3309 542 3364 rectius
551 3308 715 3379 referantur,
733 3309 796 3364 ideo
808 3310 935 3363 insisten-
962 3321 1065 3375 eorum,
1079 3305 1237 3376 inquorum
1251 3312 1389 3375 potestate
1403 3311 1477 3377 sunt,
1495 3324 1654 3374 consensus,
1671 3314 1800 3380 pugnant

97 3399 141 3449 tes
159 3393 250 3449 ordini
276 3393 305 3448 in
329 3400 451 3450 40004040
473 3397 509 3449 de
526 3395 682 3449 ministerio
703 3396 892 3449 ecclesiastico
909 3401 936 3447 ct
962 3408 1025 3446 cum
1052 3391 1184 3462 conjugio
1210 3397 1232 3447 1.
1259 3407 1334 3446 error
1355 3391 1577 3463 Pontificiorum,
1603 3410 1658 3466 quo
1684 3397 1798 3466 negant,

100 3481 271 3550 mops'etrata
282 3481 404 3549 politico
423 3479 558 3535 hacteuus
579 3479 724 3536 observato
743 3479 780 3535 ab
797 3480 937 3549 adjunctis
963 3493 1127 3533 consensum
1150 3482 1300 3547 parentum
1322 3476 1351 3531 iu
1370 3478 1476 3549 nuptiia
1499 3478 1618 3534 liliorum
1642 3479 1797 3535 necessario

99 3565 137 3620 ad
156 3566 312 3635 pugnantis
337 3553 415 3621 recta
440 3565 638 3637 progredimur
661 3566 715 3622 ria.
752 3567 798 3620 Ad
818 3573 937 3637 cognata
963 3563 1079 3634 requiri,
1105 3562 1141 3617 40
1171 3580 1227 3634 000
1243 3562 1300 3618 1040
1317 3565 1425 3634 egimus
1448 3579 1508 3635 cap.
1526 3572 1549 3621 4.
1573 3569 1640 3620 sect.
1660 3571 1683 3622 2.
1700 3570 1751 3620 ert.
1773 3572 1796 3622 1.

98 3650 239 3721 pertinere
270 3657 384 3706 0000004
413 3656 437 3706 1.
470 3652 582 3721 rels'qua
621 3654 678 3705 duo
715 3653 790 3706 citae
823 3669 935 3721 penora,
964 3655 990 3706 2.
1009 3648 1117 3716 Omnia,
1134 3665 1206 3720 quae
1225 3649 1270 3704 rel
1285 3649 1386 3719 judicii
1406 3649 1567 3721 integritati,
1585 3649 1630 3704 rel
1648 3651 1798 3705 voluntatis
1861 3695 1865 3702 .

101 3737 320 3791 ecclesiasticum
341 3736 448 3791 scilicet
465 3743 493 3791 et
510 3735 670 3807 politicum,
694 3754 757 3793 cum
774 3738 875 3810 quibus
895 3753 937 3792 re·
963 3735 1087 3791 libertati
1104 3735 1140 3789 ed
1158 3733 1312 3806 legitimum
1334 3751 1367 3788 00
1389 3734 1506 3789 liberum
1525 3751 1688 3791 consensum
1704 3737 1797 3807 requi-

100 3828 200 3894 spectu
218 3838 319 3877 causae
337 3821 482 3878 efficientis
501 3821 665 3893 principalis
690 3840 722 3878 ac
741 3823 804 3877 finis
821 3840 937 3894 genera-
964 3822 1035 3876 sitae
1052 3821 1247 3888 adversentur,
1271 3824 1369 3890 utpote
1391 3824 1520 3890 respectu
1541 3820 1641 3891 prioris
1663 3821 1798 3893 requisiti,

98 3908 134 3963 lis
152 3907 221 3962 ordo
244 3907 433 3962 oeconomicus
460 3908 654 3978 cognationem
679 3908 800 3978 aliquem
819 3908 935 3977 obtinet,
964 3925 1047 3972 error,
1066 3906 1156 3975 dolus,
1167 3905 1295 3975 ebrietas,
1314 3905 1438 3974 fatuitas,
1456 3904 1549 3976 iuror3
1566 3914 1695 3977 respectu
1706 3914 1797 3977 poste·

99 3991 195 4049 differt
212 3998 305 4047 eutem
329 3993 365 4047 ab
384 3992 483 4047 iisdem
506 3991 597 4047 forma
621 4000 650 4048 et
672 3991 726 4047 fine
746 3993 860 4063 speciali
878 3995 936 4049 sive
963 3994 1056 4064 rioris,
1081 3992 1180 4055 minae,
1204 3993 1298 4063 justus
1321 3996 1410 4045 metus
1429 3997 1456 4045 et
1475 3991 1595 4047 violente
1613 3993 1737 4061 0000440,
1760 3993 1796 4048 04

98 4077 232 4150 proximo.
257 4078 322 4133 ¹tled
347 4076 382 4132 40
406 4078 460 4133 huc
485 4078 681 4134 convenientia
704 4086 732 4134 et
750 4079 935 4149 discrepantia
963 4097 1047 4152 quam
1070 4077 1192 4149 pertinet
1209 4082 1320 4147 raptus,
1350 4075 1385 4131 40
1416 4075 1518 4147 quihus
1547 4075 1651 4132 ibidem
1678 4077 1796 4132 diximus

97 4164 222 4235 conjugii
241 4180 303 4218 cum
323 4163 437 4235 reliquis
460 4164 550 4218 tribus
568 4164 732 4220 hierarchiis
749 4165 777 4219 in
795 4166 935 4235 prooemio
963 4173 1013 4222 art
1033 4171 1057 4222 2.
1094 4169 1117 4220 3.
1138 4163 1256 4218 Ratione
1273 4178 1376 4216 causae
1396 4161 1597 4232 concedentis,
1622 4165 1797 4233 disponentis

51 4253 84 4295 Α.
98 4249 184 4319 hujus
200 4248 254 4303 loci
272 4248 377 4303 dictum
395 4247 463 4315 fuit,
492 4256 627 4321 quantum
646 4249 757 4304 sufficit.
798 4254 825 4304 2.
847 4251 935 4321 Spon-
963 4271 997 4307 ac
1011 4251 1231 4322 praeparantis,
1254 4264 1326 4320 0000
1351 4253 1416 4302 0004
1434 4248 1587 4318 sponsalia,
1613 4248 1797 4304 adversantur

97 4335 189 4399 ralia,
212 4350 283 4406 0000
307 4341 373 4390 0004
398 4335 502 4390 mentio
525 4350 558 4389 ec
581 4337 757 4406 repromissio
779 4336 934 4392 futurarum
962 4336 1093 4408 conjugio
1111 4333 1257 4390 temeraria
1273 4332 1406 4405 repudia,
1432 4331 1626 4389 dissolutiones
1644 4333 1795 4403 sponsalio-
1818 4366 1823 4375 ·

97 4420 273 4491 nuptiarum,
298 4421 334 4476 de
351 4437 468 4493 quorum
489 4438 551 4476 cum
571 4422 677 4492 nuptiis
696 4421 890 4477 convenientia
907 4429 935 4477 04
961 4440 1022 4477 rum
1039 4420 1145 4491 absque
1164 4419 1330 4475 auctoritate
1348 4417 1528 4490 magistratus
1546 4423 1575 4473 et
1590 4418 1696 4489 absque
1709 4419 1795 4487 justis

97 4506 397 4578 discriminesuperius
415 4523 438 4562 0.
449 4513 473 4563 4.
493 4513 559 4563 0004.
573 4512 597 4562 3.
611 4508 715 4563 dictum
727 4507 788 4563 fuit.
820 4511 848 4563 3.
863 4509 934 4562 Oen·
961 4515 989 4562 et
1006 4505 1207 4562 srrfficientihus
1227 4503 1318 4559 causis
1331 4504 1482 4572 4004440400,
1501 4503 1536 4559 40
1554 4503 1656 4574 quibus
1674 4502 1793 4559 diximus

97 4593 259 4647 castinacum
278 4593 344 4663 jure
368 4592 444 4647 civili
462 4593 519 4648 eive
543 4593 668 4649 4400ιοοο
685 4593 803 4665 pristino
822 4611 933 4650 conces·
960 4611 984 4649 c.
1003 4602 1028 4651 4.
1049 4596 1113 4647 sect.
1132 4596 1155 4647 3.

97 4696 170 4747 sum,
187 4677 237 4733 sed
250 4695 312 4733 curn
324 4677 526 4733 concubinatus
538 4679 665 4749 pluribus
677 4680 765 4733 modis
778 4681 934 4751 aconjugio
995 4684 1054 4736 486.
1100 4684 1123 4733 2.
1147 4677 1266 4732 Ratione
1286 4677 1422 4731 materiae
1447 4681 1556 4747 pugnet
1578 4692 1640 4730 curn
1663 4676 1794 4748 conjugio
1805 4681 1931 4781 {mm

97 4763 211 4819 differat
241 4763 388 4835 eidemque
425 4763 603 4830 adversetur,
639 4765 703 4820 ideo
741 4766 933 4837 pugnantibus
965 4773 985 4821 1.
1005 4763 1165 4836 polygamia
1184 4762 1362 4827 simultenea,
1387 4761 1499 4832 quando
1524 4760 1568 4815 vel
1587 4767 1659 4814 unus
1677 4763 1793 4817 meritus

96 4848 201 4906 rectius
226 4850 426 4907 accensebitur.
469 4849 568 4921 Neque
592 4852 665 4904 euim
691 4851 720 4904 in
748 4850 934 4908 concubinatu
960 4851 1053 4922 plures
1071 4866 1183 4912 uxores,
1211 4849 1255 4903 vel
1279 4865 1335 4903 una
1359 4856 1429 4902 uxor
1453 4846 1547 4917 plures
1564 4847 1678 4901 maritos
1696 4848 1793 4904 eodem

96 4937 269 4990 conmenta
293 4937 367 4990 vitm
394 4936 558 5005 indiuidua,
589 4952 640 4990 nec
667 4938 836 4991 uomentium
852 4939 934 5006 juria
960 4943 1084 5007 tempore
1110 4935 1207 5002 habet,
1235 4950 1307 5004 quae
1330 4933 1466 5003 posterior
1490 4931 1665 5004 polygamiae
1685 4935 1793 5006 species

96 5029 155 5074 tem
171 5022 288 5076 humani
306 5039 390 5092 msam
408 5022 513 5090 diuini,
535 5037 586 5076 nec
610 5024 823 5077 communicatio
842 5041 932 5080 rerum
960 5039 1016 5077 non
1056 5027 1165 5076 tautum
1208 5020 1364 5091 primaevae
1400 5018 1524 5089 conjugii
1563 5018 1730 5075 institutioni
1765 5028 1793 5076 et

94 5112 125 5162 04
149 5104 327 5177 facultatum,
351 5125 403 5163 uec
428 5107 548 5163 filiorum
568 5107 648 5177 Justa
675 5107 814 5163 hereditas
841 5108 932 5166 locum
960 5106 1178 5162 Christianorum
1204 5105 1314 5177 legibus
1331 5104 1360 5158 in
1377 5104 1413 5160 N.
1432 5103 1466 5159 Τ.
1484 5107 1516 5158 04
1532 5103 1620 5173 prior,
1638 5105 1688 5162 sed
1708 5106 1791 5162 etiarn

95 5192 192 5262 habet,
210 5210 284 5265 quae
302 5195 394 5249 omnia
412 5194 448 5249 ad
467 5210 561 5249 verum
580 5199 711 5248 atratum
730 5195 932 5251 matrimonium
960 5192 1088 5249 omnibus
1122 5192 1244 5247 omnium
1279 5189 1403 5261 gentium
1443 5188 1552 5260 legibus
1592 5195 1621 5245 et
1658 5191 1791 5247 institutis

94 5279 246 5351 pertinent.
281 5286 306 5336 4.
329 5281 510 5337 Coelibatum.
550 5279 687 5337 Scdcum
704 5278 885 5349 plurimorum
904 5283 932 5336 in
959 5284 1108 5350 repugnat.
1154 5277 1198 5331 De
1222 5293 1255 5332 ee
1271 5275 1378 5347 egimus
1402 5276 1528 5346 superius
1547 5292 1571 5332 0.
1591 5283 1614 5331 5.
1633 5277 1747 5333 membr.
1770 5281 1791 5331 4.

92 5372 202 5438 papatu
225 5366 379 5421 coelibatus
404 5367 441 5421 sit
461 5373 574 5422 coactus
601 5372 629 5420 et
646 5365 785 5436 impurus,
812 5383 931 5439 cumque
960 5370 983 5422 2.
1003 5364 1143 5432 Incestus,
1168 5362 1216 5433 qni
1235 5368 1278 5416 est
1300 5361 1461 5430 conjunctio
1487 5360 1635 5432 illegitime
1652 5362 1682 5414 in
1698 5359 1790 5432 gredi·
1803 5361 1860 5404 141·
1873 5362 1895 5406 ⁸·

92 5452 249 5508 coelibatus
272 5459 301 5508 et
320 5453 479 5526 conjugium
504 5453 532 5507 in
558 5467 614 5508 uno
635 5451 787 5523 eodemque
804 5453 932 5523 subjecto
958 5452 1011 5507 bus
1035 5447 1284 5520 consanguinitatis
1308 5445 1514 5515 velaffinitutir
1537 5447 1631 5501 divino
1644 5447 1709 5517 jure
1728 5462 1791 5515 pro·

91 5536 178 5595 simul
214 5537 363 5596 consistere
397 5545 552 5612 nequeant,
591 5538 655 5598 ideo
693 5538 782 5611 ipsum
821 5556 931 5613 000000
958 5536 1069 5607 bibitis,
1094 5552 1127 5594 ex
1144 5550 1179 5593 eo
1202 5533 1244 5590 sie
1261 5534 1368 5606 dietus,
1397 5533 1473 5608 quod
1499 5537 1576 5590 certo
1601 5537 1710 5602 000004,
1737 5530 1792 5589 4044
