4020 6022
229 318 269 375 44
813 309 935 369 Locus
951 306 1155 368 wensinus
1176 308 1346 374 QUINTUS

224 465 357 534 ponentis
369 472 514 520 contractu
531 464 616 520 imus
632 479 691 520 aare
702 471 730 520 et
737 472 871 536 parentes
888 480 924 520 eo
940 458 1184 543 rataoeliptiois,
1216 463 1303 519 multo
1326 463 1415 518 minus
1440 463 1475 519 de
1497 462 1659 535 parentibus
1677 464 1806 533 moraris,
1842 464 1925 537 qnasi

226 551 312 604 irrs'tc
322 552 427 619 saorra
440 570 532 626 paese.
556 550 657 608 Gloeea
672 550 702 607 in
715 568 741 609 c.
758 551 856 608 mulier
868 557 921 607 etc.
935 551 998 607 diet
1017 555 1059 607 32.
1086 549 1195 605 illorum
1211 551 1294 606 etiam
1318 567 1467 606 consensus
1492 566 1509 605 a
1531 550 1612 605 nobie
1637 549 1763 605 absolute
1781 554 1925 606 etatmtur

226 652 252 709 q.
263 643 288 694 2.
303 636 379 708 dicit,
390 641 517 708 patriam
524 645 691 711 potestatem
702 639 777 695 solui
783 640 948 694 adveniente
960 638 1061 692 canta
1085 636 1265 705 necessarius,
1286 637 1357 692 sicut
1374 637 1541 710 quibusdam
1559 637 1713 693 Pontificiis
1731 637 1777 691 hic
1794 637 1923 692 cavillari

227 731 320 779 anate
358 727 456 795 quoad
470 727 663 797 juramentum
687 733 714 782 et
735 727 956 795 matrimonium,
986 724 1060 797 quod
1084 721 1169 778 lubet.
1201 723 1406 796 Distinguimue
1430 724 1502 780 enim
1526 724 1599 780 inter
1622 729 1773 795 parentes;
1805 723 1923 797 qnidam

226 810 341 883 quidam
358 829 478 869 canones
495 818 641 885 pareutum
664 829 828 869 eonsensum
845 813 1004 886 requirunt,
1030 811 1059 866 id
1085 826 1135 881 per
1154 815 1270 866 namree
1284 809 1382 864 vitium
1408 810 1564 866 consentire
1581 826 1638 866 non
1659 817 1793 880 possunt,
1818 817 1851 866 ιιι
1878 810 1924 865 iu·

225 896 1060 973 glossuincduaetc.concensemusimpnbsicexplicet,
1085 896 1158 963 ricei,
1187 895 1327 953 dementes
1351 901 1405 952 etc.
1433 896 1544 968 quidam
1569 913 1603 953 ex
1627 895 1758 962 aranda,
1781 896 1920 971 ἀστοργίᾳ

225 984 391 1040 uolumatem
403 995 555 1056 parentum
571 986 680 1058 requiri
691 989 733 1041 ad
750 989 881 1042 decorum
897 986 1060 1055 nuptiarum
1085 987 1137 1037 etc.
1156 982 1311 1038 consentire
1329 983 1440 1053 nolunt3
1461 983 1573 1054 quidam
1591 1001 1642 1055 per
1660 1000 1754 1039 enum
1772 983 1817 1039 rel
1834 982 1922 1039 infor·

226 1071 318 1140 mapia
341 1088 425 1141 quam
450 1073 626 1140 neceesari05
652 1072 692 1128 ita
715 1079 748 1128 ιιι
772 1073 796 1127 si
819 1077 948 1145 parentes
970 1069 1060 1125 nolint
1084 1068 1193 1123 tunium
1211 1068 1410 1133 excluduntur,
1442 1074 1475 1123 ut
1492 1069 1529 1124 ab
1548 1069 1673 1126 hostibus
1691 1070 1766 1142 capti
1784 1074 1813 1125 et
1830 1069 1860 1124 in
1880 1086 1922 1125 re·

226 1157 398 1225 consentire,
423 1158 474 1213 filii
501 1166 593 1216 tamen
618 1158 676 1214 sint
695 1158 775 1215 liberi
804 1166 833 1215 et
851 1175 901 1232 pro
920 1175 971 1214 eno
988 1156 1059 1212 arbi-
1086 1154 1182 1225 pones
1199 1154 1295 1227 procul
1313 1154 1424 1211 dissitas
1447 1154 1542 1226 delati,
1558 1156 1604 1212 vel
1622 1163 1721 1227 sponte
1739 1172 1773 1212 eo
1789 1155 1920 1228 profecti.

225 1248 301 1299 netu
317 1246 425 1317 possint
441 1247 603 1302 contrahere
622 1245 837 1316 matrimonium,
857 1245 981 1317 quinimo
998 1245 1058 1317 qni-
1084 1241 1128 1297 De
1145 1242 1222 1297 nullo
1235 1242 1350 1298 istorum
1361 1248 1506 1314 parentum
1526 1259 1628 1316 genere
1639 1242 1752 1314 proprie
1770 1242 1816 1299 hic
1834 1258 1922 1314 quac·

227 1329 292 1386 dem
319 1348 439 1388 canones
467 1349 499 1388 eo
523 1331 691 1405 procedunt,
722 1335 756 1386 ut
777 1331 849 1388 inter
870 1339 1008 1403 raptorem
1031 1336 1059 1386 et
1084 1328 1163 1400 ritur,
1182 1328 1231 1383 sed
1252 1327 1286 1383 de
1305 1329 1468 1400 perentibus
1485 1330 1570 1398 vivis,
1588 1347 1656 1386 eene
1673 1335 1765 1386 mente
1782 1329 1920 1401 praeditis

227 1424 335 1489 raptem
363 1418 536 1475 decreverint
556 1435 638 1490 posse
662 1418 725 1473 iniri
751 1418 962 1474 matrimonium.
985 1435 1056 1475 cum.
1083 1420 1113 1469 et
1129 1415 1331 1486 praesentibus,
1350 1432 1467 1488 quorum
1485 1433 1647 1473 consensum
1665 1417 1701 1472 ad
1719 1417 1832 1489 nuptiae
1847 1416 1920 1471 libe·

134 1496 136 1501 ’
225 1519 300 1560 caue.
312 1511 363 1561 etc.
379 1504 415 1560 de
426 1504 559 1576 raptorib.
577 1512 607 1562 et
618 1505 782 1562 incanum:
806 1506 907 1560 Puella
921 1514 1006 1577 rapta
1026 1522 1058 1559 ec
1082 1516 1176 1555 rorum
1195 1499 1312 1555 dicimus
1330 1502 1593 1558 esseneceeearium.
1628 1502 1701 1568 Quid
1723 1503 1818 1559 liberie
1833 1520 1921 1576 agen·

225 1591 344 1646 aedilem
357 1592 454 1662 patrie
472 1592 680 1647 matrimonium
702 1609 764 1647 eum
780 1599 897 1665 raptore
913 1599 1057 1647 contrane·
1085 1587 1159 1656 dum,
1178 1586 1289 1659 quando
1306 1595 1436 1660 parentes
1454 1605 1487 1645 er
1507 1590 1626 1647 avaritia
1637 1590 1791 1647 consentire
1810 1590 1922 1659 nolunt,

224 1685 281 1743 ms,
295 1678 671 1752 pumtnjcencasnnpne
685 1680 835 1749 raecum
854 1695 930 1751 papa
946 1695 1056 1751 respon-
1082 1678 1179 1744 postca
1200 1673 1315 1731 dicetur.
1360 1674 1479 1740 Quando
1505 1682 1638 1748 parentes
1663 1693 1780 1749 peregre
1805 1677 1920 1742 absunt,

225 1761 280 1832 det,
295 1781 356 1818 cum
365 1764 465 1834 puella
476 1767 654 1834 consenserit,
671 1784 728 1822 non
739 1783 824 1838 poeee
835 1767 1056 1838 uideriraptam,
1083 1763 1192 1830 tempus
1228 1759 1338 1817 triennii
1363 1761 1474 1834 legibus
1501 1762 1677 1834 praefinitum
1702 1764 1921 1835 exspectandum

224 1849 342 1922 ideoque
355 1852 559 1909 matrimonium
576 1853 808 1925 pronuntiatam
821 1860 921 1909 ratum,
952 1854 1056 1910 Eadem
1087 1861 1147 1901 esee
1166 1853 1287 1917 censent,
1303 1847 1322 1903 l.
1336 1847 1358 1902 ei
1371 1848 1410 1904 ita
1422 1848 1452 1907 ff.
1467 1849 1502 1904 de
1519 1849 1563 1905 rit.
1582 1849 1705 1921 nuptiar.
1723 1850 1822 1922 quodsi
1842 1849 1920 1906 intra

225 1938 469 2010 eancdo'repetite
486 1939 516 1993 in
535 1939 651 2017 cqncilio
658 1939 827 1996 Tridentino
846 1956 912 1996 ecee.
932 1945 975 1998 24.
995 1956 1018 1995 c.
1032 1946 1056 1997 6.
1083 1932 1154 1987 illud
1173 1951 1228 1988 non
1243 1933 1390 2003 redierint,
1413 1934 1541 1992 ⁸¹1ffi00r0
1556 1936 1673 1992 tacitum
1690 1952 1868 2007 mmmm,
1896 1936 1922 1990 ⁸5

224 2023 273 2080 ubi
294 2024 464 2096 decernitur,
487 2026 516 2080 m·
529 2027 632 2099 puella
656 2035 742 2099 rapta
767 2035 847 2082 mma
863 2028 991 2099 raptori,
1005 2046 1056 2099 1²0·
1083 2018 1235 2075 verisimile
1249 2021 1294 2091 eii,
1313 2020 1457 2088 absentee,
1476 2023 1552 2095 quod
1570 2022 1664 2096 agitur
1678 2022 1723 2078 rel
1740 2023 1846 2079 fectum
1868 2027 1920 2092 eet,

225 2116 347 2166 teutatem
374 2113 522 2167 constitnaa
548 2120 574 2167 ct
597 2114 629 2167 in
652 2113 714 2168 loco
733 2121 793 2169 tneo
813 2114 902 2168 libero
921 2130 1057 2170 commen
1083 2125 1139 2163 non
1156 2107 1364 2179 improbaturoe.
1401 2109 1587 2183 SicJoseph,
1607 2110 1711 2167 Tobiae
1730 2115 1857 2166 stenen
1875 2127 1920 2165 re·

225 2213 287 2250 cum
310 2205 426 2267 raptore
448 2199 610 2269 conjupium
637 2198 824 2268 contraderet,
849 2200 1056 2255 matrimonium
1085 2193 1186 2264 quisito
1204 2201 1358 2266 parentum,
1377 2215 1395 2252 a
1412 2197 1515 2269 quibus
1532 2196 1616 2270 longe
1633 2197 1762 2261 aberant,
1781 2213 1920 2253 consensu

227 2294 286 2338 ore
303 2293 394 2339 rann
413 2301 465 2339 nm
478 2302 565 2356 poen
582 2305 601 2340 a
614 2294 699 2356 parm
717 2286 840 2341 sensam
878 2290 970 2359 Atque
988 2287 1057 2344 hacc
1084 2280 1196 2351 nuptis·
1221 2281 1396 2350 mutabunt,
1420 2283 1486 2353 quia
1507 2290 1656 2348 noverant,
1683 2283 1758 2354 ipsos
1777 2282 1809 2338 iu
1825 2288 1920 2338 retum

121 2370 167 2415 Π·
180 2370 213 2415 ⁰⁹·
227 2368 331 2442 opinio,
351 2371 426 2443 quod
443 2370 619 2427 meuimonia
635 2371 784 2430 liberorum
796 2373 902 2445 absque
922 2390 1058 2430 consensu
1084 2365 1236 2424 htbilflrofl·
1275 2373 1301 2424 3·
1317 2369 1415 2441 Neque
1432 2369 1557 2442 qu⁸0⁸fi0
1575 2375 1626 2439 0⁸⁸,
1644 2386 1681 2425 ¹¹¹¹
1692 2369 1722 2424 5¹¹
1740 2369 1918 2441 Paffiffllffl'i·

226 2461 372 2527 parentum
392 2457 463 2512 inim
482 2458 538 2513 sint
554 2474 622 2514 vem
639 2463 668 2514 et
683 2464 759 2531 mm,
784 2465 863 2515 mmm
884 2476 1020 2516 mmmmm
1041 2478 1058 2514 a
1084 2452 1137 2507 bue
1155 2453 1322 2525 quibusdam
1349 2456 1462 2511 casibus
1486 2455 1523 2512 eit
1545 2456 1710 2528 parentibus
1733 2457 1920 2523 euadendum,

225 2542 374 2598 canonistie
393 2544 572 2616 approbatur,
594 2551 627 2600 ut
649 2544 772 2602 Palaeot.
796 2545 831 2602 de
851 2564 926 2618 spur.
952 2562 1014 2620 cap.
1032 2552 1056 2604 8.
1084 2555 1120 2594 ne
1136 2540 1200 2611 jure
1216 2557 1284 2597 suae
1300 2544 1445 2613 potestatis
1462 2558 1557 2599 serere
1568 2548 1689 2613 utantur,
1709 2550 1823 2599 censent
1843 2543 1919 2599 enim

225 2647 301 2686 num.
319 2634 344 2685 3.
363 2632 497 2686 neminem
518 2649 548 2687 es
561 2633 702 2702 reperisse
720 2631 803 2703 dicat,
824 2634 874 2702 qui
885 2635 1057 2689 contrarium
1086 2624 1199 2697 quidam
1214 2626 1298 2682 etism
1311 2643 1344 2683 ex
1359 2629 1470 2700 noemia,
1488 2629 1691 2686 munimentum
1710 2630 1770 2685 eine
1781 2645 1920 2686 consensu

226 2717 329 2770 sentire
349 2734 436 2771 unaue
457 2717 555 2783 riserit.
590 2716 747 2774 Canonietie
764 2719 954 2776 assentiuntur
975 2719 1057 2776 Scho-
1083 2718 1230 2782 parentum
1247 2720 1432 2785 connectam,
1457 2717 1481 2770 si
1505 2715 1611 2772 cernui
1628 2717 1728 2788 copule
1747 2716 1834 2771 fuerit
1853 2734 1920 2773 con·

225 2800 315 2856 lestici
338 2801 398 2873 (qui
421 2802 450 2857 in
474 2809 498 2860 i.
524 2808 593 2859 sent.
623 2803 686 2859 dist.
713 2809 753 2861 28.
780 2805 937 2877 disputent,
949 2805 1056 2875 filium·
1084 2804 1265 2872 eumncnm,
1291 2815 1347 2855 non
1371 2800 1472 2858 debere
1499 2801 1581 2859 facile
1606 2804 1745 2876 separari,
1775 2809 1921 2874 utcunque

224 2889 356 2952 samaiae
380 2889 482 2945 labere
505 2890 658 2946 domimum
681 2894 825 2961 quoddam
850 2893 881 2946 in
898 2910 1057 2948 muneror·
1084 2902 1232 2942 censemus
1250 2892 1397 2958 parentum
1417 2887 1500 2954 desit,
1525 2905 1582 2960 qua
1604 2888 1640 2945 de
1665 2906 1695 2945 re
1713 2906 1763 2946 suo
1783 2888 1844 2945 loeo
1861 2888 1921 2959 ple-

223 2991 288 3046 pue,
306 2982 357 3030 nec
370 2977 540 3046 parentelae
557 2977 600 3032 ita
619 2979 777 3034 alatrinum
794 2996 862 3048 eree,
883 2981 950 3051 quin
966 2981 1058 3052 possis
1083 2971 1160 3042 niue3
1179 2972 1228 3029 sed
1246 2973 1423 3047 quaestioeet
1434 2975 1469 3031 de
1482 2975 1605 3046 generali
1616 2976 1722 3048 regula,
1741 2975 1808 3048 quid
1826 2976 1920 3048 requi-

225 3078 277 3116 eao
300 3063 420 3118 arbitrio
440 3080 495 3136 per
516 3064 724 3120 matrimonium
754 3069 790 3121 αι
808 3066 861 3122 tuo
884 3067 1057 3136 munimem)
1084 3063 1162 3114 retur
1178 3059 1207 3114 in
1224 3060 1328 3131 nuptiis
1345 3059 1508 3131 liberorum,
1527 3077 1560 3117 ac
1578 3063 1695 3132 dejure
1711 3061 1819 3135 patriae
1838 3068 1919 3134 pote·

227 3151 259 3201 ut
275 3152 305 3203 et
331 3150 497 3207 recentiores
523 3151 670 3223 scriptores
690 3151 835 3208 Pontificii
871 3152 1056 3209 Bellmmmm
1083 3145 1171 3213 etatis,
1188 3146 1256 3218 quid
1275 3146 1380 3203 edicet
1398 3153 1526 3218 parentes
1543 3148 1665 3220 possint,
1684 3149 1706 3204 ei
1725 3148 1852 3205 strictum
1868 3151 1920 3222 jue

226 3232 254 3291 d.
273 3233 306 3292 i:
332 3235 472 3294 Catholici
495 3236 637 3306 (Romani)
663 3239 791 3293 doctores
808 3239 881 3293 odeo
899 3257 955 3294 non
977 3241 1056 3294 dnbi-
1082 3247 1181 3305 urgere
1197 3233 1291 3289 velint.
1329 3239 1354 3291 4.
1373 3233 1471 3306 Neque
1489 3235 1615 3307 quaestio
1632 3242 1675 3292 eet
1700 3236 1735 3293 de
1753 3237 1919 3309 parentibus

225 3328 292 3390 tant,
309 3323 490 3377 matrimonia
507 3324 568 3379 eine
586 3341 721 3380 consensu
738 3331 890 3397 parentum
909 3333 1056 3382 conpacta
1083 3320 1160 3374 duris
1184 3326 1213 3376 et
1233 3320 1359 3391 acerbis,
1390 3320 1438 3394 qui
1454 3323 1631 3378 matrimonia
1647 3322 1742 3380 liberie
1759 3323 1920 3397 prohibent,

224 3423 284 3463 mse
299 3417 366 3463 ram
385 3426 420 3465 ac
434 3411 530 3480 firma,
554 3418 586 3466 m
600 3428 688 3482 mmm
705 3430 829 3484 „mquam
848 3415 921 3469 mim
938 3415 1056 3485 impedi.
1083 3406 1192 3462 illorum
1209 3407 1282 3464 enim
1310 3424 1473 3465 consensum
1498 3428 1674 3484 nequequam
1693 3410 1809 3466 dicimus
1833 3411 1920 3468 abeo·

224 3503 317 3550 menta
336 3496 511 3550 matrimonii
526 3498 731 3553 numeraverint
751 3501 891 3565 desectum
910 3517 1056 3557 commuue
1082 3493 1141 3549 luti
1157 3495 1350 3565 necessarium,
1375 3496 1425 3551 sed
1443 3514 1476 3553 eo
1493 3497 1523 3551 in
1544 3514 1611 3552 casu
1632 3502 1748 3570 agnatos
1766 3500 1919 3571 proximos,

221 3583 344 3652 paterni.
383 3581 511 3639 Careriue
528 3583 592 3639 libr.
611 3591 637 3642 4.
651 3585 687 3640 de
701 3591 781 3642 matr.
799 3603 860 3660 cap.
876 3594 922 3645 10:
940 3591 1057 3644 Mutuus
1082 3578 1127 3634 vel
1144 3580 1228 3636 eiiam
1246 3581 1672 3655 mssssssmmmfflmilflllflssdum
1687 3585 1915 3656 0⁸³⁰⁸f⁸t¹¹im¹¹⁵s

224 3684 373 3723 consanam
395 3669 613 3724 conmalsntinm
637 3673 710 3726 adeo
734 3673 814 3728 daim
837 3690 896 3729 mse
913 3675 998 3746 ziam,
1026 3684 1057 3731 m
1083 3666 1130 3739 qui
1149 3683 1212 3723 cum
1227 3668 1256 3723 in
1280 3668 1373 3725 locum
1389 3676 1536 3743 parentum
1558 3671 1722 3742 succedant,
1748 3689 1785 3729 ne
1800 3689 1834 3729 eo
1854 3674 1919 3745 qui-

224 3773 257 3809 m
272 3756 391 3810 amerius
407 3756 550 3810 voluntate
569 3774 625 3811 nom
640 3759 767 3826 pendeat
785 3766 837 3817 em,
852 3761 927 3818 unde
940 3761 1056 3819 Triden.
1084 3753 1192 3810 demin
1212 3771 1278 3810 casu
1297 3762 1443 3826 pareutum
1460 3757 1703 3829 conseneneplane
1717 3758 1818 3816 deficit.
1846 3758 1920 3815 Poe·
1935 3760 2007 3804 ΧΗ

223 3842 283 3897 tine
300 3841 425 3914 synodus
443 3842 751 3920 anathematecoimuit
768 3863 823 3914 θος,
842 3847 891 3921 qui
908 3847 1056 3919 affirmant,
1083 3847 1125 3896 eet
1151 3841 1233 3896 etiam
1260 3841 1393 3916 distingui
1427 3849 1449 3900 1.
1475 3844 1548 3901 inter
1575 3862 1738 3901 eonsensum
1763 3852 1920 3917 parentum

223 3928 397 3984 matrimonia
422 3946 440 3983 a
465 3927 649 3985 filiieiamiliee
673 3931 733 3988 eine
762 3950 898 3990 consensu
915 3940 1057 3992 contracta
1083 3944 1116 3984 ³0
1133 3935 1253 3983 morum
1272 3936 1300 3984 tl
1317 3938 1516 4002 evocatorum
1544 3936 1568 3986 ²·
1595 3931 1667 3986 inter
1683 3948 1845 3989 contentum
1859 3953 1919 4004 pa·

225 4033 285 4072 sese
300 4014 385 4071 irrite
422 4014 537 4071 Toletue
554 4015 615 4073 libr.
631 4023 655 4073 5.
673 4017 799 4076 inimum,
818 4020 922 4077 msera,
941 4037 1004 4094 mp,
1024 4029 1056 4079 1:
1082 4015 1135 4069 tris
1151 4030 1185 4069 ac
1204 4017 1320 4085 notrie;
1344 4021 1366 4072 3.
1385 4016 1458 4073 inter
1483 4032 1646 4073 consensum
1671 4024 1817 4092 parentum
1845 4024 1919 4076 taci-

222 4104 320 4158 Poteet
331 4103 409 4168 filius
420 4117 535 4157 acorem
552 4105 654 4161 cliwere
669 4121 700 4160 ee
714 4107 830 4178 dipnom
843 4106 938 4164 invitis
951 4124 1056 4178 paren·
1082 4111 1140 4157 lum
1152 4109 1180 4157 tl
1191 4119 1367 4173 mmmm?
1379 4109 1402 4160 4-
1413 4103 1485 4159 inter
1496 4120 1659 4161 ⁰011⁸011⁸¹1m
1671 4107 1839 4176 yemalem,
1853 4126 1921 4178 epe·

224 4190 297 4244 disee
316 4189 376 4242 eine
388 4196 506 4259 peccato
523 4190 646 4246 mortali.
1083 4190 1183 4245 cialem
1202 4197 1227 4244 et
1245 4189 1466 4261 individualem
1484 4197 1507 4247 b.
1527 4192 1600 4246 inter
1618 4191 1719 4249 liberos
1737 4194 1920 4263 majorcnnce

259 4282 300 4333 58.
336 4274 495 4346 Antequam
509 4277 863 4334 veronostraesententiae
876 4279 1057 4338 fundamenta
1083 4296 1117 4331 oe
1137 4278 1328 4346 ninmenner,
1348 4275 1377 4330 id
1396 4283 1439 4332 eet
1455 4276 1526 4332 inter
1542 4296 1603 4347 ece,
1629 4278 1678 4352 qui
1697 4297 1712 4334 e
1730 4280 1822 4351 patria
1838 4289 1918 4352 pots·

113 4346 125 4373 ⁰
223 4362 411 4434 proferemus,
443 4360 622 4434 explicandus
654 4363 706 4419 erit
732 4367 933 4422 conboversiae
959 4373 1055 4425 status.
1083 4368 1154 4419 state
1173 4362 1311 4428 exierunt,
1338 4367 1367 4418 et
1384 4380 1445 4433 eos,
1462 4363 1510 4436 qui
1529 4365 1581 4420 sub
1598 4365 1691 4437 patria
1708 4371 1847 4437 potestate
1868 4371 1919 4425 ed·

227 4457 250 4508 1.
266 4448 329 4506 Non
347 4454 390 4504 est
406 4447 547 4520 quaestio,
575 4465 612 4504 au
630 4465 779 4506 consensus
798 4459 944 4524 parentum
963 4455 1055 4529 requi·
1082 4449 1137 4504 huc
1153 4448 1309 4521 constituti;
1329 4454 1353 4506 6.
1371 4449 1444 4506 inter
1460 4451 1572 4523 nuptiae
1589 4451 1738 4508 liberorum
1756 4452 1831 4509 circa
1849 4471 1918 4512 ecn-

223 4542 300 4592 ratur
319 4538 355 4589 de
372 4536 523 4599 emanue,
542 4539 575 4590 ιιι
586 4535 748 4593 canonistas
759 4536 918 4611 loquuntur,
936 4539 990 4597 boc
1014 4546 1057 4597 est
1082 4553 1191 4592 sensum
1208 4541 1355 4609 parentum
1372 4543 1402 4593 et
1412 4543 1568 4594 connectas
1579 4556 1642 4595 cum
1651 4556 1778 4610 perrona
1797 4541 1919 4598 bonomo

223 4641 259 4680 an
296 4621 479 4678 filiisfamiliae
522 4622 727 4678 matrimonium
762 4623 872 4681 inituris
909 4635 1055 4697 parentum
1083 4641 1115 4679 ae
1130 4623 1216 4695 parib
1234 4622 1398 4680 conditionis
1416 4637 1443 4680 et
1460 4626 1657 4697 internuptias
1674 4633 1831 4683 contractae
1850 4645 1918 4685 cum

223 4708 397 4765 'voluntatem
417 4713 446 4764 et
465 4707 609 4764 consilium
634 4709 777 4781 explorare
801 4712 954 4768 condecens
973 4713 1010 4768 eit
1028 4721 1057 4770 et
1077 4728 1203 4782 perrona
1226 4710 1279 4765 uili
1301 4715 1330 4765 et
1348 4710 1512 4767 conditionis
1530 4712 1613 4785 plane
1636 4714 1773 4785 inporie;
1800 4719 1824 4769 7.
1842 4713 1919 4772 ἰιιιοι·

223 4796 385 4866 honestum,
415 4795 444 4850 id
463 4795 535 4851 enim
552 4794 691 4851 Pontificii
708 4797 874 4865 concedunt,
900 4800 975 4854 unde
993 4800 1056 4857 Bel·
1082 4797 1184 4854 liberos
1207 4803 1271 4869 poet
1293 4797 1498 4862 matrimonium
1522 4798 1581 4855 sine
1608 4805 1755 4870 parentum
1776 4814 1916 4858 consensu

223 4882 355 4938 lanuinus
371 4882 405 4936 de
423 4883 540 4938 matrim.
561 4900 583 4938 e.
606 4889 646 4939 19.
659 4900 738 4956 prop.
756 4891 781 4941 3.
802 4884 914 4942 scribit:
934 4888 1057 4942 Peccant
1081 4889 1253 4940 contractum
1275 4885 1417 4940 lumiliter
1437 4885 1561 4957 ipsorum
1584 4885 1721 4941 voluntati
1748 4902 1808 4942 ecee
1825 4887 1916 4959 subji-

222 4970 287 5038 fiiii,
306 4970 420 5038 quando
439 4970 499 5023 eine
511 4969 596 5039 jueta
613 4976 641 5024 et
657 4970 826 5025 raticmlili
845 4989 933 5026 cauea
951 4991 1055 5043 paren·
1081 4970 1184 5026 cientes
1209 4977 1238 5026 et
1256 4971 1444 5041 pertinaciter
1467 4971 1570 5028 eisdem
1597 4970 1733 5028 obluctari
1751 4981 1918 5045 pergentem

222 5054 296 5109 tibus
311 5055 409 5109 insciie
426 5054 470 5110 uel
488 5055 582 5109 invitia
600 5056 781 5111 matrimonia
798 5058 982 5129 contrabant,·
1006 5060 1055 5114 esd
1083 5062 1106 5111 8.
1126 5055 1199 5113 inter
1217 5055 1385 5114 decisionem
1404 5056 1487 5131 hujus
1506 5057 1677 5130 quaestionis
1703 5058 1731 5113 in
1744 5061 1818 5127 soro
1830 5060 1918 5128 judi·

223 5141 293 5197 illud
311 5139 467 5215 quaeritur,
493 5158 529 5197 an
555 5158 705 5198 consensus
727 5148 875 5214 parentum
898 5143 1056 5215 requiratur
1082 5143 1153 5198 ciali
1178 5142 1236 5199 sire
1265 5143 1377 5216 politico
1404 5152 1432 5202 et
1455 5144 1621 5201 decisionem
1644 5146 1769 5218 ejusdem
1793 5147 1823 5201 in
1843 5149 1917 5213 foro

225 5229 261 5284 de
281 5230 457 5304 necmeitate,
483 5226 537 5284 hoc
557 5234 599 5284 eet
626 5245 663 5283 an
681 5234 827 5300 parentum
846 5247 995 5286 consensus
1016 5230 1056 5287 ita
1078 5229 1276 5299 poenitentiali
1286 5230 1345 5286 eive
1356 5230 1547 5297 conscientiae,
1565 5249 1655 5304 neque
1670 5232 1743 5288 enim
1761 5230 1917 5306 utrobique

221 5315 392 5372 necessarius
410 5316 460 5381 eit,
489 5323 520 5370 ut
538 5314 643 5386 absque
663 5331 696 5370 eo
713 5313 863 5371 liberorum
879 5316 1055 5374 matrimonia
1079 5315 1108 5370 in
1126 5316 1267 5389 proposita
1287 5317 1447 5389 quaestione
1470 5314 1545 5372 idem
1568 5316 1729 5390 responderi
1753 5335 1835 5391 posse
1854 5320 1918 5391 qui·

220 5419 276 5458 non
293 5402 349 5457 sint
365 5401 503 5475 legitima,
525 5398 605 5456 firma
621 5416 655 5455 ac
671 5405 751 5472 rata,
776 5403 913 5474 quodnoe
934 5402 1053 5460 affirma-
1080 5406 1143 5458 darn
1168 5403 1338 5470 existimant3
1360 5403 1410 5458 sed
1437 5402 1504 5475 quid
1530 5403 1565 5460 de
1593 5403 1669 5460 hisce
1687 5404 1915 5463 distinctionibus

220 5500 290 5560 mue,
314 5488 454 5545 Pontifieii
478 5492 591 5561 negant.
627 5493 652 5543 2.
669 5486 768 5560 Neque
794 5489 921 5563 quaestio
950 5497 993 5548 eet
1018 5492 1053 5549 de
1078 5491 1256 5548 statuendum
1274 5490 1319 5561 eit,
1337 5489 1445 5562 patebit
1461 5507 1494 5547 er
1514 5493 1700 5565 sequentibus¹
1930 5549 1950 5591 Δ

220 5576 381 5650 parentibus
398 5576 526 5642 furiosis,
544 5575 589 5631 vel
606 5575 637 5629 in
655 5577 768 5646 cepione
787 5576 868 5649 lonpe
886 5579 989 5634 dissita
1006 5599 1051 5636 cas
1113 5584 1156 5637 59.
1190 5577 1244 5634 Hie
1267 5578 1308 5635 ita
1335 5577 1491 5650 praemissis
1514 5578 1693 5650 producimus
1720 5581 1832 5635 nostrae
1851 5596 1915 5637 een·
1931 5559 2005 5645 effi
