4020 6022
205 311 267 373 428
784 304 905 364 mous
920 297 1126 361 Vter-umus
1141 298 1310 368 QUINTUS

206 468 305 516 contra
330 469 475 532 parentum
499 461 669 517 voluntatem
695 462 740 516 vel
764 461 794 516 in
820 460 953 533 gradibus
976 462 1040 531 jure
1067 461 1222 528 ostendant,
1242 460 1315 514 inter
1331 474 1387 524 eos,
1409 458 1457 530 qui
1475 474 1538 513 curn
1556 457 1651 529 aliquo
1667 456 1771 512 horum
1790 453 1897 526 impedi·

209 546 301 602 divino
321 547 465 619 prohibitis
482 547 635 613 contrahat,
656 563 791 604 consensu
804 564 854 603 suo
873 566 928 603 non
948 553 1040 618 potest
1065 553 1218 602 mentorum
1235 545 1414 610 contrahunt,
1432 561 1527 600 verum
1542 552 1570 599 et
1583 550 1676 599 ratum
1695 541 1897 597 matrimonium

208 648 290 688 veras
308 640 335 689 st
352 633 490 706 legitimas
509 634 601 689 lacere
617 634 744 705 nuptias;
762 634 803 689 ita
823 651 933 706 quoque
950 633 974 687 is
992 632 1039 687 de·
1064 648 1206 704 nunquam
1230 636 1403 687 contractum
1420 630 1521 698 fuisse,
1543 647 1594 686 nec
1615 630 1646 684 in
1663 631 1824 700 conjugum
1841 626 1895 682 loco

208 736 284 774 mum
308 719 449 776 dissensus
472 720 555 776 solvit
580 720 779 775 matrimoniale
811 720 967 789 vinculum,
992 718 1040 790 qui
1065 717 1162 774 haberi
1173 735 1220 774 eos
1231 735 1322 789 posse,
1339 718 1387 789 qui
1399 734 1432 773 ea
1445 716 1551 771 ratione
1561 715 1725 772 cohabitare
1737 718 1898 785 coeperunt

208 805 355 860 conformis
379 811 422 862 est
448 805 532 862 verbo
555 806 617 863 Dei.
659 807 724 863 Jam
744 823 810 863 vero
831 807 913 861 unica
931 813 1039 861 tanturn
1065 812 1158 861 tamen
1176 823 1239 861 cum
1258 804 1442 862 adventium
1457 803 1485 858 in
1504 819 1606 874 genere
1625 807 1777 872 acceptum
1796 799 1900 854 dicatu

209 891 320 948 divortii
337 892 458 948 faciendi
482 909 567 948 eausa
588 893 617 948 in
635 894 721 948 verbo
739 893 793 948 Dei
813 892 893 948 nobis
911 893 1039 964 proponi·
1066 891 1179 962 quaevis
1199 891 1342 947 dissolutio
1365 889 1531 946 matrimonii
1552 890 1609 945 sive
1627 889 1663 944 de
1683 890 1766 959 jure,
1793 886 1854 941 sive
1870 885 1900 940 de

207 986 268 1048 tur,
285 978 415 1035 videlicet
431 979 612 1049 adulterium,
631 997 698 1053 ergo
718 981 742 1034 is
760 981 870 1036 demum
889 980 1040 1048 dissensus,
1066 978 1142 1035 facto
1174 978 1244 1034 illud
1266 978 1351 1033 fuerit
1375 984 1560 1046 contractum3
1587 982 1612 1031 2.
1639 992 1706 1030 cum
1731 973 1850 1046 qnidam
1869 988 1899 1025 ex

208 1082 263 1136 quo
283 1072 398 1136 propter
420 1064 586 1121 adulterium
612 1067 726 1137 nuptias
744 1067 946 1132 dissolvuntur,
973 1064 1040 1137 legi·
1067 1065 1123 1120 illis
1141 1065 1345 1137 impedimentis
1365 1064 1449 1119 etiam
1476 1063 1613 1118 anostris
1629 1062 1704 1116 inter
1722 1060 1900 1115 divortiorum

207 1151 276 1206 tima
292 1151 402 1208 divortii
426 1168 512 1207 causa
536 1154 709 1211 statuendus.
756 1159 779 1208 3.
797 1153 1000 1224 Argumentum
1022 1169 1041 1206 a
1067 1168 1165 1207 causas
1182 1158 1376 1220 numerentur3
1395 1156 1419 1208 3.
1439 1150 1559 1221 denique
1574 1166 1639 1204 cum
1657 1149 1697 1203 de·
1713 1146 1771 1201 illis
1789 1144 1901 1217 impedi·

208 1239 346 1293 contrario
369 1256 453 1296 sensu
474 1239 593 1310 petitum
618 1247 651 1294 nt
672 1240 740 1295 alias
759 1239 896 1294 infirmum
920 1249 975 1309 est,
1001 1240 1041 1293 ita
1068 1239 1170 1295 mentis
1187 1238 1314 1294 omnibus
1340 1253 1373 1293 ac
1398 1236 1515 1309 singulis
1540 1234 1653 1291 nonsit
1676 1233 1780 1289 eadem
1805 1238 1901 1296 nostra

208 1324 339 1381 hocloco
356 1325 434 1380 nnlla
452 1324 558 1381 ratione
584 1327 719 1398 procedit.
761 1326 824 1383 Non
847 1326 921 1381 enim
944 1324 1040 1381 eadem
1068 1342 1139 1397 quas
1156 1325 1359 1380 canonistarum
1378 1330 1406 1378 et
1424 1321 1658 1377 Scholasticorum
1672 1319 1833 1387 sententia3
1844 1318 1902 1373 ideo

209 1418 274 1467 sunt
298 1410 328 1467 in
352 1412 533 1469 dissolutione
556 1413 661 1469 vinculi
678 1413 833 1485 conjugalis
854 1412 968 1467 libertas
990 1428 1040 1480 per
1067 1411 1129 1482 ipsa
1146 1412 1295 1466 necessitas
1314 1410 1438 1482 requirit,
1458 1413 1492 1464 ut
1505 1408 1648 1480 sigillatim
1666 1423 1701 1462 sa
1712 1405 1901 1478 expendamus

209 1499 372 1565 dissensum,
391 1515 463 1570 quae
479 1498 535 1553 fuit
552 1499 581 1554 in
600 1499 725 1571 ejusdem
743 1499 911 1570 obligatione
930 1503 958 1553 et
978 1513 1040 1552 con·
1068 1502 1096 1552 et
1120 1497 1188 1570 quid
1210 1498 1245 1552 de
1269 1513 1436 1568 unoquoque
1464 1495 1599 1551 melesius
1630 1500 1745 1549 nostrae
1770 1497 1903 1559 statuunt,

208 1584 351 1641 strictione
372 1602 423 1657 per
446 1602 624 1655 consensum,
655 1585 721 1657 quia
747 1584 881 1656 obligatio
906 1583 983 1639 facta
1012 1583 1041 1637 in
1069 1584 1243 1655 explicemus.
1282 1582 1486 1654 Impedimenta
1503 1581 1578 1636 illius
1595 1580 1706 1652 generis
1723 1585 1903 1634 numerantur

208 1689 266 1727 rem
284 1690 335 1727 sua
353 1678 454 1727 natura
476 1671 709 1744 indissolubilem,
738 1688 756 1727 a
782 1688 838 1741 qua
858 1669 974 1741 proinde
989 1685 1041 1725 nec
1068 1672 1314 1741 duodecimquae
1329 1669 1476 1725 memoriae
1488 1684 1574 1723 eausa
1587 1667 1696 1722 inclusa
1710 1673 1779 1722 sunt
1793 1665 1903 1738 quibus·

210 1759 344 1823 alterutri,
359 1775 410 1814 nec
421 1758 531 1831 utrique
538 1758 650 1829 proprio
662 1775 731 1812 ausu
743 1756 885 1812 discedere
894 1757 1041 1827 integrum.
1068 1758 1133 1813 dam
1150 1757 1293 1813 versiculis
1307 1773 1392 1827 supra
1408 1756 1583 1824 enumeratis,
1603 1753 1749 1827 inquibus
1768 1753 1825 1808 hac
1838 1750 1903 1806 serie

212 1852 236 1902 4.
263 1845 383 1903 Malach.
410 1852 441 1913 t,
464 1851 550 1901 ι.14.
576 1846 677 1916 conjux
696 1849 811 1900 vocatur
829 1844 908 1897 socia
926 1851 952 1897 et
971 1860 1042 1897 acor
1068 1851 1266 1917 proponuntur.

210 1933 351 2002 foederis,
368 1934 442 1986 inter
466 1948 551 2001 quom
573 1939 599 1985 ct
621 1932 754 1985 maritam
772 1932 852 1985 Deua
869 1931 930 2000 ipsc
947 1931 1042 1995 testifi·
1103 1938 1161 1988 611.
1197 1935 1222 1986 1.
1248 1934 1358 1994 Error,
1385 1929 1513 1985 videlicet
1543 1945 1689 1999 personae.
1735 1924 1812 1982 Cum
1835 1923 1950 1979 minus

212 2025 293 2072 cauis
325 2019 370 2073 eit.
421 2018 496 2090 Ergo
529 2035 584 2073 non
615 2022 732 2089 possunt
761 2016 868 2087 absque
895 2015 1042 2071 violatione
1070 2036 1144 2075 error
1162 2018 1308 2073 consensui
1327 2017 1471 2089 oppositus
1491 2016 1528 2071 sit
1552 2015 1712 2085 multiplex,
1734 2020 1769 2068 ut
1788 1996 1950 2067 vidimus*

211 2105 332 2161 foederis
352 2120 444 2159 coram
460 2103 522 2159 Deo
540 2104 602 2158 initi
622 2104 756 2175 conjuges
771 2110 868 2159 mutuo
887 2103 1043 2158 dissensus
1070 2105 1197 2178 superius
1216 2122 1240 2161 c.
1259 2112 1281 2161 t.
1300 2112 1366 2161 sect.
1385 2109 1411 2161 1.
1430 2110 1481 2159 art.
1502 2109 1525 2159 2.
1548 2100 1573 2178 ξ
1594 2107 1651 2158 102.
1668 2101 1834 2169 sciendum,
1851 2116 1903 2154 non

213 2210 244 2248 se
266 2191 384 2246 invicem
411 2190 558 2246 discedere.
600 2197 625 2245 t.
648 2190 752 2263 Magna
778 2191 863 2262 igitur
887 2189 1044 2245 differentia
1070 2192 1193 2264 quemvis
1211 2208 1343 2261 errorem,
1368 2190 1418 2245 sed
1437 2207 1500 2244 eum
1519 2190 1666 2260 duntaxat,
1691 2188 1743 2259 qui
1762 2203 1903 2257 personas

213 2284 256 2333 est
274 2277 345 2334 inter
368 2277 588 2343 matrimonium,
616 2277 691 2349 quod
709 2283 752 2332 est
770 2277 865 2332 divina
881 2285 909 2333 et
927 2277 1042 2355 indisso·
1070 2297 1151 2334 error
1167 2285 1295 2348 vocatur,
1321 2276 1432 2350 quando
1449 2277 1555 2332 scilicet
1573 2276 1602 2330 in
1618 2276 1680 2346 ipss
1696 2290 1821 2345 persona
1837 2289 1906 2328 erra·

213 2366 307 2421 lubilis
325 2364 407 2419 unius
424 2364 507 2419 maris
536 2368 564 2419 et
588 2363 670 2419 unius
693 2365 813 2421 feminae
837 2365 866 2418 in
883 2382 967 2420 unam
985 2381 1043 2420 car·
1070 2373 1129 2430 tur,
1157 2366 1186 2420 id
1205 2373 1248 2421 est
1265 2365 1377 2436 quando
1402 2363 1464 2435 quis
1483 2361 1622 2418 contrahit
1638 2378 1701 2416 cum
1728 2378 1787 2416 una
1819 2360 1905 2415 existi·

213 2469 276 2508 nem
294 2451 466 2522 conjunctio,
493 2456 522 2505 et
548 2450 617 2505 alios
641 2450 734 2506 civiles
754 2458 927 2521 contractus,
952 2451 999 2523 qui
1018 2458 1046 2506 et
1072 2470 1164 2521 mans,
1182 2468 1212 2507 se
1231 2451 1395 2507 contrahere
1414 2467 1478 2506 cum
1496 2451 1565 2516 alia,
1590 2449 1799 2504 matrimonium
1819 2447 1906 2502 facere

213 2539 268 2611 ipsi
295 2557 352 2595 non
378 2543 495 2609 possunt
520 2542 655 2607 perpetuo
679 2543 708 2593 et
732 2555 841 2608 semper
870 2543 967 2593 mutuo
991 2538 1045 2592 dis·
1072 2540 1186 2595 irritum.
1235 2538 1429 2593 Consentimus
1460 2537 1546 2609 igitur
1575 2535 1739 2606 canonistis,
1775 2549 1906 2606 personae

214 2642 297 2682 sensu
314 2624 446 2688 rescindi3
471 2629 575 2695 quanto
599 2623 686 2695 igitur
707 2624 796 2695 magis
819 2624 944 2697 iniquum
965 2624 1046 2695 foret,
1073 2642 1192 2682 errorem
1209 2642 1265 2680 non
1286 2630 1394 2680 tantum
1414 2624 1566 2696 sponsalia,
1593 2623 1643 2677 sed
1667 2622 1753 2678 etiam
1770 2621 1905 2676 matrimo

215 2713 361 2784 conjuges,
389 2709 436 2781 qui
462 2726 512 2780 per
542 2710 747 2765 matrimonium
775 2709 804 2765 in
827 2727 938 2766 carnem
961 2728 1046 2765 unam
1073 2713 1149 2767 nium
1172 2710 1264 2767 facere
1290 2711 1397 2765 irritum
1404 2751 1412 2778 ,
1437 2710 1491 2765 nisi
1517 2709 1623 2764 scilicet
1646 2724 1740 2763 errore
1769 2714 1906 2778 compertu

215 2799 391 2862 coaluerunt,
433 2797 586 2851 animorum
625 2795 752 2851 dissensu
793 2796 893 2852 iterum
931 2797 1046 2868 sejungi
1073 2816 1123 2871 per
1141 2814 1304 2854 consensum
1323 2796 1536 2867 subsequentem
1555 2795 1625 2850 illud
1643 2793 1693 2849 fiat
1713 2788 1818 2858 ritum,
1837 2793 1905 2864 quod

217 2891 241 2944 t.
272 2884 423 2957 Apostolus
457 2882 593 2954 expressis
621 2883 713 2939 verbis
744 2882 906 2938 mandatum
934 2883 1045 2939 Domini
1073 2892 1156 2940 antea
1172 2902 1223 2940 sua
1242 2889 1342 2939 natura
1359 2887 1420 2939 erat
1447 2882 1567 2949 irritum,
1594 2882 1675 2953 cujus
1691 2881 1733 2936 rei
1752 2880 1906 2951 exemplum

215 2972 317 3043 repetit
341 2976 370 3026 et
394 2969 516 3025 inculcat
546 2975 568 3024 1.
588 2967 710 3025 Corinth.
737 2975 766 3034 t,
796 2986 822 3023 v.
845 2976 890 3025 1οι
916 2970 974 3038 Iis,
998 2970 1048 3039 qai
1074 2973 1103 3027 in
1126 2970 1233 3028 Jacobs
1256 2969 1413 3042 patriarcha
1440 2970 1614 3041 proponitur,
1642 2968 1690 3041 qui
1715 2985 1751 3024 ex
1777 2971 1906 3037 ἐπιεικείᾳ

215 3058 393 3113 matrimonio
407 3057 505 3127 juncti
521 3063 591 3124 sant,
605 3055 755 3125 praecepio
773 3074 828 3109 non
846 3072 905 3125 eqo,
923 3058 976 3109 sed
986 3059 1046 3110 Do·
1073 3058 1160 3113 Leam
1193 3075 1242 3129 pro
1275 3056 1398 3112 Rachels
1431 3056 1610 3111 substitutam
1639 3055 1670 3109 in
1696 3060 1760 3110 toro
1791 3054 1907 3110 maritali

216 3145 324 3214 minus,
340 3161 411 3198 uuor
436 3160 455 3195 a
473 3143 535 3195 m'ro
549 3158 605 3195 non
630 3142 772 3213 discedat,
805 3143 849 3196 vir
866 3159 1047 3197 acoremnon
1074 3163 1166 3202 secum
1189 3143 1316 3211 retinuit,
1344 3160 1427 3216 quam
1454 3143 1549 3199 stricto
1574 3143 1638 3212 jure
1666 3158 1735 3196 usus
1763 3142 1907 3212 repudiare

218 3232 349 3287 dimittat.
388 3230 429 3284 At
452 3229 475 3283 si
499 3234 594 3285 mutuo
615 3228 741 3284 dissensu
763 3230 937 3286 matrimonia
960 3229 1046 3285 solve·
1074 3233 1215 3304 potuisset.

217 3323 326 3385 rentur,
349 3316 467 3372 liberum
485 3321 559 3371 esset
575 3315 653 3371 uxori
671 3333 688 3371 a
705 3315 764 3370 viro
783 3315 924 3371 discedere
944 3320 973 3371 et
989 3316 1047 3370 viro
1109 3325 1167 3376 uta.
1203 3321 1231 3372 2.
1250 3316 1390 3385 Conditio,
1408 3314 1513 3371 scilicet
1522 3315 1669 3370 sanitatis.
1701 3313 1826 3378 Quando
1837 3312 1907 3368 enim
1915 3300 1950 3395 {un}

219 3420 332 3459 uxorem
359 3402 504 3457 dimittere.
545 3409 567 3456 7.
593 3401 635 3455 Ex
662 3401 814 3458 temerariis
839 3401 893 3456 illis
923 3402 1047 3457 divortiis
1075 3405 1137 3477 quis
1156 3421 1264 3460 servem
1281 3403 1391 3474 accipit,
1410 3419 1493 3473 quam
1511 3401 1626 3455 liberam
1642 3415 1704 3455 esse
1721 3400 1866 3469 credebat,
1881 3408 1950 3455 etvm

217 3498 313 3547 mutuo
330 3489 483 3545 animorum
509 3488 634 3543 dissensu
653 3488 735 3542 factis
760 3488 846 3543 multa
867 3489 897 3543 in
914 3488 1047 3544 familiam
1074 3492 1134 3547 vice
1153 3508 1247 3555 versa,
1264 3491 1288 3545 si
1304 3507 1376 3561 quae
1392 3505 1471 3544 servo
1490 3487 1585 3549 nubit,
1610 3504 1691 3557 quem
1710 3487 1833 3557 putabat
1851 3502 1907 3542 esse

84 3587 143 3630 xvt.
157 3584 204 3649 tta.
218 3595 252 3634 ac
279 3576 404 3650 politiam
433 3575 622 3631 redundarent
652 3574 835 3632 incommoda.
878 3575 951 3640 Quid
976 3576 1047 3631 enim
1074 3578 1208 3645 liberum,
1229 3583 1296 3632 tunc
1315 3575 1519 3631 matrimonium
1538 3590 1597 3628 esse
1614 3573 1724 3627 irritum
1748 3574 1909 3630 canonistas

217 3664 267 3719 fiet
286 3664 320 3719 dc
338 3662 432 3719 liberis
452 3677 486 3716 ex
503 3660 550 3716 illo
569 3661 743 3715 matrimonio
759 3661 853 3716 natis?
873 3662 934 3733 quis
954 3678 1047 3717 curam
1075 3664 1261 3735 pronuntiant
1298 3661 1353 3717 Sed
1369 3661 1414 3715 hic
1433 3661 1506 3715 duae
1523 3660 1669 3714 addendae
1685 3667 1753 3715 sunt
1771 3659 1908 3716 limitatio

218 3768 311 3806 eorum
330 3747 481 3819 suscipiet?
502 3747 563 3820 quis
580 3747 610 3802 in
627 3748 725 3804 timore
743 3747 856 3803 Domini
879 3766 925 3804 eos
947 3750 1047 3805 educa·
1076 3770 1134 3807 nes.
1167 3750 1272 3818 Prima,
1298 3748 1373 3819 quod
1394 3748 1445 3801 hoo
1470 3748 1696 3817 impedimentum
1712 3748 1909 3817 dormiendum

218 3835 283 3893 bit?
316 3836 479 3891 Liberorum
496 3834 576 3889 lavor
596 3836 741 3906 impetrat,
759 3836 925 3891 matrimonii
937 3836 1047 3892 solutio·
1076 3840 1114 3893 sit
1125 3841 1161 3893 de
1171 3835 1321 3904 mancipiis
1334 3842 1359 3887 et
1366 3833 1486 3901 curtiliis,
1503 3833 1532 3886 in
1544 3848 1613 3903 quos
1627 3831 1733 3887 domini
1744 3838 1909 3904 perpetuum

220 3940 283 3979 nem
315 3922 416 3979 debera
449 3938 509 3977 csse
540 3921 731 3977 difficiliorem.
782 3928 806 3979 8.
830 3923 937 3979 Merito
964 3924 1050 3995 igitur
1077 3925 1235 3979 hahuerunt
1254 3919 1414 3988 dominium,
1433 3918 1472 3974 ita
1490 3925 1522 3972 ut
1540 3923 1700 3973 contractus
1718 3918 1754 3973 ab
1774 3919 1909 3974 illiseele·

219 4009 394 4065 Justinianus
423 4007 492 4064 ch.
531 4015 589 4065 111.
625 4008 666 4064 Ut
683 4008 766 4064 liceat
799 4009 880 4064 matri
914 4018 942 4066 et
971 4011 1050 4066 aviae
1075 4012 1148 4067 brati
1179 4010 1238 4066 sine
1267 4007 1439 4063 dominorum
1467 4022 1602 4060 consensu
1630 4004 1701 4058 irriti
1732 4005 1908 4075 haberentur,

218 4096 301 4166 capit.
321 4100 361 4151 10.
385 4095 503 4150 divortia
521 4111 554 4149 ex
579 4103 673 4150 mutuo
692 4112 827 4151 consensu
846 4096 922 4151 facta
939 4096 1050 4168 penitus
1077 4095 1308 4170 quemadmodum
1326 4094 1409 4151 etiam
1422 4093 1452 4146 in
1466 4094 1530 4162 Jure
1544 4091 1666 4146 Mosaico
1679 4108 1778 4147 servus
1791 4110 1910 4161 uxorem,

219 4181 373 4252 abrogavit.
413 4182 501 4250 Quia,
518 4181 622 4253 inquit,
646 4199 679 4236 aa
696 4199 830 4237 contemtu
855 4183 947 4253 aliqui
964 4201 1050 4254 usqae
1076 4201 1160 4256 quam
1180 4183 1209 4237 in
1233 4181 1364 4236 servitute
1390 4182 1520 4244 duxerat,
1542 4185 1571 4235 et
1596 4178 1696 4233 liberos
1722 4179 1753 4233 in
1780 4180 1910 4234 servitute
1920 4182 1950 4225 ¹l

219 4271 410 4339 adpraesens
427 4269 539 4323 aiter-no
561 4269 743 4323 matrimonia
759 4270 915 4339 solvebant,
939 4270 991 4323 boo
1015 4272 1050 4323 de
1077 4272 1185 4343 genitos
1205 4269 1316 4323 domino
1335 4267 1487 4337 cogebatur
1503 4265 1673 4337 relinquere,
1695 4266 1813 4335 quando
1830 4265 1910 4321 servi·

219 4364 311 4410 cetero
342 4355 408 4421 fieri
436 4355 515 4410 nullo
545 4356 675 4421 sinimus,
712 4354 770 4407 nisi
802 4355 878 4418 sorte
911 4357 1051 4410 castitatis
1078 4364 1137 4413 tute
1156 4354 1258 4411 exibat.
1293 4353 1359 4408 Alia
1376 4369 1442 4408 vero
1455 4352 1525 4407 ratio
1542 4356 1585 4408 est
1599 4357 1757 4407 nostrorum
1772 4368 1910 4408 servorum

220 4442 443 4513 commmoda
461 4444 579 4514 quidam
598 4443 650 4497 hoc
667 4442 801 4510 fecerint,
826 4440 861 4496 de
878 4457 934 4512 (111²
949 4458 1052 4512 appen-
1077 4450 1106 4501 et
1123 4442 1294 4507 ancillarum,
1313 4441 1361 4513 qui
1376 4457 1409 4496 ex
1421 4439 1549 4511 ingenuis
1565 4438 1624 4494 nati
1641 4438 1696 4509 ipsi
1715 4456 1831 4511 quoque
1849 4442 1912 4494 sunt

221 4529 284 4585 dice
315 4530 460 4600 exceptive
490 4528 557 4600 quid
581 4528 773 4592 statuendum,
802 4542 837 4582 ex
872 4528 1052 4600 sequentibus
1077 4530 1190 4603 ingenui
1221 4533 1249 4585 et
1274 4528 1311 4582 ad
1336 4526 1448 4581 servitia
1475 4526 1543 4581 certi
1570 4524 1701 4595 temporis
1730 4526 1860 4582 mercede
1883 4542 1912 4580 se

220 4614 373 4687 apparebit·
1077 4616 1194 4675 conduci
1240 4616 1401 4687 patiuntur,
1442 4630 1504 4668 cum
1546 4612 1601 4667 illis
1638 4628 1776 4683 personae
1810 4613 1912 4668 liberae

93 4714 187 4767 tnpsur·
255 4708 313 4758 utu.
349 4701 403 4756 His
420 4701 449 4755 in
468 4716 570 4773 genere
587 4699 746 4770 praemissis
764 4700 800 4755 ad
817 4698 951 4768 speciales
965 4701 1052 4757 disso-
1077 4702 1281 4759 matrimonium
1300 4699 1461 4756 contrahere
1487 4704 1616 4770 possunt,
1639 4704 1668 4753 et
1689 4698 1713 4752 si
1732 4699 1778 4755 vel
1796 4700 1912 4754 maxime

93 4771 171 4859 ffi‘
220 4787 333 4842 lutionis
350 4786 558 4843 matrimonialis
576 4802 673 4841 causas
691 4788 726 4841 ab
746 4785 808 4841 aliis
826 4794 999 4842 enumeratas
1016 4788 1051 4842 ad
1079 4807 1154 4846 error
1193 4787 1357 4844 conditionis
1400 4785 1579 4854 interveniat,
1616 4790 1709 4840 tamen
1750 4786 1911 4857 conjugium

94 4870 195 4911 ffi⁰fl¹¹¹¹¹¹
221 4874 354 4929 trutinam
371 4873 449 4929 verbi
468 4872 664 4944 expendendas
681 4873 887 4929 descendemus.
923 4874 1053 4930 Conside-
1079 4886 1121 4933 est
1138 4884 1237 4932 ratum.
1274 4874 1409 4941 Secunda,
1427 4874 1530 4944 quodsi
1552 4881 1675 4943 tempore
1692 4875 1813 4943 copulae
1828 4875 1912 4927 seire-

94 4926 184 4962 11011111·

94 4974 194 5015 nenton
221 4960 343 5016 rabimus
367 4966 459 5016 autem
484 4960 572 5028 primo
597 4960 719 5017 omnium
736 4976 781 5029 ea,
808 4977 879 5032 quae
895 4962 1054 5017 canonistas
1079 4962 1118 5015 rit
1135 4962 1254 5014 maritae
1272 4960 1343 5014 liber
1361 4959 1458 5013 neoris
1477 4959 1664 5015 conditionem
1684 4960 1829 5030 senilem,
1848 4970 1912 5015 tnnc

95 5027 183 5118 iffi,
223 5053 253 5104 et
283 5044 445 5102 scholastici
477 5054 578 5103 vocant
611 5047 809 5120 impedimenta
845 5049 1054 5102 matrimonium
1079 5049 1289 5103 matrimonium
1324 5046 1418 5115 naim,
1460 5063 1510 5099 nec
1543 5045 1629 5099 reddi
1661 5051 1754 5114 potest
1793 5047 1914 5111 irritasse,

94 5135 190 5221 griffi
224 5133 443 5189 contrabendum
467 5134 646 5203 probidentia
668 5140 695 5187 et
711 5140 883 5187 contractum
901 5133 1054 5187 dissoluen-
1080 5135 1104 5189 si
1122 5134 1166 5189 vel
1183 5134 1302 5188 maxime
1329 5148 1390 5188 eam
1406 5138 1531 5202 tempore
1550 5147 1700 5186 consensus
1726 5131 1914 5205 ignoraverit;

96 5232 179 5272 ruror-
225 5223 283 5293 tia,
303 5234 376 5294 quae
399 5222 523 5290 superius
549 5218 576 5297 ξ
593 5227 650 5278 111.
670 5227 735 5276 sunt
753 5227 920 5275 enumerata.
952 5219 1054 5285 Quam-
1081 5222 1131 5277 sed
1156 5220 1179 5274 si
1197 5237 1254 5275 non
1276 5224 1385 5275 tantum
1402 5235 1559 5282 consensus,
1577 5234 1673 5273 verum
1692 5217 1779 5273 etiarn
1796 5220 1915 5290 copulae

96 5285 181 5325 '‘¹¹²¹‘'
224 5308 266 5363 vis
285 5308 358 5362 enim
376 5307 487 5377 proprie
510 5313 538 5362 et
560 5312 691 5363 accurate
714 5306 853 5378 loquendo
872 5305 922 5361 illa
938 5306 1053 5378 impedi·
1080 5314 1203 5378 tempore
1244 5305 1372 5360 servilem
1403 5304 1478 5359 illam
1513 5304 1698 5360 conditionem
1733 5304 1913 5376 ignoraverit,

227 5400 321 5449 menta
337 5409 393 5448 non
416 5392 472 5446 sint
487 5408 587 5449 causae
612 5393 804 5460 divortiorum,
829 5407 891 5447 cum
916 5409 972 5447 non
991 5392 1054 5447 diri-
1080 5411 1136 5449 non
1161 5393 1264 5463 poterit
1289 5391 1424 5462 ejusmodi
1448 5390 1550 5461 copula
1574 5389 1676 5445 homini
1702 5388 1792 5446 libero
1810 5393 1914 5447 erranti

226 5484 303 5535 mant
324 5477 528 5535 matrimonium
554 5479 666 5551 aliquod
689 5497 784 5535 verum
802 5495 836 5533 ac
854 5484 961 5548 rutrum,
979 5482 1054 5552 quod
1079 5480 1278 5553 praejudicare.
1312 5477 1392 5533 Idem
1406 5477 1543 5548 judicium
1561 5483 1620 5532 esto
1639 5476 1675 5531 ds
1698 5476 1811 5535 semina
1848 5478 1915 5535 Piso

226 5565 263 5623 ab
277 5566 356 5623 initio
375 5567 459 5623 fuerit
483 5564 591 5621 firmum
612 5572 640 5621 et
658 5564 830 5637 legitimum,
851 5565 901 5621 sed
919 5565 1054 5623 duntaxat
1081 5567 1210 5625 Sosccius
1231 5560 1313 5623 tract.
1331 5564 1366 5619 de
1383 5564 1504 5635 sponsal.
1523 5570 1595 5636 part.
1615 5570 1638 5620 2.
1654 5581 1682 5635 p,
1696 5570 1760 5620 11²:
1781 5565 1915 5621 Comitio
