4020 6022
212 264 271 323 tet
783 261 906 320 Locus
926 255 1130 320 messurus
1150 261 1319 327 QUINTUS

209 419 369 471 conmactus
397 434 474 473 mere
497 416 601 474 civiles.
632 417 771 473 Lutherus
794 400 955 489 conjugium
979 415 1046 471 dicit
1069 417 1179 486 judicio
1210 419 1334 473 coactiva
1367 436 1430 474 cum
1461 419 1655 491 jurisdictione
1694 416 1855 473 ordinaria
1884 421 1911 472 et

209 515 270 556 esse
295 520 355 557 rem
380 508 519 558 externam
547 520 581 557 ac
604 504 713 559 civilem
731 504 906 575 magistratui
932 503 1046 574 politico
1072 505 1217 560 coircsndi
1235 511 1373 576 potestate
1402 507 1550 576 conjuncto
1587 505 1682 577 (quale
1708 504 1830 576 papales
1854 504 1908 574 spi·

210 588 379 658 subJ'ectam,
410 590 459 645 sed
484 589 614 660 nuspiam
643 591 723 645 addit
749 590 931 660 exclusis-am,
969 589 1045 662 quod
1072 592 1148 662 scopi
1175 598 1204 648 et
1231 608 1326 647 eorum
1351 591 1485 669 officiales
1512 590 1566 646 sibi
1591 591 1657 648 sous
1688 591 1852 659 vendicant)
1879 607 1909 646 ac

210 680 317 728 tantum
345 676 382 729 sit
409 693 453 732 res
479 675 582 746 civilis,
617 683 645 732 st
664 677 739 749 quod
762 677 840 732 solus
866 678 1046 749 magistratus
1072 677 1108 732 ds
1137 677 1234 748 poeuis
1258 678 1378 749 politicis
1400 679 1430 733 in
1456 678 1604 733 violatores
1621 677 1707 749 hujus
1724 676 1842 743 sardinis
1859 684 1910 732 sta·

211 759 342 829 politicus
361 761 396 817 de
410 778 442 818 eo
453 768 576 818 statuere
589 780 623 818 ac
635 763 815 834 pronuntiare
827 763 928 820 debeat
941 764 1046 834 absque
1057 774 1060 807 =
1071 764 1191 831 tuendis,
1210 781 1387 837 nequaquam
1404 782 1469 820 vero
1489 765 1523 820 de
1538 764 1645 836 judicio
1665 765 1832 832 dramatico,
1858 781 1910 836 quo

210 844 298 899 divini
330 847 407 903 verbi
437 853 465 903 et
498 851 558 919 ejus
587 849 732 905 doctorum
761 857 845 922 atquc
866 823 1127 921 interpretumlpiis
1152 851 1329 907 conscientiis
1355 851 1516 920 consulitur,
1536 851 1641 906 ibidem
1664 850 1757 922 loqui,
1780 850 1822 905 sic
1840 851 1910 905 enim

210 930 353 1003 suffragio.
397 934 574 989 Contrarium
598 953 631 990 ex
650 935 711 1006 ipso
729 935 855 992 Luthero
882 938 966 1008 paulo
983 943 1047 1008 post
1071 935 1177 991 habent
1203 937 1290 1008 ipsius
1308 936 1408 992 verba:
1447 937 1700 1008 massilitanus
1724 937 1778 993 tuit
1796 937 1910 1007 ditifica

211 1018 454 1076 demonstrabitur.
506 1025 530 1074 t.
557 1023 604 1075 Ec
633 1023 711 1091 juris
742 1023 835 1077 ciuilis
864 1023 1044 1088 msicientia.
1062 1023 1179 1078 -toolitm
1208 1024 1359 1095 tiridates
1387 1024 1441 1080 unt
1461 1023 1564 1094 tlttlsil
1594 1025 1696 1095 titan,
1728 1024 1756 1092 ἱο
1787 1029 1843 1080 uni
1873 1024 1911 1080 tic

208 1105 265 1157 Jns
302 1105 385 1158 aude
419 1109 566 1176 sufficiam
601 1118 643 1162 cst
673 1109 717 1162 hrt
748 1111 841 1163 canas
871 1109 1045 1164 decidendis.
1072 1110 1141 1166 aurit
1158 1111 1226 1181 uicit
1245 1112 1389 1181 uututbuu
1409 1110 1454 1181 iit,
1479 1112 1532 1166 unt
1561 1110 1611 1167 tuit
1636 1110 1705 1166 tsine
1722 1110 1833 1168 denuit
1851 1112 1911 1166 ister

209 1188 436 1261 Respondemus:
469 1194 497 1247 in
522 1193 583 1249 foro
601 1194 716 1265 politico
746 1202 773 1249 et
791 1194 880 1263 civili,
910 1195 959 1251 sed
980 1194 1046 1266 quia
1072 1196 1105 1264 stt
1123 1197 1226 1266 bulen?
1261 1198 1299 1251 Et
1316 1204 1427 1267 postea:
1460 1199 1509 1255 tuo
1534 1197 1584 1253 tait
1612 1197 1741 1267 tentares
1762 1197 1863 1266 ilitbttr
1884 1196 1910 1252 in

209 1282 241 1330 ut
260 1276 410 1346 plurimum
429 1279 458 1333 in
478 1280 569 1334 causis
599 1279 847 1337 matrimonialibus
873 1281 957 1337 stiam
982 1299 1046 1336 can·
1074 1284 1212 1353 dictamen
1236 1299 1265 1353 tu
1291 1286 1409 1350 maten,
1436 1285 1464 1352 lo
1488 1285 1536 1353 lat
1557 1288 1612 1339 uns
1637 1283 1688 1339 tut
1709 1284 1857 1340 summunt
1874 1284 1911 1338 bri

210 1364 344 1418 summias
375 1366 506 1420 intactae
532 1367 686 1436 concurrit,
716 1367 780 1423 ideo
803 1367 878 1439 quod
902 1367 938 1422 ad
956 1366 1045 1422 forum
1074 1370 1129 1425 tem
1147 1371 1251 1428 batuel
1273 1372 1394 1440 aquilina
1425 1373 1479 1426 unt
1507 1371 1573 1427 tuiti
1598 1375 1652 1427 uni
1671 1371 1836 1438 tutamini,
1862 1371 1910 1438 iat

136 1449 142 1467 “
211 1451 398 1505 conscientiae
416 1459 532 1522 spectat,
552 1453 742 1525 theologorum
765 1459 794 1509 et
819 1453 951 1509 ccclesiae
968 1452 1046 1507 mini·
1074 1455 1123 1510 tait
1143 1457 1241 1527 militen
1260 1458 1323 1513 tibet
1342 1457 1381 1512 bit
1400 1459 1495 1527 &tucis
1511 1458 1613 1528 titbttn.
1660 1458 1761 1514 &allen
1782 1457 1835 1513 tuit
1851 1457 1912 1512 tibet

212 1540 331 1591 atrorum
355 1538 465 1609 judicia
489 1557 545 1595 non
572 1547 637 1595 sunt
665 1558 768 1612 susque
797 1541 887 1612 deque
909 1540 1047 1596 habenda.
1074 1541 1114 1596 bie
1132 1542 1229 1611 &trefe
1246 1542 1354 1614 tiditen,
1379 1545 1405 1611 lo
1423 1544 1521 1615 milita
1540 1544 1591 1600 tuit
1608 1545 1666 1606 aad
1695 1543 1761 1599 tibet
1780 1543 1841 1600 scit
1859 1546 1911 1599 ant

211 1623 256 1679 De
274 1625 437 1681 consistorio
451 1626 675 1698 Wirtenbcrgico
687 1627 894 1683 Bideubachius
912 1628 940 1682 in
960 1625 1047 1699 praei.
1074 1626 1132 1685 aut
1151 1628 1254 1699 ridicu,
1272 1632 1306 1685 ba
1322 1630 1378 1700 stab
1397 1630 1447 1686 tuit
1466 1633 1532 1686 bttttt
1547 1630 1670 1700 §inaniet
1689 1632 1771 1686 uniet
1789 1630 1841 1685 lud
1855 1632 1912 1686 nat

213 1708 299 1766 libell.
324 1711 360 1765 de
387 1713 479 1767 causis
505 1713 622 1768 matrim.
650 1721 797 1783 memorat,
828 1715 857 1769 in
874 1732 907 1771 eo
927 1714 980 1768 hoc
998 1712 1047 1767 ob·
1075 1716 1128 1770 uni
1166 1715 1273 1786 tticiitu
1309 1716 1347 1772 itu
1385 1718 1482 1786 illuster
1519 1719 1564 1773 bei
1606 1717 1746 1785 tctltliden
1784 1718 1912 1785 Cannis.

214 1797 334 1859 servari,
354 1804 386 1852 ut
404 1798 525 1870 theologi
554 1801 615 1871 ejus
633 1817 783 1857 assessores
801 1801 837 1856 de
862 1801 904 1854 his
921 1800 1047 1870 maxime,
1074 1801 1199 1856 Tandem
1211 1802 1369 1859 concludit:
1387 1805 1435 1875 gd
1454 1805 1509 1860 uit
1522 1806 1579 1873 surb
1598 1803 1682 1860 attint
1696 1805 1831 1874 ilitinunq
1850 1806 1910 1873 (ton

213 1898 285 1952 quas
314 1885 356 1936 ad
382 1886 567 1939 mbatantiam
597 1888 771 1942 matrimonii
797 1888 953 1957 pertinent,
969 1904 1047 1941 suam
1075 1888 1231 1959 Chelaita),
1251 1889 1407 1960 utililtllo
1428 1892 1601 1961 inritatum
1622 1891 1749 1962 anbalttl,
1769 1892 1911 1961 nidtttta

211 1968 303 2040 rogati
322 1970 417 2025 dicant
435 1972 614 2043 sententiam,
642 1972 781 2043 judicium
806 1990 871 2029 vcro
895 1976 930 2027 de
945 1973 1047 2042 poenis
1075 1976 1163 2045 butten
1189 1976 1247 2045 barli
1278 1975 1328 2031 nit
1347 1976 1391 2032 itt
1410 1977 1583 2047 astianum,
1609 1979 1660 2048 bui
1687 1978 1722 2049 id
1743 1978 1840 2047 fuldaa
1858 1978 1912 2034 teil

213 2055 436 2125 delinquentibus
479 2058 641 2128 inflipendis
670 2061 759 2130 deque
787 2060 863 2130 iilis,
902 2077 974 2129 qima
1008 2060 1048 2111 aci
1075 2062 1151 2131 than,
1170 2060 1237 2130 nidt
1255 2063 1301 2117 ali
1321 2062 1363 2117 riu
1381 2064 1574 2133 tiedtiptrder,
1592 2062 1705 2134 Cificial
1723 2065 1788 2120 obet
1805 2067 1910 2135 lqumt,

209 2160 374 2214 processum
385 2144 709 2214 judicialempertinent
719 2146 925 2216 jurisconsultis
938 2146 1048 2217 penitus
1076 2147 1183 2214 inultm
1199 2147 1368 2218 actitante,
1387 2149 1435 2204 tuit
1453 2149 1504 2215 itii
1524 2150 1560 2204 ittt
1576 2149 1706 2219 Cemillsn
1724 2151 1816 2206 tnoiltt
1835 2155 1911 2220 gutta

86 2234 141 2278 xvi.
154 2234 199 2279 tis.
212 2228 379 2300 relinquant.
430 2233 518 2299 Lepas
542 2232 639 2286 ciuiles
666 2251 723 2287 non
750 2234 942 2303 dediqnantar
970 2235 1050 2302 sequi
1075 2231 1212 2300 &tinnitu
1238 2232 1414 2303 intorserint
1436 2249 1467 2304 qn
1486 2234 1579 2304 ibiculi
1604 2238 1684 2304 rsus.
1708 2237 1764 2306 ullo
1791 2238 1842 2305 tufi
1861 2246 1912 2294 tues

212 2333 311 2370 sacros
348 2334 481 2386 canones,
519 2318 589 2373 dicit
640 2318 789 2389 imperator
833 2318 956 2375 authent
1008 2318 1049 2376 Ut
1076 2319 1179 2390 isidem
1198 2319 1307 2376 meinem
1324 2321 1395 2390 illati
1413 2322 1501 2390 tctqm
1515 2320 1577 2388 uili,
1598 2322 1648 2391 tat
1667 2322 1712 2378 ter
1732 2328 1764 2377 ca
1783 2324 1847 2394 tius
1866 2326 1911 2391 aut

215 2401 318 2457 clerici
359 2400 386 2478 ξ.
418 2404 524 2475 penult.
557 2411 662 2475 quanto
696 2406 787 2459 minus
822 2405 1048 2477 dedignabuntur
1075 2406 1128 2474 lein
1145 2406 1309 2476 (theutheus,
1339 2408 1406 2463 leun
1437 2415 1478 2462 tus
1514 2411 1557 2462 eti
1580 2408 1647 2478 uidit
1671 2408 1738 2477 tatii
1762 2410 1866 2479 lituus
1882 2425 1910 2480 qu

214 2489 292 2560 sequi
312 2505 430 2545 canones
448 2491 477 2546 in
495 2491 580 2545 verbo
599 2490 693 2546 divino
710 2493 912 2563 praescriptos,
931 2509 1047 2569 quorum
1075 2493 1177 2561 libum,
1196 2493 1256 2559 tari
1271 2508 1298 2548 cr
1318 2493 1356 2549 bri
1374 2493 1426 2548 mit
1438 2492 1505 2564 nidi
1517 2495 1607 2565 &dut
1621 2495 1681 2562 nod
1695 2495 1805 2564 Cubita
1817 2497 1910 2565 ludin,

214 2575 378 2646 interpretes
396 2577 540 2632 constituti
558 2583 623 2633 sunt
642 2578 774 2650 theologi.
824 2584 849 2633 ὁ.
874 2581 921 2634 Er
941 2580 1047 2650 politia
1076 2579 1138 2633 oter
1157 2578 1209 2635 mir
1224 2580 1274 2635 tat
1295 2579 1399 2649 ttaqm,
1424 2578 1549 2648 branta
1574 2579 1659 2635 tanet
1677 2580 1835 2650 ilcqimentt
1854 2586 1912 2639 oter

213 2663 385 2718 israelitica.
429 2663 485 2727 Qui
504 2665 534 2717 in
551 2665 658 2735 populo
676 2666 839 2720 Israi'litico
854 2665 1047 2719 criminalibus
1076 2664 1253 2734 ilidttuattqd
1279 2665 1341 2734 tuidi
1360 2664 1464 2736 bittmit
1482 2665 1664 2722 unttttuittltn
1683 2665 1752 2734 utu,
1785 2669 1842 2724 ttnb
1866 2668 1912 2726 uic

126 2746 129 2757 '
212 2751 308 2804 causis
320 2759 486 2819 praeerant,
505 2750 566 2805 illis
584 2752 668 2806 etiam
680 2752 931 2807 matrimonialium
948 2770 1047 2806 causa·
1073 2753 1107 2822 iq
1126 2753 1212 2807 leitttn
1231 2752 1309 2822 bale,
1330 2754 1356 2820 lo
1375 2753 1429 2808 mit
1446 2753 1482 2822 tq
1499 2753 1561 2823 aud)
1580 2752 1664 2808 ltinttt
1683 2752 1782 2823 iuben,
1804 2755 1841 2824 ἰῷ
1859 2756 1912 2812 nit

212 2856 275 2892 rrsm
299 2837 471 2907 dijudicatio
497 2840 644 2893 commissa
669 2848 739 2895 erat.
789 2838 874 2895 Deut.
900 2845 941 2894 21.
993 2839 1047 2893 Re·
1075 2840 1115 2895 tic
1135 2838 1262 2908 &titillet
1287 2838 1409 2908 lttltltttt
1431 2839 1485 2894 uttb
1503 2839 1611 2910 tritten.
1643 2839 1669 2908 ln
1692 2840 1912 2912 nimisnimtis

211 2924 395 2996 spondemus:
426 2924 455 2978 in
482 2925 612 2996 synedrio
629 2924 881 2996 Hierosolymitano
898 2943 954 2981 non
978 2925 1047 2996 poli·
1076 2926 1151 2982 lanu.
1193 2924 1273 2989 Quod
1290 2942 1355 2980 veru
1375 2925 1513 2980 Lutherus
1531 2942 1644 2981 casuum
1665 2927 1912 2984 matrimonialium

212 3012 284 3068 ticas
301 3017 420 3081 tantum,
437 3013 487 3067 sed
506 3012 590 3068 edam
608 3012 811 3068 ecclesiasticas
823 3029 954 3083 personas
965 3030 1047 3084 prae-
1074 3011 1261 3084 cognitionem
1283 3017 1310 3068 et
1329 3011 1558 3083 dijudicationem
1587 3029 1643 3067 non
1660 3013 1776 3084 penitus
1796 3031 1816 3070 a
1834 3033 1867 3072 ss
1883 3021 1911 3072 st

213 3099 318 3154 sedisse
349 3099 427 3154 nulls
454 3098 580 3154 verimtis
612 3099 704 3170 specie
735 3099 834 3170 negari
857 3103 956 3170 potest.
1007 3099 1048 3154 At
1074 3098 1166 3155 officio
1192 3116 1243 3154 suo
1268 3097 1387 3152 alienam
1401 3097 1585 3169 judicaverit,
1616 3099 1674 3154 solo
1700 3100 1807 3156 clarius
1822 3102 1913 3158 elucet

214 3203 374 3257 supremum
395 3185 533 3256 judicium
561 3201 709 3240 causarum
733 3185 976 3241 matrimonialium
994 3185 1049 3241 fuit
1080 3203 1114 3240 ex
1131 3184 1283 3255 praeclaris
1302 3185 1364 3253 illis,
1382 3201 1453 3256 quae
1471 3185 1506 3239 de
1523 3185 1577 3241 hoc
1594 3186 1707 3258 negotio
1725 3186 1757 3241 in
1769 3189 1911 3258 publicum

212 3289 297 3344 penes
315 3272 474 3343 synedrium
487 3271 780 3342 Hierosolymitanum.
809 3272 874 3326 Alia
893 3289 958 3327 vero
977 3273 1047 3327 ratio
1074 3271 1162 3326 edidit
1188 3270 1306 3341 scriptis.
1326 3270 1405 3325 Tom.
1424 3276 1448 3328 t.
1466 3271 1530 3328 Jen.
1550 3270 1644 3328 Germ.
1664 3272 1684 3326 i.
1706 3278 1764 3328 150.
1786 3280 1816 3330 ct
1836 3293 1912 3347 seqq.

213 3368 255 3415 cst
282 3376 429 3414 causarum
453 3373 528 3413 mere
551 3359 676 3412 ciuilium
700 3366 728 3412 ct
754 3359 945 3413 trintinaliam
964 3377 1048 3427 qaam
1076 3357 1233 3413 continetur
1249 3396 1252 3400 -
1268 3357 1401 3427 scriptum
1434 3359 1469 3410 de
1503 3360 1562 3413 uita
1599 3360 1760 3430 scrispuli,
1799 3362 1831 3416 in
1859 3380 1913 3434 quo

211 3445 477 3512 matrimonialium,
505 3443 622 3515 proinde
639 3445 765 3515 quamvis
788 3462 862 3500 mere
880 3445 1002 3500 civilium
1020 3451 1048 3501 et
1076 3447 1213 3517 inlapsum
1230 3443 1284 3499 fert
1301 3445 1336 3499 ds
1354 3443 1507 3500 octodecim
1526 3444 1580 3499 illis
1594 3444 1802 3516 impedimentis
1821 3449 1914 3504 matri·

211 3532 395 3590 criminalium
425 3530 548 3601 cognitio
585 3546 619 3584 ac
657 3531 820 3601 dijudicatio
857 3533 1047 3588 sacerdotibus
1076 3531 1196 3586 munium
1216 3530 1435 3586 contrahendum
1452 3530 1664 3601 prohibentibus
1688 3538 1717 3585 et
1737 3536 1965 3591 contractumm

211 3623 245 3677 V.
264 3620 297 3676 T.
317 3624 446 3690 exparte
464 3617 528 3672 olim
548 3617 707 3685 commissa,
738 3619 766 3672 in
785 3619 818 3674 N.
838 3619 870 3675 T.
890 3619 926 3673 ob
946 3620 1047 3674 Christi
1075 3617 1276 3686 dirimentibus,
1294 3634 1367 3690 quae
1385 3635 1402 3672 a
1420 3618 1570 3673 canoniistis
1589 3625 1796 3679 enumerantur.
1844 3623 1914 3677 ltem

212 3705 389 3762 interdictum
424 3710 452 3759 et
483 3703 665 3759 ecclesiastici
690 3705 836 3760 ministerii
863 3705 1046 3762 conditionem
1076 3704 1225 3760 decausis
1245 3703 1365 3758 divortii.
1406 3704 1484 3758 Tom.
1514 3711 1537 3759 5.
1561 3703 1624 3759 len.
1643 3703 1738 3762 Germ.
1765 3705 1786 3763 f.
1806 3713 1868 3766 239.
1887 3716 1915 3765 et

213 3802 297 3866 atque
329 3799 433 3847 statum
463 3808 518 3846 non
551 3791 670 3863 amplius
701 3792 735 3846 ad
759 3792 893 3848 ecclesiae
921 3792 1046 3846 doctores
1074 3809 1150 3862 seqq.
1169 3791 1325 3846 continetur
1344 3790 1476 3860 scriptum
1491 3791 1632 3844 decausis
1644 3794 1914 3865 matrimonialibus,

210 3881 363 3951 pertineat,
397 3896 430 3934 ax
450 3895 483 3934 co
503 3883 597 3932 tamen
616 3877 713 3932 inferri
731 3878 841 3949 nequit,
871 3878 1046 3949 quodetiam
1074 3879 1103 3932 in
1124 3896 1179 3949 quo
1198 3878 1233 3932 de
1251 3875 1436 3949 sponsalibus,
1454 3876 1580 3931 divorhis
1600 3883 1628 3931 st
1649 3878 1787 3948 gradibus
1809 3898 1914 3954 cogna-

215 3965 459 4022 matrimonialium
483 3964 605 4035 cognitio
627 3963 695 4034 ipsis
721 3964 833 4034 penitus
858 3964 895 4018 sit
914 3964 1048 4035 derogata
1074 3965 1155 4018 tionis
1172 3968 1283 4018 tractat
1322 3962 1399 4018 Tum.
1424 3969 1449 4018 t.
1474 3962 1493 4017 f.
1514 3967 1574 4019 425.
1596 3969 1625 4019 et
1643 3970 1707 4018 tom.
1738 3972 1764 4021 s.
1786 3966 1836 4024 sol
1857 3975 1915 4029 57⁰.

212 4055 256 4110 vel
284 4051 458 4123 deroganda,
493 4049 660 4103 contrarium
686 4049 759 4103 enim
788 4066 820 4104 ex
841 4049 943 4104 Christi
961 4050 1047 4120 ipsius
1073 4050 1185 4120 exponit
1215 4048 1359 4103 consilium
1391 4065 1484 4112 suum,
1516 4047 1584 4120 quid
1616 4050 1759 4121 agendum
1797 4060 1913 4110 comest

211 4148 240 4196 et
270 4138 389 4210 apostoli
418 4136 500 4192 Pauli
531 4137 656 4206 exemplo
694 4137 918 4192 manifestissime
948 4137 1046 4193 clucet.
1073 4137 1127 4200 illi,
1157 4136 1206 4205 qni
1222 4152 1354 4203 spasmum
1378 4152 1458 4188 suam
1482 4136 1518 4188 ab
1536 4136 1597 4189 alio
1628 4146 1795 4206 coemptam
1816 4142 1917 4209 depre-

211 4233 236 4284 6.
265 4229 311 4281 Ea
338 4225 456 4279 maricii
480 4224 627 4279 sententia.
672 4224 812 4279 Lutherus
837 4224 863 4278 d.
890 4224 908 4277 l.
935 4224 1046 4278 scribit:
1073 4225 1184 4277 tendat.

210 4314 258 4384 gd
288 4311 347 4379 tute
366 4312 420 4366 unt
438 4311 541 4381 idriis,
572 4326 636 4367 mun
659 4310 706 4378 loti
735 4312 811 4380 toltit
837 4311 974 4380 statuam
1003 4312 1045 4368 ter
1110 4317 1168 4366 701.
1203 4309 1300 4365 Tertia
1330 4308 1481 4380 propositio
1512 4309 1582 4365 haec
1600 4317 1671 4365 esto:
1702 4314 1732 4363 A
1759 4310 1965 4405 cumarumssff

211 4397 501 4467 sustenementum
528 4399 619 4467 lafita,
652 4399 705 4452 uni
736 4399 783 4453 nie
800 4398 919 4468 Citlitud
947 4398 1046 4467 iptitlrl,
1074 4396 1324 4450 matrimonialium
1352 4396 1507 4464 cognitione
1545 4413 1578 4449 aa
1613 4395 1827 4463 dijudicatione
1861 4420 1965 4456 mun

211 4488 251 4542 tie
285 4486 387 4540 istim
415 4483 496 4554 Icilia
522 4485 579 4553 itte
606 4485 708 4541 tettan
737 4485 876 4553 beatulis,
904 4486 969 4539 tenu
999 4484 1047 4539 nir
1075 4484 1265 4539 includendus
1290 4483 1473 4551 magistratus
1487 4482 1634 4551 politicus.
1677 4482 1827 4540 Probatur
1857 4467 1965 4568 1.αῇ

210 4573 290 4641 latim
307 4572 336 4639 ja
349 4570 448 4627 ilicum
463 4569 557 4639 distiti
575 4571 634 4638 lein,
655 4571 705 4626 tat
718 4570 748 4640 iit
767 4569 816 4625 mit
838 4573 893 4625 tem
903 4571 1046 4639 &sanquis
1074 4571 1257 4639 maqistratus
1288 4570 1393 4635 officio.
1441 4568 1487 4622 Ad
1516 4586 1599 4640 quem
1627 4568 1750 4639 pertinet
1784 4572 1965 4630 emunata·

212 4659 265 4713 unt
285 4656 414 4726 dimittes
443 4657 568 4724 umqeten
595 4671 626 4710 n.
674 4658 716 4712 dio
742 4656 813 4725 finis
840 4656 874 4725 ἰῷ
906 4657 965 4726 aad
994 4656 1047 4711 trin
1074 4656 1219 4728 utriusque
1237 4654 1351 4709 tabulae
1370 4653 1504 4724 decalogi,
1522 4654 1559 4709 ad
1578 4671 1641 4709 eum
1661 4655 1746 4710 etiam
1764 4624 1965 4717 musmumlall

212 4745 331 4813 cressa
354 4744 391 4798 m
412 4742 503 4799 neuen
521 4742 681 4810 certamen,
710 4743 760 4810 na
786 4742 830 4810 na
849 4742 970 4812 ascitus
988 4744 1048 4798 iser
1075 4743 1314 4798 sammonicum
1333 4741 1456 4813 cognitu
1475 4758 1509 4795 sc
1522 4741 1686 4811 dijudicatio
1704 4749 1785 4799 cess
1805 4737 1965 4820 mnoss'g:

213 4829 252 4883 tie
284 4830 385 4900 tinnitu
420 4830 512 4900 tttteu
539 4829 630 4898 laidet
660 4829 763 4897 Cadra
800 4843 987 4896 unqenotmnm
1018 4845 1047 4884 n.
1074 4831 1201 4901 pertinet.
1245 4829 1386 4884 Conncxio
1412 4827 1560 4898 probatur,
1594 4827 1661 4897 quia
1687 4826 1859 4903 conjugium
1891 4832 1965 4891 init·

215 4915 269 4978 Qni
285 4933 387 4969 carues
412 4915 637 4970 matrimoniales
667 4913 777 4979 (scribit
793 4913 1000 4970 Bidenhachius
1019 4915 1047 4969 in
1075 4923 1182 4988 quarto,
1200 4923 1276 4971 sexto
1294 4920 1322 4970 et
1338 4914 1445 4969 decimo
1462 4920 1613 4985 praecepto
1630 4913 1767 4970 divinitus
1787 4892 1965 4976 sanciturffl

211 5000 299 5072 praef.
325 5001 412 5056 libelli
437 5001 480 5056 sui
502 5001 538 5055 de
563 4999 618 5054 illis
643 5000 721 5067 editi)
743 5003 783 5054 ad
802 5002 945 5069 theologos
958 5003 1048 5071 plante
1075 5010 1104 5058 et
1131 5002 1317 5058 confirmatur.
1368 5000 1457 5072 Atqui
1489 5000 1668 5071 magistratus
1692 5001 1834 5062 divinitus
1853 5025 1917 5064 cou-

211 5088 284 5144 nihil
302 5089 418 5142 attinere
436 5088 576 5157 parriunt,
591 5088 709 5156 pulchre
729 5088 894 5156 sibisapere
912 5089 1048 5156 ridentur,
1075 5090 1191 5144 stitutus
1216 5095 1259 5144 est
1284 5086 1429 5158 utriusque
1453 5087 1567 5141 tabulae
1591 5092 1692 5151 custos,
1715 5095 1749 5143 ut
1775 5092 1807 5146 in
1828 5100 1863 5151 tr.
1883 5095 1916 5150 ds

211 5176 289 5246 qaod
310 5175 384 5227 Mem
409 5192 470 5228 cum
491 5176 616 5229 Luthcro
643 5182 776 5228 statuant.
828 5173 882 5230 Sed
900 5174 1048 5244 respondet
1075 5176 1199 5248 magistr.
1228 5173 1256 5248 ξ.
1287 5180 1344 5230 tos.
1372 5180 1400 5227 et
1426 5191 1501 5245 seqq.
1529 5173 1789 5231 demonstravimus.
1841 5181 1915 5252 Ergo

211 5262 352 5317 Lutherus
370 5259 437 5317 ibid.
459 5261 560 5316 diserte
580 5261 660 5315 addit
675 5262 744 5315 hacc
764 5259 862 5327 verba,
895 5277 967 5330 quae
992 5277 1048 5315 non
1075 5265 1155 5334 cujus
1176 5268 1218 5318 est
1235 5262 1310 5333 leges
1328 5260 1458 5314 honestas
1475 5259 1510 5314 de
1527 5258 1716 5330 sponsalibus,
1737 5265 1916 5334 cognationis

211 5355 276 5403 sunt
298 5345 464 5402 omittenda:
494 5349 726 5416 iluiqtttoututtu.
751 5355 792 5403 tuo
812 5351 840 5403 ti
862 5345 902 5402 tic
920 5347 1048 5417 &titillet
1060 5412 1063 5427 Ι
1075 5348 1227 5420 gradibus,
1248 5347 1338 5401 causis
1363 5345 1617 5400 divortiorumetc.
1636 5345 1748 5402 divinae
1774 5349 1835 5421 legi
1854 5367 1915 5406 con·

212 5436 332 5506 bettlbret
360 5436 421 5504 bat,
454 5435 498 5489 uli
525 5437 560 5491 C.
580 5437 690 5505 Tentat
722 5441 744 5491 1.
770 5434 832 5490 Cor.
860 5441 884 5490 t.
921 5430 1178 5565 Ostenditpformes
1196 5434 1386 5507 promulgare,
1413 5433 1473 5502 ejus
1492 5432 1576 5487 etiam
1594 5437 1637 5488 est
1650 5433 1735 5502 juxta
1755 5435 1836 5507 leges
1855 5437 1915 5492 illas

210 5528 303 5579 autem
337 5526 413 5576 totus
449 5523 611 5595 contextus,
647 5519 800 5581 liutherum
838 5521 974 5578 sununs
1013 5521 1048 5581 de
1075 5522 1255 5597 pronuntiare
1274 5526 1303 5576 ct
1319 5519 1430 5576 easdem
1448 5518 1618 5575 exsecutioni
1641 5519 1787 5578 mandare.
1826 5524 1911 5599 Atqui
