4020 6022
858 286 911 343 DE
930 284 1129 347 cortinam.
1778 303 1839 358 441

144 453 199 488 non
218 439 309 505 possit
330 437 406 492 coire
423 455 485 492 cum
502 455 549 503 ec,
567 439 596 493 ei
607 447 702 508 potest
716 457 770 510 per
788 459 882 497 oerum
899 445 982 513 judi·
1008 444 1079 498 ratio
1098 450 1126 500 et
1143 445 1293 516 prudentia
1312 445 1418 516 judicis
1437 462 1470 501 ex
1486 445 1611 518 generali
1628 445 1727 518 regula
1744 449 1843 504 cadem

147 524 221 575 mum
249 525 387 594 probare,
420 527 498 596 quod
530 543 624 579 omum
654 527 703 594 eit,
730 528 854 598 accipiat
879 531 978 586 'olium
1006 529 1089 585 facile
1119 531 1234 603 colligit
1284 538 1309 589 3.
1330 534 1376 586 An
1406 532 1443 587 sit
1469 531 1633 604 impotentia
1657 540 1788 588 11111111
1813 540 1843 589 et

145 609 282 666 Videatur
296 613 379 668 etiam
392 613 607 685 c.chuisivieti
623 618 673 670 etc.
687 619 727 669 31.
741 621 847 686 quaest.
861 617 979 673 tetlib.
1003 624 1150 687 perpetim.
1193 618 1222 672 Si
1245 618 1319 673 enim
1342 618 1449 674 ratione
1474 619 1574 675 aetatis
1599 619 1629 673 in
1652 619 1841 691 impuberibus

144 703 168 750 t.
195 696 373 753 decretalium
400 701 473 756 titul.
496 705 535 755 15.
556 701 591 754 de
613 701 734 770 fripidie
759 709 784 755 et
800 703 980 770 mateficiatm
1007 709 1049 758 est
1067 703 1242 774 inhabilitae,
1267 711 1381 776 propter
1401 722 1463 761 eam
1482 722 1537 760 non
1555 712 1598 761 est
1613 705 1722 761 irritum
1738 706 1841 762 facien·

143 786 172 835 et
188 783 352 853 impotentia
375 787 501 841 coeundi.
544 792 569 839 t.
589 787 637 839 Ee
655 787 820 854 1191111111.
848 789 944 844 Labeo
960 790 977 843 l.
1006 790 1072 844 dum
1094 791 1307 857 matrimonium,
1325 790 1462 863 siquidem
1479 807 1513 846 ea
1532 790 1678 864 corrigitur
1693 809 1842 865 progressu

143 868 224 934 Quod
244 871 384 942 pupillae
410 877 452 927 30.
479 872 508 925 ff.
562 872 680 937 Quando
703 873 764 927 dies
793 875 893 946 legat:
912 878 978 931 Non
1005 876 1145 946 temporis,
1162 877 1237 932 unde
1255 879 1456 934 etiamcartum
1474 885 1584 948 tempus
1596 879 1749 949 exspectari
1762 879 1840 944 solet,

141 963 231 1024 potest
258 958 353 1011 rideri
371 967 474 1028 nupto,
505 976 577 1027 qaae
603 960 695 1013 ciram
718 961 786 1028 pati
807 981 863 1016 non
877 971 977 1031 potest.
1005 968 1153 1035 antequam
1180 971 1294 1034 propter
1317 964 1507 1035 impotentiam
1526 963 1577 1019 fiat
1605 965 1757 1036 separatio,
1785 982 1841 1036 qua

142 1040 318 1097 ‚lastinianus
337 1043 401 1098 lin
419 1045 511 1099 111111
532 1051 572 1100 ltl.
599 1044 629 1101 0.
649 1045 684 1101 de
701 1047 841 1117 repudiis:
867 1048 902 1102 si
920 1067 977 1102 ma·
1005 1049 1040 1106 de
1064 1067 1094 1105 re
1126 1051 1287 1106 canonistoe
1317 1050 1357 1106 sic
1374 1056 1507 1107 statuunt
1550 1051 1580 1105 Si
1608 1057 1651 1106 est
1679 1051 1841 1122 impotentia

142 1130 215 1183 ritae
246 1133 331 1183 emori
357 1132 392 1183 ot
421 1132 502 1185 initio
530 1133 705 1186 matrimonii
729 1151 817 1202 aeque
840 1137 882 1188 od
907 1139 978 1190 duos
1005 1136 1140 1191 naturalis
1158 1153 1190 1191 ac
1208 1138 1343 1193 veraciter
1359 1155 1410 1208 pcr
1426 1138 1509 1209 signa
1534 1137 1673 1192 evidentia
1690 1138 1726 1193 de
1742 1155 1840 1209 perpe·

143 1231 232 1269 annea
249 1217 395 1271 continuos
410 1220 614 1287 computandos
639 1221 716 1274 coire
732 1221 844 1274 minime
856 1232 977 1293 propter
1004 1222 1104 1278 tuitate
1116 1224 1296 1294 impotentiae
1310 1229 1428 1291 constat,
1445 1223 1523 1278 nullo
1536 1229 1840 1295 temporecxspectato,
1945 1271 1949 1277 .

143 1301 301 1354 naturalem
325 1302 543 1357 imbecillitatem
560 1305 673 1374 uatem,
688 1314 781 1375 potest
806 1308 909 1362 mulier
933 1311 977 1363 oet
1004 1308 1053 1363 sed
1072 1312 1166 1364 statim
1192 1309 1308 1365 solvitur
1334 1310 1554 1379 matrimonium
1578 1310 1601 1365 si
1623 1327 1689 1366 vcro
1706 1311 1840 1366 veraciter

143 1387 204 1453 ejus
211 1396 344 1456 parentes
352 1390 412 1442 eine
421 1391 552 1458 perimite
564 1391 640 1445 dotis
652 1393 977 1465 amittendoerepudinm
1004 1396 1115 1465 probari
1133 1415 1167 1452 ea
1193 1397 1305 1468 nequit,
1330 1402 1398 1452 tunc
1424 1397 1541 1450 triennii
1558 1403 1668 1467 tempus
1685 1396 1841 1468 exspectari

144 1475 245 1527 marito
261 1477 378 1530 mittere.
1000 1483 1117 1552 jubetur
1134 1485 1320 1552 (lastinianus
1339 1485 1357 1541 l.
1378 1485 1407 1538 in
1425 1483 1523 1539 111111.
1546 1489 1585 1539 10.
1603 1482 1635 1539 (l.
1653 1484 1688 1538 de
1705 1483 1838 1555 repudiis,

178 1567 236 1618 eta.
278 1561 407 1616 Ceterum
444 1563 635 1634 impotentiam
675 1567 837 1623 canonistas
870 1570 977 1626 ratione
1003 1570 1144 1624 Maenium
1162 1570 1289 1639 statuit),
1307 1586 1362 1642 quo
1380 1569 1579 1642 praeterlapso,
1596 1570 1620 1623 si
1639 1575 1756 1642 uterque
1774 1587 1839 1625 cen·

143 1662 292 1700 causarum
310 1654 436 1703 statuunt
455 1650 605 1721 triplicem:
627 1655 651 1704 1.
665 1655 834 1722 naturalem,
853 1658 880 1711 2.
901 1659 974 1711 aeci·
1002 1655 1114 1711 fitentur
1141 1656 1333 1726 impotentiam
1362 1663 1391 1711 et
1415 1657 1494 1726 juret
1524 1673 1587 1711 cum
1612 1657 1732 1726 septima
1755 1673 1838 1711 manu

143 1735 283 1788 dentatam
308 1743 336 1789 et
362 1739 390 1788 3.
415 1737 620 1805 maleficialem.
669 1741 839 1796 Naturalem
866 1750 975 1814 vocant,
1001 1742 1218 1813 propinquorum
1248 1742 1294 1796 vel
1324 1742 1476 1796 vicinorum
1508 1741 1597 1797 bonae
1634 1742 1740 1807 famae,
1768 1751 1837 1798 tunc

142 1836 214 1890 quse
231 1837 249 1875 a
268 1828 369 1876 natura
389 1824 531 1892 provenit,
549 1841 637 1895 eaque
650 1827 788 1900 contingit
804 1830 848 1884 vel
866 1833 975 1884 ratione
1002 1827 1118 1882 solvitur
1137 1828 1341 1883 matrimonium
1365 1836 1395 1883 et
1412 1829 1487 1899 parti
1511 1845 1597 1883 sanae
1615 1828 1698 1883 datur
1714 1833 1839 1900 potestas

143 1909 259 1977 oemtia,
292 1913 323 1961 ut
355 1909 384 1962 in
413 1910 573 1980 impubere,
599 1928 672 1984 quac
697 1932 846 1986 progressu
875 1918 975 1972 aetatis
1001 1913 1078 1968 aliud
1096 1914 1257 1985 conjugium
1276 1914 1390 1969 ineundi
1411 1915 1524 1981 (rectius
1551 1920 1645 1970 autem
1664 1915 1699 1970 ad
1719 1915 1838 1970 medico·

141 2000 245 2064 cessat3
264 1997 309 2051 vel
327 1997 355 2050 in
375 1998 473 2053 adulto
489 2016 523 2053 ex
543 2000 610 2054 citio
629 2005 753 2070 pamniam
772 2006 974 2067 conformatio·
1000 2017 1062 2055 rum
1081 2016 1114 2055 ac
1132 2001 1323 2071 chirurgorum
1349 1999 1489 2071 Judicium
1508 2017 1591 2071 quam
1611 2001 1648 2055 ad
1669 2000 1773 2056 biennii
1792 2001 1837 2056 vel

141 2083 194 2150 nie,
211 2082 287 2152 quod
304 2083 472 2139 curationem
490 2103 545 2140 non
562 2086 670 2157 recipit.
703 2088 802 2144 Matth.
820 2096 860 2160 19,
878 2109 904 2146 v.
928 2096 974 2146 lt:
1000 2086 1111 2141 triennii
1128 2087 1345 2158 explorationem
1362 2086 1408 2141 hic
1426 2086 1601 2153 decurritur).
1639 2085 1669 2142 Si
1680 2104 1746 2142 vero
1763 2105 1836 2142 nnus

143 2170 214 2222 Sunt
232 2170 366 2233 eunuchi,
396 2173 445 2240 oui
467 2174 503 2225 de
521 2180 600 2228 utero
629 2176 730 2228 matris
752 2177 794 2230 eie
815 2179 879 2231 noti
902 2185 975 2231 sont.
1000 2171 1165 2227 confiteatur
1184 2180 1213 2228 et
1229 2174 1299 2229 alter
1315 2178 1408 2244 neget,
1424 2189 1480 2227 non
1499 2173 1583 2228 debet
1599 2173 1722 2244 separari
1739 2174 1835 2228 matri·

141 2257 352 2310 Accidmtolem
374 2263 491 2323 vocant,
524 2277 597 2331 quae
624 2278 657 2316 ex
682 2262 819 2317 accidenti
849 2263 974 2332 infertur,
1001 2261 1131 2324 monium,
1150 2260 1204 2314 nisi
1222 2261 1259 2328 is,
1277 2261 1325 2333 qui
1345 2266 1401 2316 stat
1418 2266 1515 2315 contra
1531 2259 1749 2328 matrimonium,
1773 2277 1836 2331 pro·

140 2343 271 2398 videlicet
287 2344 330 2398 vel
348 2347 481 2410 omorbo,
500 2346 545 2401 vel
560 2366 580 2400 o
595 2350 686 2417 ferro,
704 2350 815 2421 quando
828 2350 871 2405 vel
884 2350 975 2405 aliena
1001 2345 1048 2401 het
1074 2347 1302 2417 impedimentum
1333 2365 1384 2419 pcr
1409 2348 1517 2417 justum
1544 2346 1688 2417 judicium
1733 2346 1763 2402 si
1793 2354 1837 2402 est

140 2428 273 2484 violentia
282 2429 354 2484 fiunt
368 2431 495 2496 cunuchi,
507 2432 609 2488 Matth
621 2439 662 2499 19,
673 2453 699 2488 v.
714 2441 759 2491 tt:
774 2437 846 2490 Sunt
856 2439 976 2491 cuneoli
1001 2434 1165 2504 impotentia
1184 2435 1386 2502 comdentalie,
1405 2450 1477 2505 quae
1494 2431 1600 2487 nnllam
1618 2432 1740 2488 admittit
1756 2450 1835 2488 cura·

140 2517 176 2568 ob
199 2517 355 2570 hominibus
380 2520 471 2588 facti,-
507 2519 553 2573 vel
580 2526 789 2591 praeposterum
820 2523 974 2578 coelibatus
999 2521 1102 2576 tionem
1133 2537 1185 2575 nec
1210 2539 1287 2592 spem
1313 2521 1478 2589 sanationis,
1509 2519 1602 2574 statim
1631 2520 1834 2574 matrimonium

140 2602 263 2657 studium
289 2604 325 2657 nd
354 2604 431 2658 illam
456 2606 579 2677 corporis
607 2613 715 2676 partem
740 2608 904 2664 laedendam
925 2610 974 2664 ali-
1000 2607 1123 2676 separari
1141 2613 1241 2678 potest
1271 2607 1355 2663 Sicut
1372 2605 1536 2676 impotentia
1552 2605 1738 2671 maleficiolie,
1753 2607 1835 2677 juxta

140 2705 223 2759 quem
241 2690 359 2760 impulit,
378 2691 460 2762 quale
472 2693 539 2763 qnid
556 2693 592 2748 de
605 2692 725 2766 Origene
738 2703 973 2754 commemoratur,
999 2693 1158 2748 canonistas
1175 2693 1290 2748 solvitur
1307 2692 1526 2760 matrimonium,
1548 2692 1571 2746 si
1590 2699 1654 2763 post
1672 2691 1834 2749 triennalem

142 2777 347 2846 Maleficiaiem
364 2779 523 2849 appellant,
550 2796 623 2851 quae
651 2781 758 2836 fascino
784 2800 818 2838 ac
842 2782 973 2839 veneficio
999 2778 1233 2834 cohabitationem
1250 2777 1386 2849 juraverit
1411 2783 1543 2848 uterque,
1566 2777 1609 2831 vir
1630 2784 1658 2832 et
1674 2795 1752 2850 uxor,
1770 2795 1834 2834 cum

139 2863 264 2920 infertur.
328 2863 447 2922 11111111
482 2867 603 2936 aibjecti
645 2869 809 2940 impotentia
849 2888 899 2926 seu
932 2872 973 2926 in·
999 2866 1119 2936 sepono
1139 2882 1222 2919 manu
1240 2864 1465 2936 propinquorum,
1484 2864 1559 2935 quod
1575 2881 1719 2936 1111on
1738 2881 1833 2937 om·

137 2950 269 3007 habilitas
295 2958 338 3007 est
366 2953 412 3008 vel
448 2954 479 3007 in
506 2955 582 3020 ciro,
614 2956 660 3011 vel
686 2958 805 3020 fenino,
851 2958 886 3013 In
913 2959 973 3014 viro
999 2951 1063 3007 liter
1078 2952 1249 3007 commisceri
1267 2952 1416 3022 ponerint,
1434 2950 1569 3005 rationem
1587 2951 1667 3005 addit
1686 2950 1788 3007 (111111
1803 2952 1833 3006 in

138 3045 181 3094 est
201 3043 259 3093 tun
289 3039 400 3094 ratione
427 3041 614 3110 septennio,
640 3047 699 3097 tum
725 3045 832 3100 ratione
858 3048 973 3111 eonfor-
999 3055 1021 3094 e.
1040 3038 1116 3095 final.
1134 3057 1161 3096 1.
1179 3039 1215 3094 de
1229 3037 1295 3108 frig.
1315 3042 1344 3091 et
1366 3035 1459 3092 mnlet.
1477 3037 1545 3106 qnia
1558 3045 1832 3109 1011111111-

138 3126 285 3191 motionie,·
302 3127 332 3180 iu
348 3125 453 3181 femina
470 3133 576 3182 tentum
593 3129 700 3185 ratione
716 3133 960 3200 conformationis.
999 3128 1042 3181 rit
1055 3127 1126 3180 talis
1144 3126 1310 3194 impotentia
1326 3123 1463 3178 renouari
1478 3123 1557 3191 solet,
1575 3123 1653 3194 atqui
1670 3140 1723 3178 nec
1741 3126 1833 3195 dolus,

71 3229 94 3258 n·
175 3218 233 3269 660,
280 3213 439 3285 Antequam
475 3231 541 3269 vero
573 3216 660 3285 judex
691 3232 836 3273 (thumum
880 3223 973 3276 matri.
999 3230 1052 3268 nac
1069 3231 1151 3267 error
1168 3213 1198 3265 111
1216 3210 1267 3265 tall
1287 3208 1418 3281 conjugio
1437 3209 1600 3279 interemit,
1621 3209 1734 3282 quando
1750 3210 1833 3266 alter·

71 3272 119 3364 ,ἱῖ
139 3298 299 3353 monialium
336 3299 372 3354 ob
416 3301 608 3371 impotentium
659 3303 717 3359 sive
768 3305 971 3363 inhabilitatem
998 3301 1054 3355 utri
1072 3300 1117 3355 vel
1141 3298 1254 3369 utrique
1278 3297 1429 3367 conjugum
1449 3313 1499 3366 per
1515 3295 1651 3351 fascinum
1671 3296 1834 3368 impotentia

138 3386 298 3455 pronuntiet
322 3386 535 3442 matrimonium
568 3388 691 3460 irritum,
730 3399 860 3447 accurate
895 3395 973 3465 prins
999 3387 1178 3454 conciliatur,
1202 3384 1277 3439 adde
1300 3384 1375 3455 quod
1394 3383 1469 3438 ultra
1491 3400 1594 3438 annum
1616 3384 1701 3439 etiam
1721 3384 1832 3439 11111111

138 3471 302 3526 consideret
338 3478 358 3527 t.
384 3489 421 3526 an
454 3472 646 3544 impotentiam
673 3483 846 3533 contractum
878 3481 972 3536 matri-
998 3473 1161 3544 impotentia
1178 3488 1229 3543 per
1246 3470 1383 3525 fascinum
1401 3469 1480 3523 illata
1493 3469 1593 3525 durare
1609 3469 1832 3525 acnihilominus

136 3558 221 3613 monii
250 3562 437 3628 praecesserit
471 3560 516 3614 vel
547 3570 642 3615 secuta
670 3563 762 3620 fuerit.
812 3564 868 3621 illa
899 3567 971 3621 enim
997 3568 1095 3632 postea
1111 3560 1171 3615 tolli
1186 3558 1290 3630 possit,
1308 3558 1368 3626 jam
1392 3572 1457 3611 vero
1475 3561 1589 3627 propter
1614 3572 1675 3611 1111
1698 3555 1833 3611 duntaxat

135 3646 288 3708 duntaxat,
318 3661 373 3698 non
391 3644 473 3714 haec,
501 3662 574 3715 quae
596 3665 629 3704 ex
649 3650 785 3704 accidenti
804 3653 971 3723 supervenit,
998 3646 1191 3717 impotentiam
1202 3644 1311 3699 irritum
1319 3643 1555 3713 pronuntiandum
1569 3641 1833 3712 estmatrimonium,

135 3731 338 3786 matrimonium
358 3731 451 3786 reddit
467 3732 583 3803 irritum,
601 3739 632 3788 nt
646 3734 761 3790 inferius
774 3737 971 3792 demonstrabi·
997 3750 1070 3805 quae
1088 3739 1132 3788 cst
1148 3748 1259 3802 prorsus
1279 3728 1446 3784 incurabilia
1479 3728 1594 3783 Rectius
1611 3728 1697 3798 igitur
1716 3728 1833 3784 fecerint

137 3835 205 3872 mus.
234 3816 399 3872 Canonistne
418 3824 512 3873 111111
530 3819 558 3873 in
577 3838 600 3875 c.
613 3821 807 3877 fraternitatis
823 3830 875 3881 etc.
893 3831 972 3879 extre
997 3820 1037 3891 pii
1055 3820 1203 3890 conjuges.
1231 3819 1255 3872 si
1272 3815 1462 3887 impotentiam
1482 3831 1532 3885 per
1548 3813 1685 3869 fascinum
1702 3814 1755 3869 sibi
1772 3815 1831 3870 illa·

136 3904 172 3959 de
189 3903 252 3974 frig.
272 3908 301 3959 et
319 3903 409 3960 melei.
426 3904 589 3974 admonent,
607 3907 638 3960 in
658 3909 744 3962 dubio
762 3927 870 3981 semper
885 3928 970 3980 prae·
996 3916 1054 3963 tam
1084 3905 1318 3973 animadvertant,
1346 3911 1377 3957 ut
1395 3901 1580 3973 poenitentia,
1610 3901 1680 3968 tide,
1702 3900 1831 3972 precibus

133 3990 214 4057 sumi,
233 3990 284 4044 loe
307 3991 534 4062 impedimentum
547 3995 749 4063 praesumtae,
769 4013 803 4049 ee
829 4015 969 4066 111111-
996 4001 1048 4051 etc.
1071 3997 1169 4048 111111
1187 3991 1318 4046 Semnum
1338 3994 1473 4060 pugnent,
1493 4003 1577 4058 (lum
1596 3986 1619 4041 ⁸5
1639 3993 1753 4058 PWPW
1768 4003 1831 4042 Μ

134 4096 217 4147 paam
238 4078 332 4147 potuit
355 4078 500 4147 conjupem
519 4096 693 4149 eopnoeoere.
741 4086 764 4136 2.
785 4082 832 4137 An
851 4084 888 4138 111
903 4102 971 4138 cera
996 4078 1199 4136 matrimonium
1217 4076 1325 4130 irritum
1349 4073 1522 4145 pronuntiari
1545 4073 1697 4144 postulent.
1738 4080 1763 4129 1.
1784 4075 1831 4128 An

134 4173 159 4217 ct
177 4171 254 4217 certa
270 4163 440 4234 impotentia.
474 4165 550 4236 Ergo
567 4184 622 4221 non
643 4166 726 4222 debet
745 4184 805 4223 esse
822 4174 969 4225 contentus
996 4165 1032 4218 sit
1050 4163 1212 4235 impotentia
1231 4160 1406 4225 11011ῦῦ1111,
1427 4175 1499 4230 quse
1516 4158 1590 4214 essim
1607 4159 1735 4214 mmeffiit
1753 4159 1831 4214 adhi-

132 4250 211 4304 nuda
227 4255 255 4304 et
273 4250 391 4320 simplici
410 4251 614 4309 asseveratione
632 4253 793 4309 alterutrius
813 4256 857 4311 vel
870 4257 969 4311 utrius·
996 4250 1061 4306 bitis
1074 4250 1175 4321 corrigi
1195 4253 1294 4319 potetis
1312 4263 1345 4303 0⁸
1362 4262 1417 4300 ¹¹⁰⁰
1435 4251 1477 4300 011
1495 4245 1722 4316 impedimentum
1736 4247 1830 4301 mili·

133 4353 189 4409 que
207 4336 338 4407 conjugis
353 4336 388 4390 de
405 4335 569 4407 impotentia
587 4341 794 4411 conquerentis,
824 4342 873 4397 sed
891 4343 914 4397 si
934 4343 969 4398 de
995 4337 1116 4392 monium
1128 4336 1266 4390 dirimens·
1286 4351 1310 4389 0·
1330 4335 1371 4386 ΕΙ
1389 4331 1477 4388 1111ῐί1
1488 4338 1541 4387 010·
1554 4331 1590 4385 ⁴¹0
1606 4330 1671 4403 frig·
1691 4337 1719 4387 (tt
1739 4332 1830 4389 mles·

133 4422 252 4479 feminac
269 4423 431 4494 impotentia
459 4424 564 4495 agitur,
582 4443 632 4496 per
654 4425 818 4482 obstetrices
840 4436 868 4484 et
885 4429 969 4485 hone.
995 4423 1159 4479 Scholastici
1196 4423 1306 4490 dicunt,
1349 4419 1432 4474 aliam
1455 4417 1644 4488 impotentiam
1684 4418 1830 4475 excludere

132 4516 191 4565 stae
211 4525 341 4580 personas
354 4509 394 4563 rei
408 4509 509 4564 veritas
528 4511 709 4582 inquirenda;
727 4513 750 4567 si
765 4515 800 4570 de
813 4515 872 4569 viro
890 4517 969 4571 dubi·
995 4519 1087 4564 actam
1103 4519 1269 4575 eeeatmam,
1287 4507 1369 4561 aliam
1389 4506 1525 4560 duntaxat
1536 4513 1628 4560 aetum
1646 4514 1830 4576 pronomen.

132 4601 216 4662 tatur,
234 4612 284 4667 per
297 4597 485 4666 juramentum
498 4601 526 4652 et
544 4597 625 4667 signa
639 4606 758 4655 externa
789 4601 884 4657 Facile
896 4603 969 4658 enim
996 4605 1018 4654 5.
1031 4598 1062 4651 Si
1074 4603 1116 4652 est
1127 4594 1288 4666 impotentis
1295 4594 1481 4662 praecedens,
1500 4608 1576 4658 vm,
1591 4601 1732 4662 mm
1747 4594 1830 4649 6111·

74 4701 120 4742 eie.
132 4682 294 4753 contingere
316 4688 421 4752 posset,
440 4690 471 4736 ut
495 4683 588 4737 taedio
607 4685 735 4756 conjugis
753 4686 797 4742 vel
819 4704 852 4742 ex
872 4695 968 4744 mutuo
996 4685 1141 4752 cornato,
1169 4681 1385 4753 dispiciendum,
1412 4697 1448 4734 ⁸¹¹
1466 4680 1489 4733 5⁸
1515 4682 1564 4751 qui
1590 4697 1653 4735 mm
1678 4680 1829 4752 impotente

132 4775 214 4839 pacto
232 4767 346 4839 querela
370 4766 406 4822 de
431 4768 593 4839 impotentia
618 4769 792 4838 instituuntur,
822 4772 885 4826 ideo
910 4775 969 4830 sine
995 4769 1144 4834 contraxit,
1169 4769 1299 4821 notitiam
1316 4767 1400 4834 liujus
1424 4767 1618 4835 impedimenti
1634 4766 1777 4834 habuerit,
1802 4769 1826 4823 si

133 4854 288 4909 firmatione
314 4854 349 4909 ob
374 4871 519 4925 corporum
539 4855 741 4912 inhabilitatem
764 4859 968 4914 matrimonium
996 4858 1068 4912 enim
1087 4856 1176 4910 sciens
1195 4871 1228 4909 ac
1244 4853 1338 4908 volens
1358 4868 1422 4907 cum
1439 4853 1665 4925 impotenteqnis
1681 4856 1828 4924 contraxit,

131 4958 188 4995 non
206 4946 249 4994 cst
267 4939 374 4994 irritum
400 4941 643 5012 pronuntiandum.
680 4943 770 4999 Verae
789 4942 968 5015 impotentiae
995 4960 1050 4998 non
1066 4942 1151 4997 facile
1175 4940 1313 5011 separatio
1330 4939 1497 5008 instituitur,
1525 4939 1579 4994 nisi
1595 4940 1700 4996 scilicet
1718 4942 1827 5012 pericu·

130 5027 242 5082 nomine
261 5026 427 5098 intelligitur
445 5045 486 5096 ee,
506 5046 577 5100 quac
595 5046 773 5100 congressum
792 5032 967 5102 conjugalem
995 5029 1052 5083 lum
1070 5027 1258 5083 fornicationis
1269 5026 1341 5096 parti
1355 5041 1439 5080 sanae
1451 5025 1617 5096 impendeat.
1637 5045 1659 5082 c.
1679 5026 1826 5082 Consulta-

131 5114 244 5184 penitus
262 5112 387 5183 impedit,
404 5130 460 5168 non
476 5131 517 5179 ea,
536 5131 608 5185 quac
627 5116 814 5187 generationis
832 5117 969 5174 duntaxat
994 5113 1255 5172 tinnietc.extrade
1266 5112 1331 5184 frig.
1344 5111 1473 5168 etmalef.
1496 5112 1827 5188 Reaammeninlibrde

131 5200 261 5255 effectum
296 5199 463 5269 intervertit,
492 5202 567 5256 unde
596 5201 760 5258 Scholastici
793 5204 969 5277 distinguunt
994 5202 1092 5256 divort.
1105 5200 1188 5256 etiam
1207 5199 1277 5252 illud
1294 5197 1573 5268 coniugiumirritum
1591 5200 1826 5270 pronuntiandum

130 5286 203 5341 iuter
225 5287 417 5356 impotentiam
439 5289 481 5340 ad
504 5288 693 5357 generationis
716 5297 808 5342 aotam
833 5297 861 5345 et
879 5294 966 5362 impo-
993 5288 1104 5355 statuit,
1129 5287 1197 5355 quia
1216 5286 1290 5339 ludit
1314 5284 1530 5338 benedictionem
1548 5286 1688 5355 diciriom,
1717 5285 1826 5341 natan

129 5374 245 5426 tentiam
256 5373 966 5444 adpenerationioeffeetmmnonhaec,scdilladun-
992 5374 1119 5444 conjaaii
1131 5375 1220 5440 finem
1247 5371 1360 5439 attinpit
1385 5379 1412 5424 et
1435 5370 1593 5425 cananeum
1612 5374 1696 5441 minei
1712 5372 1825 5426 homici-

129 5459 416 5512 taxatmatrimonium
433 5459 540 5513 irritum
552 5460 653 5515 reddit.
673 5459 842 5519 Canonistae
858 5464 894 5518 ad
905 5481 965 5535 spe-
992 5461 1070 5517 dium
1088 5461 1265 5529 conjunctam
1282 5458 1373 5511 babet.
1409 5462 1433 5512 t.
1451 5456 1481 5511 si
1500 5463 1543 5512 est
1560 5457 1723 5528 impotentia
1738 5474 1825 5527 prae·

127 5546 242 5601 cialiora
258 5545 441 5616 descendunt,
464 5547 513 5601 sed
539 5548 607 5603 casti
628 5549 742 5619 pudoris
768 5549 897 5608 habenda
918 5558 962 5613 est
985 5551 1096 5618 codena,
1114 5564 1196 5613 vero,
1210 5553 1365 5617 perpetim,
1382 5545 1552 5599 incurabilis
1570 5552 1599 5600 et
1615 5545 1725 5617 utrique
1744 5545 1953 5618 1111111111.
