4020 6022
850 294 902 351 Dli
918 292 1118 352 conanum.
1767 304 1824 363 set

136 453 232 501 votum
252 445 366 516 simplex
398 452 557 502 contractae
588 465 643 503 non
669 448 781 504 fuerunt
813 448 972 519 dissolutae,
995 449 1150 504 nutrescunt
1172 451 1323 520 curteum,
1351 452 1454 505 nubere
1470 451 1580 520 colunt,
1604 452 1734 505 tudetes
1747 450 1828 519 judi·

135 550 203 604 ergo
217 548 269 587 nec
284 548 343 602 eae,
363 549 435 603 quae
447 538 510 604 post
522 541 617 590 votum
636 534 748 591 solenne
763 535 972 601 contrahuntur,
996 537 1084 601 siuns,
1103 541 1181 607 quaet
1192 539 1320 608 primam
1337 541 1422 602 fidem
1439 539 1627 603 resciderunt,
1652 538 1733 591 uttam
1752 537 1828 589 risic-

138 617 330 673 dissolvendae
342 620 426 683 sunt)
454 618 608 675 Concilium
620 618 844 677 chalcedonense
857 640 918 678 cen.
931 628 972 679 16.
996 622 1071 689 licet,
1090 641 1109 675 a
1126 642 1183 695 qua
1201 626 1231 678 in
1249 625 1385 679 uiduitate
1410 625 1537 680 inuentae
1557 633 1583 678 ct
1598 625 1748 694 professae
1767 639 1829 677 eam

136 705 183 775 qui
200 705 302 758 citatur
318 704 348 759 in
364 706 585 775 jurecanonico.
605 723 629 762 c.
656 706 685 762 Si
706 724 761 779 qua
781 713 824 763 m.
842 727 866 781 q.
886 716 906 765 t.
927 726 972 763 ee·
995 726 1052 762 non
1069 718 1259 780 perseverant.
1305 711 1428 781 Propter
1456 712 1533 781 meost
1548 710 1621 773 mult,
1647 726 1695 764 eas
1718 710 1828 776 nubere,

139 793 385 845 communicandos
417 799 512 848 censet
540 792 677 863 cirpinem
704 794 768 847 Deo
795 795 919 848 dicatam
944 802 971 848 et
994 812 1030 849 nc
1043 795 1169 866 primam
1186 799 1271 863 fidem
1282 806 1426 867 acceptae
1445 796 1592 850 eiduitatis
1606 804 1706 866 postea
1724 795 1828 850 rescia·

135 877 342 941 monachum,si
354 877 460 948 ussptiis
468 879 636 947 junpantur,
656 878 764 934 interim
782 880 868 947 addit,
885 898 969 951 posse
997 883 1076 952 dant,
1096 901 1152 936 non
1170 890 1202 937 ut
1220 885 1299 937 toties
1317 885 1431 952 nubant,
1452 884 1559 953 quoties
1576 883 1607 935 in
1624 883 1760 936 uiduitate
1771 888 1827 937 teu·

134 966 174 1018 eis
188 965 254 1029 fieri
272 965 488 1035 inmanitatem,
505 964 533 1018 si
549 966 591 1020 ita
604 967 770 1034 probauerit
789 968 846 1021 loci
863 969 967 1039 episeo-
994 975 1054 1021 tata
1072 969 1128 1024 imo
1147 978 1173 1023 et
1193 970 1223 1023 in
1239 970 1351 1025 deliciis
1366 969 1463 1024 tama
1482 969 1622 1023 noluerint
1637 984 1827 1037 perseuerare.

131 1068 194 1120 pus.
233 1050 356 1122 (Excipit
373 1050 574 1120 Bellarminus,
595 1052 792 1107 trsmanitetem
817 1054 899 1109 iliam
912 1072 968 1107 non
995 1053 1118 1125 (Excipit
1136 1055 1321 1112 Bellarminus
1347 1055 1381 1111 de
1407 1054 1532 1109 monach.
1557 1070 1617 1124 esp.
1638 1058 1678 1109 34.
1720 1054 1827 1113 Tertul-

135 1153 194 1191 esse
211 1137 416 1205 indulpentiam
438 1138 619 1209 nuptiarum,
641 1142 693 1193 sed
713 1140 913 1194 absolutionem
932 1142 968 1194 ut
993 1141 1100 1196 lienum
1118 1143 1199 1211 ioqui
1210 1145 1246 1197 sie
1264 1143 1326 1198 illis
1346 1142 1448 1208 uideris,
1468 1158 1539 1211 quae
1553 1144 1827 1206 noudumueoerunt,

134 1224 428 1296 excommunicatione,
447 1225 475 1279 ei
491 1226 600 1281 scilicet
617 1243 636 1280 a
652 1227 726 1281 mate
744 1235 886 1281 connecto
903 1245 967 1281 eon·
993 1244 1065 1295 quae
1096 1228 1167 1281 enim
1198 1229 1283 1283 seruet
1300 1235 1432 1283 uouemsnt
1451 1235 1476 1282 et
1502 1228 1585 1293 fidem
1600 1225 1724 1298 minam
1741 1226 1825 1281 resai-

132 1312 217 1365 nulu'o
236 1311 309 1364 tales
328 1311 521 1380 descesseriut,
546 1316 579 1366 ut
602 1311 716 1383 exponit
739 1313 885 1371 concilium
905 1314 967 1367 Tri·
994 1314 1105 1379 sinunt,
1124 1316 1265 1384 quomodo
1278 1322 1400 1385 possunt
1418 1315 1534 1381 erucem,
1555 1328 1589 1366 ns
1602 1312 1727 1381 primum
1744 1314 1827 1375 adem

133 1394 263 1451 buriense
281 1412 342 1451 ean.
362 1402 404 1452 23.
445 1396 532 1468 Atqui
555 1396 683 1453 limitatio
707 1398 756 1453 illa
783 1417 838 1453 non
856 1400 969 1455 additur
992 1400 1170 1469 rescindant,
1199 1418 1260 1454 cum
1284 1402 1348 1470 jam
1377 1401 1565 1454 resciderint!
1605 1398 1827 1469 Respondemus:

134 1482 163 1536 in
187 1483 297 1538 concilii
322 1482 554 1539 Chalcedonensis
573 1501 692 1550 mnone,
724 1502 756 1542 ae
773 1486 796 1539 si
815 1502 832 1541 a
851 1503 880 1541 se
900 1487 968 1541 invi·
993 1484 1047 1539 imo
1066 1502 1131 1541 sero
1148 1487 1210 1541 illas
1232 1487 1322 1558 ipsas,
1342 1504 1413 1559 quae
1438 1488 1467 1541 in
1487 1485 1622 1542 viduitate
1641 1484 1826 1556 deprehensae

134 1585 194 1624 cem
209 1568 395 1638 discederent,
422 1570 506 1625 etiam
531 1570 590 1627 sine
613 1571 736 1642 episcopi
761 1572 967 1643 dispensatione
993 1579 1022 1628 et
1041 1573 1204 1645 aliquandiu
1223 1580 1394 1639 assectatac,
1419 1574 1473 1629 hoc
1490 1582 1540 1639 est,
1566 1580 1597 1628 ut
1613 1572 1763 1627 Rhenanus
1783 1589 1828 1626 ex·

133 1653 219 1726 recipi
244 1662 385 1725 poterant,
408 1671 460 1711 nec
479 1655 627 1711 vensimilc
652 1661 709 1720 est,
738 1657 876 1713 vinculum
897 1659 967 1714 illud
993 1658 1084 1729 ponit,
1117 1663 1158 1714 aet
1187 1668 1294 1730 tempus
1320 1662 1373 1730 pie
1409 1661 1555 1714 oidrsitatis
1585 1668 1610 1714 ct
1645 1658 1828 1713 continentiae

134 1741 295 1812 nuptiarum
314 1742 350 1797 ob
367 1741 568 1814 professionem
590 1742 776 1799 continentias
792 1743 878 1801 fuisse
895 1747 967 1802 solu·
993 1747 1096 1815 affectu
1114 1748 1280 1817 praeditam,
1312 1747 1334 1801 si
1363 1747 1503 1802 continere
1528 1763 1584 1801 non
1615 1744 1734 1815 possint,
1768 1742 1828 1797 vult

134 1833 207 1898 tum,
244 1846 305 1883 cum
342 1831 401 1884 uoti
431 1829 585 1884 solennitas
613 1846 648 1885 en
676 1831 741 1885 sola
772 1833 966 1889 constmstiane
993 1830 1112 1896 nubere,
1140 1838 1172 1887 ut
1197 1832 1257 1903 ipsc
1276 1839 1420 1887 contextus
1438 1832 1534 1897 docet,
1560 1830 1628 1903 quid
1648 1831 1721 1886 enim
1739 1828 1826 1901 magis

135 1916 270 1971 ecclesias
289 1916 326 1970 sit
344 1916 468 1985 inuenta,
493 1915 666 1972 matrimonii
686 1933 751 1971 cero
776 1918 915 1973 mnodum
931 1921 966 1973 ab
993 1915 1150 1973 ιἰσύσιιιιοι
1168 1934 1251 1988 qnam
1271 1918 1408 1990 cogitare,
1431 1917 1634 1974 Tertullianum
1658 1917 1688 1971 in
1706 1933 1762 1971 uno
1781 1933 1823 1971 eo-

135 2002 198 2072 epse
211 2003 344 2057 eeclesiae
357 2002 458 2073 capite,
472 2019 567 2057 remum
578 2003 863 2071 omniumeonclitore,
876 2007 966 2075 ipsum
994 2003 1113 2075 demque
1132 2009 1263 2059 contextu
1289 2004 1323 2059 de
1346 2004 1462 2059 diversis
1483 2003 1575 2058 uiduis
1594 2004 1734 2059 locutum?
1778 2001 1823 2056 Ad

136 2090 167 2142 in
178 2088 322 2158 paradiso
340 2096 365 2141 et
384 2089 506 2149 iactatu
523 2090 697 2144 innocentiae
716 2092 876 2145 instituente
888 2093 966 2146 unia·
992 2089 1154 2145 Bellarmini
1172 2079 1368 2162 argumentum
1380 2090 1506 2161 dicimus,
1526 2090 1723 2162 professionem
1737 2088 1824 2143 vidui·

136 2192 197 2228 nem
233 2183 260 2229 et
287 2175 561 2231 indissolutstitutem
593 2177 749 2245 acceperit,
784 2184 814 2231 ut
844 2176 967 2249 loquitur
993 2176 1060 2230 tatis
1079 2175 1200 2232 rescindi
1219 2176 1343 2247 potuisse
1368 2192 1418 2247 per
1445 2177 1625 2233 scortationes
1641 2182 1670 2231 et
1688 2175 1824 2233 libidines.

136 2262 268 2333 pontifex.
287 2279 310 2317 c.
327 2279 373 2317 un.
393 2261 428 2317 ds
451 2268 506 2317 vot.
531 2269 559 2318 et
576 2267 629 2318 vot.
656 2264 770 2319 redemt.
788 2264 816 2317 in
834 2266 869 2331 θ.)
896 2263 967 2319 Con-
993 2262 1134 2334 Quidquid
1152 2262 1199 2328 sit,
1225 2263 1260 2317 de
1281 2263 1453 2319 Tertulliano
1470 2263 1640 2319 Montanista
1661 2280 1716 2318 non
1734 2262 1825 2317 admo-

137 2350 229 2404 cilium
248 2348 427 2404 Valentinum
446 2348 498 2403 suh
517 2347 640 2403 Damaso
659 2366 720 2405 cau.
741 2354 772 2404 2:
790 2351 836 2403 De
850 2349 966 2420 praeitis,
992 2349 1059 2403 dum
1082 2348 1181 2404 soliciti
1194 2365 1296 2415 sumus,
1315 2349 1382 2420 quid
1399 2349 1428 2403 in
1448 2349 1501 2405 hac
1514 2349 1674 2422 quaestione
1692 2349 1826 2413 statuerit,

136 2451 208 2504 pesae
226 2451 256 2487 se
272 2436 336 2488 Deo
355 2441 494 2498 vaserunt,
511 2434 539 2487 si
555 2436 734 2490 adterrenas
747 2436 859 2505 nuptias
870 2443 967 2505 sporum
992 2452 1055 2491 cum
1079 2453 1135 2491 non
1159 2435 1290 2490 secundis
1312 2441 1434 2504 tantum,
1463 2435 1512 2490 sed
1544 2440 1573 2489 et
1605 2434 1699 2506 primis
1723 2436 1826 2506 nuptiis

76 2521 313 2590 sostrausierint,
344 2521 378 2574 id
399 2522 612 2575 metadiendum
641 2538 700 2576 esse
727 2521 910 2586 decrevimus,
936 2529 967 2575 ut
991 2520 1076 2575 fuerit
1107 2521 1245 2594 iniquior,
1272 2527 1304 2576 ut
1330 2538 1415 2591 supra
1436 2520 1625 2588 ostendimus.)
1670 2520 1825 2592 Cyprianus

133 2596 308 2679 streniteatsa
325 2607 367 2662 eis
385 2624 442 2661 non
459 2607 553 2661 statim
571 2610 661 2677 daur,
681 2615 777 2661 etcum
788 2609 857 2661 duta
874 2614 966 2660 tamen
991 2606 1041 2664 lib.
1061 2613 1082 2662 l.
1108 2607 1189 2677 epist
1209 2613 1255 2664 tl:
1281 2608 1430 2673 Pactulus,
1455 2608 1526 2677 auid
1549 2608 1628 2662 notis
1644 2608 1775 2662 uideatur
1792 2610 1826 2662 eie

134 2694 239 2761 fuerit,
264 2693 322 2747 nisi
340 2694 425 2763 plene
449 2694 640 2762 satisfecerint
660 2694 740 2759 Deo,
776 2694 806 2746 in
833 2701 967 2763 mmmum
992 2692 1155 2762 eis-pinibus,
1174 2711 1246 2763 meae
1263 2711 1326 2748 cum
1344 2696 1429 2750 semet
1446 2702 1549 2749 statum
1566 2711 1645 2748 suum
1658 2695 1826 2749 consuentes

135 2782 210 2835 ratio
225 2781 399 2849 poposcerit,
425 2796 521 2834 carum
541 2779 694 2834 communio
716 2781 876 2850 differatur.
913 2779 967 2846 (De
993 2785 1019 2831 et
1035 2780 1152 2841 tirmiter
1170 2788 1265 2835 tenere
1287 2783 1462 2836 decreverint
1469 2821 1475 2846 ,
1500 2783 1624 2836 Martae
1648 2789 1712 2835 sunt
1724 2789 1827 2852 postca

135 2867 271 2922 solufione
288 2865 452 2921 matrimonii
470 2866 578 2921 nullum
595 2864 730 2935 verbum.)
766 2866 920 2922 Cassander
937 2865 967 2919 in
993 2864 1024 2917 ia
1040 2869 1135 2919 esctun
1154 2866 1226 2921 tecto
1245 2868 1360 2936 pariter
1387 2868 1523 2922 mansisse
1547 2885 1609 2921 enm
1625 2869 1760 2923 masau
1776 2875 1827 2923 ste.

134 2955 254 3012 consult.
274 2961 326 3010 art.
347 2959 392 3009 23:
418 2955 455 3008 In
471 2954 590 3008 cenatio
605 2954 862 3010 Nec-Caesariensi
879 2953 968 3023 mucis
996 2950 1102 3012 Quodsi
1129 2969 1158 3007 se
1187 2970 1220 3008 ec
1237 2956 1293 3019 fide
1313 2952 1425 3009 Olus-isto
1450 2954 1625 3018 dicaverunt,
1648 2956 1772 3024 pudicae
1799 2962 1827 3009 st

132 3041 405 3111 punitursacerdos,
424 3040 474 3110 qui
491 3041 655 3105 fornicatur
678 3049 743 3111 post
756 3048 864 3109 ectum,
884 3057 967 3108 assam
993 3044 1087 3092 emtas
1105 3039 1166 3093 sinc
1185 3042 1249 3096 aaa
1271 3041 1376 3107 sabula
1396 3048 1587 3112 perseverent,
1616 3041 1656 3094 ita
1678 3042 1775 3109 sortes
1802 3048 1827 3095 et

137 3128 187 3198 qui
204 3127 319 3197 publice
343 3128 492 3183 contraiit.
544 3127 629 3182 Marc.
655 3126 759 3183 Antan
784 3127 819 3183 de
842 3123 967 3182 Dominis
992 3125 1107 3180 aaran
1137 3129 1296 3196 praemium
1336 3129 1511 3198 circinitatie
1556 3135 1729 3198 smpeetent5
1781 3128 1827 3183 sin

136 3214 183 3271 lib.
202 3218 227 3269 2.
246 3213 281 3267 de
296 3230 354 3284 rep.
379 3214 476 3269 eccles.
501 3231 562 3286 cap.
586 3219 625 3270 tt.
651 3231 679 3271 ιι.
704 3218 732 3270 8:
758 3214 879 3284 Poenae,
896 3230 967 3282 quas
992 3220 1085 3266 arsmm
1100 3230 1283 3283 perseuerare
1306 3215 1419 3283 nolunt,
1437 3223 1488 3269 aut
1507 3232 1564 3268 non
1577 3223 1708 3288 poseant,
1726 3216 1826 3270 metisse

135 3300 254 3355 ecclesia
269 3301 329 3355 iilis
347 3301 458 3369 stema,
484 3301 535 3371 qui
552 3299 582 3354 in
607 3301 712 3355 clerice
730 3301 893 3356 cacabatum
910 3317 966 3353 reon
992 3304 1034 3351 eet
1050 3306 1082 3352 ut
1099 3301 1217 3366 nutam,
1247 3319 1331 3371 meam
1360 3308 1390 3355 ut
1413 3301 1443 3355 in
1460 3302 1552 3370 ipnem
1568 3302 1628 3355 mis
1649 3302 1761 3357 aaran
1778 3321 1825 3356 ca-

134 3394 293 3455 tenuerunt,
321 3388 374 3441 scel
385 3394 452 3457 post
471 3386 585 3440 ordines
604 3403 705 3441 uuores
724 3388 877 3455 dusmunt,
901 3394 966 3441 sunt
992 3386 1079 3447 dant,
1099 3394 1173 3442 certe
1190 3387 1299 3442 nussum
1314 3388 1456 3452 fratribus
1475 3395 1524 3441 ant
1541 3388 1688 3443 sororibus
1703 3392 1824 3443 scauda-

130 3492 240 3545 poenae
259 3477 399 3529 duntaeat
417 3481 467 3527 aut
487 3472 672 3543 depositionis
692 3491 712 3526 a
729 3474 894 3538 ministerio,
914 3481 964 3527 aut
992 3470 1049 3524 lum
1065 3472 1187 3536 saciant.
1235 3472 1347 3541 (Varias
1368 3472 1578 3529 Pontificiorum
1602 3474 1733 3530 adsumus
1752 3475 1825 3531 hune

135 3564 176 3616 ael
190 3580 325 3617 nummum
346 3560 645 3629 excommunicationis,
664 3577 752 3629 nemus
772 3560 803 3613 in
822 3561 965 3613 totaanti·
991 3556 1124 3628 Cypriani
1162 3560 1252 3614 locum
1287 3561 1463 3631 exceptiones
1501 3565 1626 3616 recenset
1658 3578 1691 3617 sc
1722 3562 1892 3619 refellitus
1908 3568 1955 3613 lt·-

133 3650 240 3719 quitata
270 3657 310 3702 est
337 3648 464 3718 repe-rire
490 3648 580 3703 ullum
606 3654 656 3700 aut
685 3646 882 3711 conuitiorum,
914 3652 963 3698 aut
992 3641 1168 3699 Chemnicius
1187 3652 1256 3717 part.
1271 3654 1294 3703 3.
1312 3663 1399 3702 exam.
1425 3646 1502 3701 Trid
1522 3647 1557 3702 de
1576 3646 1673 3704 coelih.
1701 3656 1728 3703 et
1753 3649 1822 3720 virg.

130 3742 247 3804 patrum
279 3736 398 3801 dictrsm,
429 3750 483 3803 pua
515 3732 694 3787 matrimonia
721 3731 790 3786 iaec
823 3732 907 3785 irrita
938 3739 965 3786 et
990 3745 1050 3799 cap.
1070 3734 1093 3784 a.
1120 3748 1148 3801 p.
1168 3737 1209 3787 66.
1260 3732 1362 3788 Hosius
1390 3733 1495 3805 inquit:
1522 3733 1635 3787 Forsan
1663 3734 1823 3806 Cyprianus

134 3822 214 3875 nulla
233 3822 414 3875 declarentur
433 3826 482 3873 etc.
519 3818 685 3887 Anepranus
705 3834 797 3872 canon
816 3818 964 3872 diaconum
990 3816 1041 3870 tec
1061 3816 1360 3887 sciscitaremus,
1386 3820 1501 3888 meando
1520 3820 1643 3873 nondum
1663 3828 1744 3874 eram
1760 3838 1823 3874 con-

134 3909 333 3963 eontinentiam
348 3908 526 3976 professum,
552 3905 580 3958 si
602 3911 702 3976 postea
718 3920 833 3959 acorem
847 3903 967 3972 durarit,
990 3909 1116 3963 secretae
1124 3922 1136 3972 ,·
1156 3901 1233 3958 item:
1254 3906 1309 3958 Est
1331 3905 1414 3959 unius
1433 3906 1571 3975 Cypriani
1583 3906 1701 3975 priuata
1717 3907 1824 3976 opinio.

135 4014 152 4048 ιι
178 3995 332 4049 ministerio
352 4009 462 4047 cessare
479 3993 579 4047 elehem
603 3992 716 4060 mutuat,
743 4008 776 4044 ecc
798 4007 852 4059 quo
877 3990 967 4057 infert
992 3986 1110 4060 Piggius
1127 3986 1275 4059 dhnnput
1296 3991 1369 4046 inter
1392 4000 1484 4046 cotum
1510 3991 1630 4063 simplest
1648 4010 1683 4047 ac
1700 3993 1821 4061 somnne,

139 4081 314 4136 Gratianus:
344 4079 378 4134 ss·
401 4079 539 4133 diaconus
567 4078 612 4131 hic
640 4095 658 4131 a
682 4076 836 4132 ministeria
856 4093 967 4131 cessare
993 4074 1028 4127 ad
1061 4089 1144 4145 quam
1176 4073 1379 4131 distinctionem
1410 4077 1493 4141 etiam
1525 4076 1652 4150 confugit
1686 4078 1821 4134 Barouius

136 4167 270 4235 uoluerit,
309 4172 450 4221 contrecto
480 4165 659 4220 matrimonio
689 4166 765 4219 licite
796 4170 887 4233 potest
917 4163 966 4219 uti.
994 4164 1059 4214 tom.
1091 4166 1116 4215 2.
1149 4173 1213 4212 ann.
1239 4163 1297 4215 253.
1327 4177 1402 4215 num.
1426 4169 1466 4217 tt.
1510 4163 1688 4219 Colonienses
1718 4164 1822 4232 dicunt,

135 4254 232 4310 Canon
255 4251 512 4309 Neo-Caesariensis
532 4269 555 4306 c.
573 4250 725 4322 Ptesbyter
748 4249 810 4304 dist.
830 4254 871 4305 28.
890 4264 967 4320 pres·
996 4247 1166 4316 mpmunun
1179 4244 1341 4316 pennitters
1360 4247 1420 4299 illie
1434 4257 1502 4315 poet
1518 4258 1611 4306 cotum
1630 4254 1753 4322 nuptias,
1770 4256 1822 4307 sed

135 4340 279 4411 byterum,
306 4340 328 4394 si
349 4355 462 4394 uxorem
481 4337 603 4405 ament,
630 4337 666 4392 ab
684 4335 780 4391 ordine
798 4352 848 4391 suo
866 4334 967 4407 deponi
989 4333 1178 4405 pronuntiare
1203 4332 1411 4402 conjunctiones
1438 4332 1565 4386 incestas.
1601 4337 1761 4394 Andr-adius
1779 4356 1820 4394 re.

134 4428 240 4495 statuit,
260 4426 328 4481 nihil
346 4430 496 4495 praeterea.
535 4425 569 4478 ln
588 4423 714 4496 plurimis
731 4420 885 4478 canonibus
902 4437 966 4493 pos·
992 4418 1124 4490 spondet,
1155 4418 1326 4489 Cypriacam
1357 4417 1390 4470 isi
1405 4416 1490 4481 uelle,
1521 4418 1600 4486 meod
1619 4434 1675 4489 per
1697 4426 1823 4495 episcopi

133 4531 186 4570 nae
218 4514 247 4568 in
277 4519 493 4584 tramgressores
524 4511 617 4584 legum
644 4509 797 4565 coelibatus
826 4513 891 4563 sunt
922 4508 966 4564 vel
991 4506 1230 4575 dispensationem
1255 4503 1326 4574 ipsis
1355 4504 1472 4559 liberum
1498 4504 1563 4568 fieri
1586 4506 1681 4573 possit
1712 4509 1821 4562 nectere.

133 4599 284 4673 depositio,
314 4599 358 4653 sel
391 4598 473 4654 etiam
500 4595 761 4661 excommunicatio,
793 4594 967 4650 matrimonia
993 4591 1047 4649 Sed
1075 4589 1273 4662 praetermissis
1310 4589 1385 4646 hisce
1421 4589 1603 4645 solutionibus
1640 4590 1823 4647 Bellarminus

132 4696 224 4742 tamen
238 4687 342 4742 intacta
359 4685 559 4757 relinquuntur.
590 4685 624 4739 ln
640 4682 757 4739 concilio
771 4680 967 4737 Aurelianensi
992 4679 1125 4735 audacter
1141 4675 1313 4747 pronuntiat,
1344 4676 1516 4745 Cyprianum
1537 4693 1594 4729 non
1617 4676 1697 4746 laquei
1713 4679 1748 4730 de
1765 4678 1822 4731 uir·

134 4781 158 4830 t.
176 4792 237 4829 can.
251 4781 276 4830 9.
290 4773 407 4829 diacono
424 4772 453 4826 in
471 4770 633 4843 captivitate
646 4774 760 4825 uxorato
771 4774 837 4840 post
847 4767 966 4825 reditum
992 4766 1104 4836 pinitus
1124 4765 1188 4818 Deo
1207 4763 1323 4832 dicans,
1341 4765 1393 4816 ssu
1410 4770 1518 4816 tantum
1536 4763 1682 4817 nasamone
1700 4782 1821 4835 ptumu-

133 4862 192 4916 sola
209 4876 301 4931 poena
320 4858 478 4914 remotionis
497 4858 532 4914 ab
556 4856 649 4912 officio
668 4842 830 4928 injungitur.
864 4853 908 4911 De
926 4870 966 4910 se·
994 4855 1060 4907 dam
1088 4850 1240 4918 ursinum,
1273 4864 1343 4919 assae
1367 4866 1472 4918 parum
1499 4850 1609 4904 noneste
1636 4865 1666 4903 se
1690 4852 1821 4919 perstant

133 4946 277 5021 paratione
294 4945 364 5002 nihil
387 4952 419 5001 ut
442 4961 493 5000 nec
517 4944 546 4999 in
572 4943 633 4999 aliis
653 4941 769 4997 aliorum
788 4940 967 4996 conciliorum
989 4946 1055 5009 post
1073 4944 1166 4991 uotum
1183 4934 1376 5004 emtinentiae,
1405 4950 1514 4988 monere
1545 4934 1634 4999 aias,
1663 4943 1694 4989 ut
1709 4937 1736 4990 si
1763 4956 1820 4991 non

134 5034 294 5091 canonibus.
993 5026 1113 5080 iubeant
1116 5024 1226 5095 firmum
1232 5021 1818 5094 propositumperseuerundi,nonnoceant,

59 5147 70 5176 ι
170 5127 230 5177 552.
266 5123 291 5175 6.
311 5122 357 5175 Eu
370 5126 486 5189 patrum
504 5117 689 5171 concessione.
724 5114 913 5171 Tertullianus
934 5100 1049 5173 deised
1066 5109 1177 5164 nubant·
1215 5102 1271 5161 Eoc
1294 5122 1359 5161 vero
1378 5111 1421 5161 est
1439 5104 1574 5176 Cypriani
1591 5107 1682 5164 verbis
1700 5110 1755 5164 vim
1775 5110 1817 5164 in·

59 5196 101 5278 ¹02¹.
135 5224 292 5279 monogam.
313 5222 337 5261 c.
368 5211 408 5262 13.
430 5205 458 5259 in
480 5203 582 5276 princ:
607 5202 717 5257 Paulus
738 5202 880 5258 Timotheo
899 5178 1072 5301 semim,
1090 5186 1131 5242 ⁸5⁰
1151 5189 1372 5264 &nimioquiiurt
1392 5193 1427 5248 Si
1442 5209 1472 5248 ⁸0
1490 5209 1522 5247 ⁶5⁶
1539 5195 1597 5258 fidt
1611 5196 1721 5251 curma
1739 5197 1817 5250 dita·

59 5302 76 5332 s.
135 5298 202 5350 tens
216 5296 283 5364 cuit,
300 5293 466 5363 issuencutas
479 5292 589 5355 nubae,
603 5287 845 5359 filiessuscffl’
862 5274 1103 5343 maimtm'tir
1126 5277 1250 5344 pudicae
1274 5288 1300 5334 tt
1325 5288 1627 5350 emensurarent,
1654 5282 1699 5336 siu
1725 5291 1818 5336 uestem

132 5382 266 5448 famam
286 5398 377 5450 awa,
413 5381 463 5433 Aa
477 5395 526 5435 ea,
544 5377 584 5418 sa·-
599 5376 650 5444 suus
668 5347 767 5445 ‘luffa
779 5365 868 5417 ΜΡΝ
882 5352 966 5406 dmo-
978 5352 1170 5426 incrassare
1189 5365 1283 5421 nolunt
1303 5374 1353 5421 aut
1376 5377 1582 5438 conpescunt,
1606 5368 1704 5422 saeuus
1722 5376 1771 5435 est,
1786 5376 1817 5422 ut

133 5478 594 5592 n
610 5418 1359 5605 „ta
1376 5454 1509 5597 Ψ
1530 5455 1564 5509 ‘¹⁶

128 5558 143 5580 ν
602 5556 609 5582 ι
1261 5556 1324 5611 equs
1342 5558 1370 5595 ιιι
1388 5558 1407 5597 u
1434 5558 1505 5615 oque
1524 5556 1593 5596 mem
1614 5557 1659 5603 ro,
1682 5556 1697 5595 e
1725 5558 1815 5613 ipsum
