4020 6022
165 296 239 384 ‚sss
773 285 1304 354 mausucnsruasaumrus

177 459 290 499 uxorem
310 441 406 511 ducit.)
436 442 505 498 Cum
519 460 585 515 ergo
602 443 678 497 illam
695 443 749 498 sibi
765 441 906 497 licentiam
920 446 1011 496 sumat
1041 443 1211 497 temmariti
1228 443 1382 497 consiliata
1399 450 1440 496 est
1457 450 1482 496 et
1501 443 1561 513 ipse
1578 442 1703 512 aliquem
1720 443 1839 498 illorum
1852 460 1882 498 ss

177 529 371 597 Bellarminus,
402 538 433 585 ut
468 529 577 585 concilii
607 529 692 585 rerba
720 528 824 599 duplici
855 529 899 584 vel
928 528 1013 583 etiam
1041 529 1379 597 defendendamciderit,
1394 536 1496 598 potest,
1514 537 1544 582 ut
1557 530 1635 584 nobis
1649 530 1772 598 riddur,
1789 529 1880 599 ipsam

178 615 281 687 triplici
307 616 389 670 modo
415 621 536 685 exponat
562 631 595 670 ac
625 614 739 670 tandem
766 616 896 685 opposita
916 613 1013 670 Niceni
1040 632 1153 668 ararem
1171 615 1312 669 dintittere
1336 623 1370 682 et,
1394 614 1422 667 si
1443 614 1572 684 uoluerit,
1590 615 1680 668 aliam
1699 631 1816 669 usorern
1835 632 1880 671 ae·

178 703 287 758 concilii
305 701 464 757 definitione
485 701 595 773 penitus
614 702 732 772 rejiciat,
753 719 804 757 cur
821 700 1012 756 Chemnicium
1039 699 1151 768 cipere,
1170 701 1234 770 ipsa
1255 707 1348 752 cutem
1365 700 1532 753 insidiatrie
1545 700 1737 769 poenitentias
1754 701 1881 770 subjecta

177 788 362 859 reprehendit,
383 787 457 859 quod
470 787 505 842 de
518 788 623 859 nuptiis
640 794 703 858 post
722 788 871 843 divortium
889 793 1012 841 contrac-
1040 786 1143 854 absque
1168 803 1218 855 spe
1250 784 1377 854 conjugii
1404 793 1524 840 maneat.
1569 785 1673 841 Eodem
1702 785 1787 841 modo
1814 787 1881 858 legit

177 873 213 928 tis
230 874 308 927 illum
327 889 459 928 mnouem
478 890 614 944 exponere
632 874 730 942 voluit,
749 889 785 928 ne
804 872 913 927 concilii
939 872 1013 927 illius
1040 872 1181 926 decretum
1208 870 1377 942 Reginonis,
1402 871 1452 925 sed
1480 869 1632 926 Gratianus
1663 870 1758 927 tib.-4.
1786 871 1879 928 dcem

177 966 270 1029 patres
297 958 448 1030 digamiam
481 959 674 1028 successivam,
705 959 732 1014 h.
759 975 782 1014 e.
814 957 927 1029 nuptias
950 964 1014 1027 post
1038 957 1369 1026 taliumtitul.19.cap.
1392 956 1663 1013 thrasuconem
1678 957 1792 1013 labavit
1808 957 1877 1012 insa

176 1052 291 1099 mortem
309 1044 408 1114 prioris
427 1046 555 1116 conjugis
580 1051 745 1114 contractas,
770 1051 866 1099 contra
883 1060 1013 1114 expressa
1039 1042 1125 1097 tendo
1149 1043 1203 1096 tria
1227 1041 1313 1097 verba
1337 1050 1403 1111 post
1431 1051 1548 1096 mortem
1574 1043 1679 1098 uaeris.
1727 1041 1787 1098 Sed
1808 1041 1877 1097 illud

177 1128 338 1200 Scripturas
355 1130 432 1185 dicta
447 1131 608 1186 viderentur
626 1130 793 1187 damnasse?
820 1130 880 1184 Illis
899 1130 947 1202 qui
967 1130 1012 1184 de·
1039 1128 1144 1182 fraudis
1161 1145 1195 1182 ac
1211 1127 1276 1182 salsi
1294 1128 1398 1181 crimen
1418 1128 1499 1181 nimis
1517 1127 1695 1182 manifestum
1714 1133 1765 1183 est
1803 1127 1875 1194 Quid

67 1260 76 1280 ,
177 1224 286 1272 mortua
302 1232 387 1271 uxore
405 1216 488 1271 aliam
507 1216 750 1284 ducuntnonest
766 1216 933 1286 imponenda
949 1231 1012 1286 poe·
1040 1214 1114 1269 enim
1135 1230 1247 1270 necesse
1267 1222 1326 1270 erat
1353 1231 1387 1270 ea
1413 1215 1449 1270 de
1471 1231 1501 1269 re
1521 1231 1655 1270 canonem
1677 1213 1777 1279 condi,
1802 1213 1875 1285 quod

177 1301 303 1368 nitentia,
323 1318 374 1359 nec
391 1302 537 1372 presbyter
556 1302 664 1356 illorum
682 1302 787 1373 nuptiis
805 1303 937 1358 interesse
950 1318 1012 1373 pro·
1039 1306 1103 1370 post
1129 1307 1245 1356 mortem
1262 1301 1356 1356 uxoris
1374 1300 1456 1355 liceat
1481 1301 1593 1370 marito,
1617 1302 1700 1370 cujus
1717 1300 1793 1356 vitas
1809 1316 1876 1355 uxor
1887 1300 1951 1343 rut

176 1386 322 1451 bibendus,
346 1388 399 1442 nisi
425 1388 555 1442 secundis
582 1389 687 1459 nuptiis
714 1388 805 1443 labem
823 1404 856 1443 ac
876 1388 1012 1442 maculam
1039 1387 1169 1441 insidiata
1186 1386 1293 1452 iuerat,
1315 1385 1398 1440 aliam
1419 1385 1539 1455 ducere,
1557 1402 1630 1439 cum.
1644 1384 1697 1440 hac
1716 1385 1753 1441 de
1770 1403 1801 1442 re
1818 1386 1875 1441 ntrl·

175 1473 346 1545 adspergere
368 1474 490 1530 velimus.
517 1479 541 1530 2.
572 1475 699 1529 Adducit
726 1474 810 1529 etiam
838 1473 1015 1529 Chemnicius
1040 1472 1096 1527 lum
1123 1489 1244 1545 unquam
1273 1472 1408 1529 exstiterit
1431 1471 1570 1527 dubium?
1615 1470 1683 1543 Ipsa
1716 1472 1802 1527 etiam
1828 1472 1873 1528 ed·

176 1552 324 1616 concilium
344 1559 546 1630 Milevitanum,
575 1561 656 1631 cujus
675 1578 764 1616 canan
787 1568 825 1617 rt.
845 1562 886 1615 sic
913 1559 1011 1615 habet:
1040 1558 1177 1613 retentiva
1194 1559 1323 1624 ostendit,
1344 1557 1489 1626 rerbailla
1499 1566 1691 1627 postmortem
1704 1561 1804 1614 asara
1817 1574 1874 1616 esse

175 1647 300 1713 Placuit,
323 1655 353 1701 ut
379 1650 531 1702 secundam
557 1647 748 1716 acanpeiicam
774 1656 799 1701 st
826 1648 1012 1716 apostolicam
1039 1645 1217 1716 supposititia
1236 1651 1264 1700 et
1281 1645 1443 1715 adjectitia,
1463 1660 1535 1715 quae
1555 1646 1628 1700 enim
1647 1644 1715 1700 haec
1733 1645 1874 1709 connexio,

176 1732 359 1801 disciplinam
385 1749 473 1801 nepae
492 1734 610 1786 dinosa
629 1750 647 1785 a
665 1735 769 1787 marito
794 1733 881 1787 alteri
898 1734 1013 1802 conjun·
1040 1733 1172 1800 ammius,
1203 1733 1284 1801 cajus
1310 1733 1383 1786 citas
1414 1734 1451 1785 ab
1478 1749 1566 1786 narare
1591 1731 1716 1786 insidias
1747 1740 1874 1797 sauctae

176 1827 269 1887 gatar,
292 1819 346 1872 sed
367 1819 408 1872 ita
432 1828 563 1873 maneant
583 1827 633 1873 aut
659 1821 769 1873 sibimet
786 1820 1013 1874 reconcilientur,
1036 1825 1236 1886 postmortem
1258 1818 1356 1872 uaeris
1376 1826 1469 1887 potest
1492 1819 1582 1871 aliani
1606 1833 1721 1872 nearent
1738 1819 1874 1886 accipere,

183 1903 267 1967 Quod
288 1905 315 1957 si
332 1907 534 1970 contemserint,
552 1908 594 1960 ad
613 1907 815 1978 poenitentiam
837 1909 1015 1977 redigantur.
1040 1906 1092 1957 sed
1118 1904 1183 1972 ipsa
1209 1904 1374 1958 insidiatrs'ce
1396 1904 1586 1972 poenitentias
1613 1904 1741 1973 subiecta
1771 1905 1873 1972 absque

178 1989 274 2045 Canon
299 1990 347 2044 ille
373 2007 429 2044 non
455 1991 578 2062 loquitur
604 1992 640 2046 de
663 1998 744 2062 parte
763 1993 919 2060 innocente,
942 2009 1014 2065 quae
1041 2006 1090 2060 spe
1121 1989 1249 2058 eonjapii
1275 1992 1408 2043 maneat!
1441 1989 1497 2044 imo
1524 2005 1590 2045 vero
1609 1989 1672 2045 ideo
1690 1989 1761 2045 haec
1785 1990 1873 2062 gretie

177 2083 292 2147 propter
310 2093 423 2131 causam
438 2076 628 2133 fornicationis
652 2085 760 2149 partem
784 2085 946 2149 peccantem
972 2079 1014 2133 di·
1040 2075 1161 2130 ducendi
1180 2074 1262 2130 aliam
1275 2074 1374 2130 marito
1393 2076 1564 2141 conceditur,
1586 2075 1652 2146 quia
1668 2076 1730 2146 ipse
1749 2086 1873 2147 estpars

115 2202 118 2206 A
177 2164 271 2226 mittit,
291 2163 339 2217 sed
359 2163 482 2235 loquitur
505 2164 540 2219 de
566 2164 694 2228 dimissis,
723 2164 748 2222 h.
768 2182 792 2222 e.
809 2167 845 2220 de
862 2173 941 2235 parte
959 2181 1015 2230 rea,
1040 2161 1124 2228 laesa,
1152 2162 1231 2216 uxori
1249 2161 1416 2233 denegatur,
1442 2163 1522 2234 quia*
1535 2162 1597 2232 ipsa
1616 2169 1741 2232 estpars
1763 2163 1872 2218 nmen

176 2265 210 2304 ac
228 2247 352 2304 notabile
371 2254 421 2316 est,
439 2249 518 2321 quod
533 2250 679 2304 concilium
691 2250 779 2315 addit,
793 2255 944 2322 petendam
956 2268 1015 2303 esse
1041 2254 1070 2301 et
1087 2246 1237 2302 offendens.
1256 2255 1280 2303 5.
1292 2246 1443 2302 Gratianus
1461 2264 1487 2304 c.
1507 2247 1651 2312 Quaedam
1669 2256 1722 2303 etc.
1737 2253 1831 2320 :tic-a
1850 2255 1870 2304 t.

176 2336 265 2406 legem
289 2336 465 2404 imperialem
490 2337 520 2389 in
547 2337 601 2390 illa
632 2355 726 2391 causa.
763 2337 839 2409 Ergo
867 2355 955 2409 usque
978 2337 1014 2391 ad
1041 2333 1157 2388 adducit
1169 2333 1322 2403 capitulum
1343 2333 1489 2401 cujusdam
1507 2334 1625 2403 concilii,
1645 2334 1721 2404 quod
1740 2336 1803 2404 ipse
1820 2352 1872 2390 non

180 2421 230 2476 illa
247 2427 373 2490 tempora
391 2421 475 2475 etiam
492 2421 545 2476 sub
557 2421 722 2477 Christianis
735 2424 948 2494 imperatoribus
960 2439 1015 2476 nou
1042 2421 1182 2486 nominat,
1200 2420 1280 2489 cujus
1300 2419 1441 2474 decretum
1459 2420 1500 2475 sic
1518 2419 1615 2475 habet:
1645 2419 1794 2482 Quaedam
1815 2438 1875 2475 cun

175 2507 231 2562 fuit
251 2506 296 2560 lex
322 2523 373 2561 seu
392 2507 553 2562 constitutio
572 2508 722 2578 prohibens
748 2510 816 2563 talia
833 2508 1015 2564 matrimonia.
1040 2508 1135 2570 fratre
1154 2506 1212 2558 uiri
1230 2507 1277 2558 sai
1293 2506 1439 2574 dormivit,
1464 2489 1607 2560 siecretrm
1626 2514 1683 2576 est,
1699 2514 1732 2560 ut
1751 2507 1875 2560 adulari

175 2589 290 2662 Excipit
307 2591 493 2647 Bellarminus
513 2598 535 2647 1.
555 2609 588 2645 ca
604 2596 772 2663 Augustino,
790 2595 873 2664 cujas
892 2596 1015 2648 aaetort-
1040 2609 1183 2660 nunqraarn
1199 2592 1331 2661 conjupio
1352 2591 1533 2659 copulentur,
1552 2592 1598 2645 illi
1611 2607 1693 2657 uero,
1708 2592 1793 2662 cujus
1808 2608 1874 2646 uror

176 2684 233 2730 late
258 2677 342 2746 liujus
371 2678 487 2731 concilii
515 2695 637 2733 canones
661 2681 817 2749 praecipue
849 2689 913 2734 sunt
937 2682 1016 2745 editi,
1040 2686 1172 2747 stuprata
1190 2686 1243 2745 est,
1261 2678 1345 2731 licita
1364 2670 1499 2746 conjugia
1512 2695 1569 2731 non
1587 2687 1729 2745 negentur.
1764 2677 1875 2747 Excipit

176 2780 272 2818 swam
307 2763 387 2817 illius
416 2765 534 2817 canonis
568 2766 732 2818 sententiam
759 2769 912 2835 petendam
949 2784 1015 2821 esse.
1041 2763 1234 2829 Bellarminus,
1255 2779 1390 2817 canonem
1413 2764 1487 2817 tane
1511 2764 1685 2831 depromtum
1702 2779 1737 2817 ea
1753 2764 1873 2832 quodam

176 2846 622 2920 Respondemus:verbacanonis
637 2859 703 2906 sunt
719 2852 874 2919 manifesta,
894 2852 969 2922 quod
982 2853 1017 2908 de
1042 2840 1176 2915 concilio,
1207 2851 1289 2917 caius
1321 2866 1356 2904 ne
1387 2866 1488 2903 nomen
1520 2850 1634 2918 quidm
1662 2857 1768 2913 sastat,
1803 2851 1874 2904 unde

177 2937 298 3007 dimisae
321 2934 458 2990 duntaxat
483 2943 558 3008 agat,
583 2953 638 2992 non
662 2944 756 2991 autem
784 2938 820 2993 de
853 2939 1016 3008 dimittente,
1041 2936 1131 3002 facile
1154 2937 1294 2989 contemni
1320 2937 1420 3005 possit
1468 2933 1693 3006 Respondemus:
1725 2934 1874 2991 Gratianus

177 3038 212 3078 aa
232 3021 369 3093 quidquid
399 3023 467 3077 alibi
496 3023 619 3093 disputet
645 3023 829 3095 Augustinus,
859 3025 888 3079 iu
915 3024 963 3082 lib.
981 3026 1015 3081 de
1042 3039 1104 3077 eum
1124 3022 1215 3091 injus
1235 3021 1398 3076 canonicum
1415 3021 1525 3091 retulit,
1552 3036 1605 3075 nec
1621 3021 1758 3091 expunxit
1773 3022 1804 3076 in
1819 3037 1874 3076 car·

177 3106 225 3163 fid.
247 3116 277 3163 et
294 3108 401 3177 operib.
421 3124 481 3178 cap.
504 3114 544 3164 ta.
563 3110 668 3179 statuit,
685 3111 834 3164 venialiter
856 3130 916 3164 eum
937 3111 1015 3181 falli,
1041 3108 1162 3163 rectione
1190 3123 1241 3161 sua
1262 3105 1414 3177 Gregorius
1438 3105 1519 3160 Xlll.
1540 3107 1672 3175 pontifex
1715 3107 1811 3163 Sixtus
1828 3106 1873 3162 Se·

177 3195 227 3264 qui
246 3211 333 3248 unare
359 3197 393 3247 ot
419 3212 534 3248 causam
554 3197 757 3259 fornicationis
783 3197 903 3251 dimissa
926 3198 1015 3251 aliam
1041 3194 1133 3249 nensis
1151 3193 1200 3249 lib.
1218 3199 1242 3249 6.
1262 3192 1389 3248 biblioth.
1406 3199 1494 3248 sanct.
1514 3199 1607 3247 annot.
1625 3198 1666 3249 et.
1682 3193 1873 3263 judicatesse

177 3280 263 3335 ducit
296 3283 322 3333 2.
351 3280 415 3333 Hoc
443 3282 513 3350 ipso,
542 3284 620 3350 qssod
645 3300 735 3336 canon
761 3283 869 3337 nullam
900 3302 1015 3338 causam
1041 3279 1151 3334 concilii
1174 3277 1322 3334 Elibertini
1345 3294 1488 3333 canonem.
1532 3284 1556 3333 o.
1581 3278 1661 3334 Idem
1679 3277 1833 3333 Gratianus
1851 3294 1873 3335 c

178 3368 291 3435 accipit,
310 3366 463 3434 generatim
482 3367 677 3439 accipiendum
697 3385 763 3423 esse.
791 3368 1014 3440 Respondemus:
1041 3366 1070 3422 Si
1089 3366 1151 3436 quis
1170 3381 1247 3421 caus.
1267 3374 1296 3420 et
1314 3372 1421 3436 quaest.
1440 3364 1539 3419 iisdem
1559 3363 1675 3418 adducit
1687 3379 1824 3420 monem
1842 3380 1874 3419 ax

178 3451 348 3525 generalitas
376 3450 426 3505 illa
456 3452 621 3521 explicanda
652 3459 695 3508 est
729 3470 762 3508 cx
790 3455 882 3510 rerbis
911 3454 1014 3511 Christi
1041 3451 1158 3506 concilio
1176 3451 1361 3507 'l'ribnriensiz
1392 3451 1427 3505 Si
1444 3452 1507 3520 puis
1523 3469 1584 3504 cum
1601 3467 1722 3505 nasama
1736 3469 1790 3505 sua
1810 3453 1874 3506 dor·

176 3535 276 3592 Matth.
302 3543 326 3605 5,
351 3551 376 3591 v.
399 3540 442 3592 32.
473 3543 558 3603 c.19,
582 3555 607 3592 v.
626 3544 650 3594 9.
675 3549 703 3593 et
722 3540 840 3609 apostoli
866 3546 888 3596 1.
907 3539 969 3597 Cor.
989 3549 1014 3609 7,
1041 3537 1145 3607 inierit,
1170 3546 1267 3592 neuter
1293 3540 1335 3591 cd
1357 3538 1519 3607 conjugium
1534 3543 1625 3607 potest
1637 3537 1804 3604 peruenire,
1825 3538 1876 3591 sed

177 3640 203 3678 r.
225 3628 267 3680 15.
288 3629 320 3677 ut
342 3638 428 3677 causa
453 3622 583 3678 adulterii
609 3640 643 3679 ac
671 3625 826 3681 malitiosae
853 3626 1013 3682 desertionis
1039 3627 1084 3680 uir
1101 3627 1162 3694 ejru
1176 3631 1280 3693 potest,
1297 3624 1324 3677 si
1339 3623 1406 3693 rsdt,
1426 3625 1516 3677 aliam
1534 3624 1679 3693 accipere,
1696 3623 1725 3676 si
1742 3639 1773 3677 ss
1791 3623 1873 3678 coeti·

177 3709 349 3780 intelligatur
368 3716 491 3779 excepta.
527 3711 554 3766 3.
577 3710 680 3779 chent
708 3712 885 3780 imperialem
903 3715 1012 3768 deside·
1039 3730 1105 3766 nere
1122 3729 1179 3766 non
1193 3719 1293 3781 potest.
1325 3710 1466 3765 Similiter
1483 3711 1511 3763 si
1528 3711 1591 3778 quis
1608 3727 1670 3763 mam
1679 3710 1808 3774 filiastra
1821 3727 1873 3765 saa

176 3802 277 3848 rerunt
303 3802 414 3862 patres,
441 3812 498 3848 non
523 3813 579 3865 pua
605 3797 774 3866 declaretur,
804 3798 935 3852 illicitum
955 3816 1013 3853 csse
1039 3799 1082 3851 cel
1101 3816 1163 3851 cum
1180 3812 1279 3852 sorore
1294 3797 1392 3851 uxoris
1411 3813 1479 3850 sraae
1497 3796 1657 3863 dormierit,
1673 3797 1874 3851 omereandusn

176 3881 523 3950 nonumconjupiurnpost
537 3883 697 3952 diuortium,
714 3885 766 3938 sed
776 3902 832 3954 pua
841 3888 1012 3954 punirentur
1039 3892 1087 3938 est.
1136 3883 1249 3953 Excipit
1277 3882 1477 3951 Bellarminus,
1506 3884 1578 3936 duos
1608 3882 1676 3936 iilos
1700 3885 1872 3951 posteriores

172 3984 198 4021 a
217 3967 369 4035 temporali
383 3972 530 4036 potestate,
549 3969 599 4036 qui
613 3969 690 4022 illud
706 3971 811 4024 crimen
827 3972 1012 4029 admitterent.
1039 3985 1160 4023 canones
1180 3986 1200 4022 a
1219 3970 1380 4024 doctoribus
1397 3976 1471 4023 recte
1491 3969 1594 4037 seponi
1612 3971 1648 4023 de
1666 3970 1802 4038 conjugio
1810 3977 1874 4039 post

176 4048 398 4121 Respondemus:
412 4050 485 4106 banc
497 4053 709 4123 explicationem
722 4055 905 4111 Bellarminus
914 4057 949 4112 de
963 4075 1013 4112 suo
1039 4063 1153 4110 mortem
1166 4056 1278 4124 prioris
1302 4056 1445 4124 conjugis,
1464 4055 1540 4124 quod
1564 4054 1682 4124 probare
1707 4065 1826 4111 conatur
1841 4072 1872 4111 ex

177 4135 272 4204 affert,
292 4137 483 4217 quamverba
503 4139 611 4193 concilii
632 4146 660 4194 et
677 4139 791 4196 historia
811 4142 1012 4198 ecclesiaeillo·
1038 4159 1099 4212 cap.
1118 4141 1156 4196 Hi
1174 4158 1239 4196 vero
1257 4150 1309 4197 etc.
1323 4158 1397 4196 caus.
1418 4147 1447 4197 et
1465 4147 1571 4213 quaest.
1588 4140 1695 4195 iisdem.
1713 4140 1873 4212 Responde·

176 4238 238 4277 rum
257 4230 414 4294 temporum
431 4241 487 4279 non
505 4224 633 4294 admittit,
651 4234 683 4280 ut
700 4227 841 4283 constabit
852 4245 885 4284 ex
897 4246 1014 4300 sequen·
1040 4245 1116 4286 must
1142 4230 1229 4285 verba
1247 4229 1391 4299 utriusque
1409 4227 1522 4283 canonis
1540 4233 1606 4281 sunt
1621 4226 1787 4299 manifesta,
1805 4231 1873 4284 citra

176 4307 265 4366 tibus.
1040 4316 1126 4370 ullam
1153 4315 1264 4370 omnino
1284 4314 1485 4369 restrictionem
1512 4329 1545 4367 ac
1563 4312 1758 4368 limitationem
1777 4316 1872 4385 posita

233 4399 291 4450 otc.
328 4393 414 4449 Hisce
446 4394 555 4449 duobus
588 4396 714 4450 conciliis
738 4415 755 4452 a
782 4397 943 4455 Chemnicio
966 4400 1013 4454 ad·
1041 4400 1100 4457 Nec
1120 4400 1242 4455 dubitari
1259 4407 1378 4470 poterat,
1396 4417 1432 4454 an
1445 4404 1554 4453 mortua
1571 4399 1663 4469 priore
1681 4401 1803 4473 conjuge
1819 4400 1874 4456 lici·

177 4481 269 4536 ductis
292 4480 421 4536 addimus
448 4485 472 4535 ³.
498 4480 598 4551 synodi
617 4483 787 4538 Arelatensis
807 4484 860 4538 sub
879 4482 1013 4540 Constan-
1040 4493 1099 4541 tum
1127 4487 1164 4540 sit
1180 4487 1253 4557 parti
1277 4486 1417 4541 innocenti
1442 4485 1526 4540 aliam
1550 4484 1668 4553 ducere,
1691 4488 1759 4556 quia
1785 4486 1821 4543 de
1844 4501 1876 4542 eo

176 4566 236 4622 tino
254 4567 421 4636 imperatore
438 4565 515 4621 circa
533 4582 636 4621 annum
654 4573 713 4624 ³26.
728 4568 885 4625 celebratae
897 4587 957 4625 can.
973 4577 1013 4628 10.
1040 4590 1097 4628 non
1114 4572 1166 4626 nisi
1186 4572 1318 4627 haeretici
1336 4579 1433 4627 contra
1450 4586 1593 4641 expressos
1608 4570 1770 4641 Scripturas
1785 4580 1875 4630 textsu

177 4658 226 4724 qui
244 4652 285 4708 sic
304 4652 405 4708 habet:
423 4654 470 4706 De
490 4652 543 4722 leis,
571 4655 621 4723 qni
639 4655 772 4724 conjupes
795 4674 864 4710 suas
881 4658 912 4710 in
931 4657 1014 4711 adal·
1039 4674 1162 4731 unquam
1173 4658 1343 4714 dubitarunt.
1362 4659 1403 4712 Ex
1421 4673 1483 4729 cap.
1503 4657 1541 4712 Hi
1552 4673 1616 4712 reso
1628 4664 1691 4722 etc„
1708 4659 1876 4715 conradum

176 4740 248 4793 teria
267 4740 479 4807 deprehendunt
493 4748 519 4793 et
531 4739 618 4793 iidem
634 4749 699 4794 sunt
713 4742 905 4797 adolescentes
917 4744 1015 4808 fideles
1042 4745 1225 4800 Bellarminus
1238 4761 1380 4815 nunquam
1398 4744 1537 4815 probabit,
1556 4744 1624 4815 quis
1637 4751 1740 4799 uorum
1758 4763 1814 4802 non
1826 4750 1874 4815 en,

177 4829 204 4877 st
226 4824 412 4893 prohibentur
436 4825 547 4886 nubere,
567 4825 685 4894 placuit,
707 4833 739 4879 ut
763 4828 794 4880 in
814 4836 948 4897 arsamum
963 4845 1014 4898 pa·
1043 4830 1209 4886 Gratianum
1233 4846 1352 4885 canones
1371 4830 1424 4884 sibi
1443 4831 1562 4886 invicem
1581 4838 1770 4900 repugnantes
1789 4833 1875 4888 addu-

175 4917 235 4978 test,
254 4912 402 4964 eonsilium
422 4913 462 4965 eis
480 4913 569 4979 detur,
587 4929 623 4966 ne
636 4912 790 4967 uiuentibus
804 4915 936 4968 uxoribus
949 4917 1016 4986 suis,
1041 4934 1118 4984 cere,
1146 4918 1213 4988 quin
1239 4917 1294 4971 imo
1317 4917 1346 4970 in
1372 4915 1522 4986 rhapsodia
1539 4916 1593 4970 ista
1610 4916 1655 4969 hic
1672 4932 1775 4986 scopus
1791 4919 1876 4989 ipsius

175 4995 241 5051 licet
253 4997 401 5066 adulteris,
418 4998 495 5051 alias
509 4998 661 5067 accipiant.
690 4998 791 5068 Audis,
803 4999 910 5053 consilii
925 5016 958 5055 ac
969 5017 1014 5056 co·
1027 5066 1029 5087 Ι
1040 5003 1096 5059 fuit
1112 5004 1257 5075 primarius
1276 5003 1492 5059 discordantium
1505 5019 1639 5058 canonum
1655 5005 1876 5062 conciliationem

175 5081 338 5139 hortationis
362 5088 478 5151 tantum,
507 5101 564 5138 non
590 5091 684 5139 autem
708 5085 858 5139 coactionis
885 5103 919 5140 ac
936 5090 1201 5160 prae-tinstituere,
1229 5106 1301 5162 quae
1331 5090 1424 5144 omnia
1450 5090 1607 5160 expendens
1627 5089 1876 5147 sixtus-Senensis

176 5169 251 5239 cepti
269 5169 434 5224 mentionem
454 5168 522 5238 lieri,
541 5175 649 5224 tantum
669 5171 757 5240 abest,
782 5156 814 5225 ut
840 5152 1068 5243 matrimoniaid.
1086 5175 1104 5228 1.
1124 5175 1260 5244 concedit,
1277 5184 1374 5245 patres
1385 5176 1501 5230 illorum
1519 5175 1702 5229 conciliorum
1720 5179 1876 5246 separatio·

176 5262 240 5327 post
257 5254 406 5310 divortium
427 5254 581 5326 legitimum
605 5264 749 5312 conuecta
778 5257 901 5314 divellat.
938 5267 962 5314 4.
981 5258 1103 5323 ln‚nem
1120 5264 1217 5330 quoad
1234 5263 1373 5316 vinculum
1401 5262 1591 5334 approbasse,
1617 5261 1666 5317 sed
1691 5262 1786 5334 addit,
1811 5264 1877 5319 illos

176 5342 279 5399 decret
313 5339 469 5397 Barchardi
497 5343 515 5398 l.
552 5349 575 5398 6.
611 5343 760 5399 adducitur
787 5361 876 5399 canon
904 5345 1014 5399 concilii
1041 5365 1097 5402 non
1114 5350 1244 5416 pancrati
1261 5368 1297 5403 cc
1307 5358 1450 5419 perpetua
1467 5352 1619 5418 saredune,
1636 5351 1689 5404 ssd
1705 5353 1877 5420 adtsmpus,

175 5426 396 5495 warmaciensis,
415 5426 458 5482 vel
476 5434 508 5481 ut
519 5427 567 5482 alii
578 5429 660 5483 codd.
675 5430 772 5500 legunt
786 5429 1015 5499 Enormaciensis,
1042 5435 1127 5504 idque
1147 5431 1233 5490 e'ertis
1244 5438 1404 5492 nationibus
1421 5454 1457 5493 ac
1475 5436 1602 5506 pentibus
1615 5438 1790 5508 parmatus,
1802 5435 1875 5509 quod

175 5512 224 5587 qui
242 5513 281 5569 sic
298 5512 399 5571 haben
418 5512 453 5568 ss·
470 5531 528 5585 qua
547 5515 649 5569 mulier
660 5533 723 5569 cum
734 5517 803 5570 aliis
814 5518 885 5572 ciris
897 5518 927 5571 in
940 5535 1013 5573 mor·
1026 5492 1029 5561 i
1044 5528 1154 5576 amhae
1171 5522 1326 5578 sententiae
1341 5520 1496 5579 flmmdes
1512 5520 1625 5577 scilicit
