4020 6022
272 238 330 297 190
862 226 987 286 Locus
1006 224 1213 285 metamus
1233 226 1405 294 QUINTUS

269 383 348 440 Idem
367 383 504 455 judicium
530 383 565 439 de
585 382 771 454 prohibitione
796 398 858 437 cum
877 400 977 437 sorore
996 378 1211 450 matris,'quod
1227 382 1312 435 etiam
1330 384 1413 445 debat
1431 400 1518 452 usar,
1535 386 1610 437 dnae
1627 384 1737 439 tenebat
1765 402 1827 439 una
1854 388 1978 443 neoessi·

267 470 326 526 sire
344 479 496 525 matertera
513 488 537 525 v.
559 475 597 525 13.
635 468 682 525 Sic
707 468 789 524 etiam
815 485 842 521 v.
869 474 914 524 lt:
940 468 1255 535 Naananntnatnes,
1282 468 1381 537 quibus
1401 486 1456 537 per
1482 467 1597 538 sinqula
1620 470 1792 535 distributis,
1818 478 1851 525 ut
1881 472 1976 525 altera

267 558 365 611 uaeris
391 565 418 611 et
431 556 513 626 filiae
533 556 596 625 ejus
613 572 669 608 non
688 554 841 623 revelabis,
859 556 949 619 tiliam
964 555 1026 623 Jilii
1043 542 1201 623 ansiesset
1214 570 1312 621 soror,
1335 553 1428 607 altera
1446 572 1529 619 sanor,
1553 556 1695 609 bominum
1722 573 1840 612 numero
1856 558 1976 613 soesalis

267 650 293 695 et
312 642 406 709 filiam
430 642 513 709 filiae
544 641 606 709 ejus
634 658 690 694 non
714 640 837 711 accepite
859 644 901 695 ad
920 642 1103 695 revelandum
1116 638 1332 707 ipropinqnitas
1351 648 1510 705 araqaatnr.
1550 641 1609 694 Sed
1629 642 1680 695 boe
1701 644 1777 695 unde
1792 646 1891 707 fieret,
1910 652 1975 698 tune

266 727 422 780 uastitatem
440 727 512 793 ejus,
540 744 609 780 earo
635 734 685 779 tua
712 727 806 796 ipsae,
834 726 927 782 idest
948 726 1014 798 quia
1040 743 1102 781 eum
1116 698 1185 787 inan
1213 731 1285 789 erat,
1313 727 1427 793 qnando
1449 726 1508 777 nisi
1530 726 1640 785 fratres
1666 735 1691 779 et
1713 745 1828 781 sorores
1851 746 1888 783 cs
1915 730 1976 783 iilis

266 829 351 867 uxore
371 829 421 882 per
439 811 600 882 eonjugium
617 811 709 867 iactus
729 829 759 868 es
779 829 836 867 una
853 829 931 878 earo,
957 812 1020 867 ideo
1048 796 1238 877 noniduobus
1259 811 1364 879 prieris
1395 811 1471 864 nulli
1499 811 1624 865 leomines
1655 820 1744 865 erant.
1793 814 1880 867 Fieri
1907 832 1974 883 erqo

266 896 351 952 debes
370 896 532 953 contrahere
550 897 753 952 matrimonium
771 914 834 952 eum
852 897 911 952 filia
927 897 1021 952 uxoris
1038 904 1104 951 tuae
1130 894 1234 961 «inbuit,
1253 898 1366 963 quanda
1377 897 1482 964 proruit,
1500 904 1530 949 ut
1543 898 1689 951 assidente
1709 901 1794 967 eopia
1806 900 1875 953 inde
1890 902 1975 953 duee·

267 986 324 1037 sive
342 999 405 1035 eum
428 983 570 1053 privigna,
595 1000 647 1036 nce
672 1000 734 1036 eum
754 983 876 1053 privigni
894 984 938 1037 vel
958 982 1104 1054 privignae
1130 988 1227 1033 rentur
1246 998 1363 1045 asora,
1383 999 1455 1051 qrsae
1475 1000 1530 1035 non
1549 992 1629 1037 erunt
1643 984 1709 1052 jam
1728 1002 1850 1053 sorores,
1870 993 1898 1039 ct
1916 1003 1972 1039 non

266 1066 338 1135 iilia,
365 1067 431 1138 quia
448 1076 513 1121 sunt
531 1084 595 1121 earo
615 1068 706 1122 uxoris
725 1075 804 1137 tuae,
829 1069 881 1123 hoo
903 1075 993 1122 estex
1010 1068 1104 1121 uxoris
1130 1067 1219 1119 solinu
1239 1067 1316 1120 istud
1331 1076 1360 1121 ut
1378 1072 1472 1136 fieret,
1498 1070 1580 1123 serilla
1599 1069 1752 1124 rseesssitns
1771 1079 1859 1137 essct,
1879 1089 1974 1124 naum

265 1160 331 1208 tuas
357 1168 440 1207 earne
466 1159 557 1222 natae,
584 1169 617 1207 ac
643 1160 842 1225 consequenter
870 1152 953 1208 etiam
971 1158 1037 1209 sunt
1055 1161 1103 1205 tna
1130 1152 1240 1205 ctissmsi
1252 1154 1351 1223 fieret,
1380 1156 1464 1217 nesae
1482 1162 1560 1209 esset.
1594 1157 1669 1208 Nam
1690 1164 1716 1207 et
1734 1156 1763 1208 si
1779 1164 1898 1225 nepotes
1912 1156 1973 1227 pri-

266 1256 343 1306 earo,
360 1238 413 1293 hoe
431 1244 473 1293 est
499 1238 708 1309 propinquitate
730 1239 822 1293 earnis
841 1254 874 1293 ex
892 1238 1023 1309 conjugio
1042 1242 1103 1293 orta
1129 1254 1238 1289 morum
1266 1238 1420 1307 bominum,
1452 1240 1502 1308 qui
1520 1242 1585 1308 jam
1619 1241 1805 1295 consobrinas
1836 1250 1971 1310 poterant

264 1324 317 1378 tibi
350 1323 522 1391 conjunctae.
572 1324 649 1395 Lego
677 1324 798 1378 naturali
830 1342 863 1378 ae
898 1325 992 1378 divina
1023 1323 1101 1378 liberi
1129 1322 1257 1391 accepere
1276 1325 1422 1393 earsjnqes,
1443 1327 1589 1380 sororibus
1615 1328 1795 1382 matrimonio
1816 1328 1972 1397 jnrspcren·

265 1410 429 1481 parentibus
448 1409 551 1465 debent
569 1409 714 1478 honorem,
732 1410 903 1481 obsequium,
921 1410 1102 1464 reverentiam
1130 1414 1184 1475 tur,
1203 1426 1259 1461 non
1267 1410 1332 1477 jam
1352 1412 1433 1480 duae,
1452 1414 1503 1466 sesi
1521 1421 1578 1465 tres
1595 1412 1625 1465 in
1642 1413 1752 1465 iserniae
1771 1430 1829 1467 uno
1847 1414 1969 1466 nscessi-

266 1502 295 1551 et
320 1496 441 1563 cultum,
464 1501 494 1549 at
521 1496 544 1548 si
568 1502 698 1565 parentes
715 1496 809 1551 liberis
826 1513 876 1566 per
900 1495 1102 1550 matrimonium
1128 1494 1239 1546 tudines
1258 1498 1370 1560 fierent,
1396 1513 1468 1565 quae
1485 1506 1601 1566 propter
1614 1500 1763 1553 caritatem
1777 1501 1971 1554 numerosiore

270 1582 476 1653 copularentur,
492 1580 521 1634 id
541 1581 633 1635 fraudi
652 1588 725 1636 esset
743 1582 783 1635 illi
803 1582 908 1648 honori,
925 1581 1058 1652 obsequio
1075 1588 1103 1634 et
1124 1580 1338 1647 propinquitate
1362 1585 1527 1636 nectendam
1556 1583 1740 1637 disseminari
1762 1600 1818 1653 per
1842 1585 1971 1652 sinpm'os

266 1668 439 1723 reverentiae
457 1667 622 1721 naturaiiter
640 1667 803 1737 parentibus
817 1666 945 1727 debitae3
964 1667 1034 1721 ratio
1051 1674 1101 1730 est,
1128 1665 1258 1733 siaqalae
1284 1667 1446 1721 debuerunt.
1488 1670 1572 1722 Esset
1597 1671 1669 1723 enim
1694 1687 1767 1722 unus
1798 1671 1883 1725 bomo
1901 1670 1968 1729 tiliis

267 1754 334 1826 quia
350 1754 484 1823 conjuges
503 1752 574 1807 fiunt
591 1770 647 1807 una
666 1770 730 1807 earo
748 1759 776 1808 et
804 1753 844 1807 sic
862 1752 1016 1807 redduntur
1035 1768 1102 1823 quo·
1127 1750 1187 1802 suis
1206 1752 1298 1812 fratri
1315 1753 1422 1805 seilicet
1440 1755 1588 1824 sororique
1605 1756 1771 1824 eossjuqibus
1788 1764 1817 1809 et
1831 1763 1919 1824 pater
1937 1762 1962 1807 et

267 1838 414 1894 dammodo
427 1855 509 1909 puros
527 1838 633 1892 ratione
648 1837 750 1892 amoris
762 1838 917 1907 conjugalis
930 1854 963 1891 ae
974 1846 1101 1907 respectu
1128 1852 1207 1887 socer
1233 1844 1259 1888 et
1283 1838 1453 1904 occinentem
1479 1842 1522 1892 ita
1546 1848 1573 1893 et
1598 1858 1669 1894 uxor
1686 1841 1749 1907 eius
1773 1842 1878 1895 iisdem
1898 1859 1968 1895 com·

266 1926 413 1996 potestatis
430 1924 458 1977 in
474 1923 588 1977 alterius
606 1940 716 1993 eorpus,
737 1930 759 1978 l.
773 1904 895 1978 cirinen.
915 1930 939 1991 i,
959 1941 985 1976 v.
1001 1930 1025 1979 l.
1055 1922 1102 1976 Sic
1129 1922 1256 1975 manibus
1271 1924 1341 1985 filiis
1360 1932 1387 1977 et
1403 1933 1493 1978 mater
1511 1934 1537 1979 ct
1556 1927 1645 1981 amita
1663 1936 1688 1979 et
1705 1945 1812 1981 sacrun
1855 1929 1968 1980 Itidem·

266 2026 341 2081 ergo,
360 2010 383 2062 si
400 2018 479 2080 pater
497 2008 611 2063 duceret
626 2008 727 2077 filiam,
746 2008 826 2061 daret
844 2006 918 2063 filiae
935 2011 1100 2078 potestatem
1129 2022 1180 2075 qne
1199 2008 1274 2060 inter
1296 2026 1327 2062 se
1349 2011 1407 2071 filii
1423 2027 1533 2079 eorsrm,
1555 2031 1611 2066 non
1636 2013 1726 2067 solum
1749 2021 1838 2066 essent
1857 2015 1968 2077 fratres

265 2095 295 2148 in
313 2112 394 2149 suum
411 2111 511 2165 corpus
530 2111 564 2149 ae
592 2100 722 2164 respectu
742 2111 828 2148 nexus
848 2094 1004 2164 conjugalis
1022 2094 1102 2148 lateri
1129 2098 1213 2160 atque
1240 2095 1389 2163 eonjnqes,
1413 2099 1613 2151 verumetiam
1639 2099 1815 2165 consobrini,
1842 2099 1914 2167 quia
1944 2107 1967 2151 et

265 2197 316 2235 suo
338 2181 504 2251 adjungeret
528 2196 605 2247 earn,
631 2196 714 2249 quam
739 2188 839 2233 natura
859 2178 948 2234 voluit
972 2178 1025 2250 ipsi
1043 2197 1102 2234 esse
1128 2178 1254 2239 fratrum
1281 2180 1344 2241 titii.
1393 2181 1494 2234 Omnes
1526 2192 1619 2236 antem
1643 2186 1715 2237 istae
1740 2183 1968 2252 necessitudines,

266 2266 422 2337 subjectam
455 2274 483 2320 et
501 2266 530 2319 in
547 2265 638 2336 gradu
655 2283 710 2319 non
729 2264 893 2331 collaterali,
920 2265 969 2319 sed
989 2266 1101 2319 descen·
1128 2279 1200 2330 qrsae
1226 2264 1275 2315 uni
1298 2264 1406 2318 bomini
1421 2274 1478 2319 tres
1496 2268 1620 2321 tornines
1639 2270 1851 2338 eorsneclebant„
1872 2285 1967 2323 norem

266 2352 349 2407 dente
369 2352 559 2419 constitutam,
584 2351 710 2423 adeoque
735 2351 913 2405 eminentiam
932 2360 960 2404 et
981 2351 1101 2421 dignita·
1128 2356 1329 2416 connecterent,
1348 2350 1375 2402 si
1392 2360 1482 2404 essent
1500 2354 1530 2405 in
1548 2354 1668 2421 sinpnlis
1686 2356 1827 2425 sirsqnlae,
1847 2363 1879 2407 ut
1897 2371 1968 2407 unus

265 2444 322 2495 tem
338 2439 403 2509 jure
426 2444 542 2493 naturae
561 2445 588 2492 et
605 2437 668 2509 lege
687 2438 782 2491 divina
802 2437 854 2492 sibi
876 2437 999 2491 debitam
1019 2438 1101 2506 depo·
1128 2434 1208 2487 bomo
1235 2435 1349 2488 balteret
1372 2436 1495 2489 alteram
1521 2456 1661 2503 sororem,
1697 2442 1818 2494 alteram
1844 2458 1968 2505 acorem,

265 2530 357 2591 neret,
385 2541 418 2578 ae
448 2524 506 2578 filia
533 2523 714 2578 reverentiam
733 2522 806 2593 patri
821 2522 958 2591 debitam,
989 2523 1041 2575 boc
1061 2528 1103 2576 est
1130 2520 1250 2573 alteram
1287 2522 1496 2591 consobrinam,
1534 2526 1652 2577 atterum
1688 2533 1815 2594 patrem,
1847 2527 1968 2580 auersum

265 2610 397 2665 affectum
417 2609 552 2678 superiori
573 2609 608 2663 ab
627 2608 756 2662 inferiore
768 2608 893 2663 debitum
907 2609 935 2661 in
948 2608 1101 2663 maritalem
1129 2606 1304 2668 avitandum,
1323 2608 1444 2661 alterans
1462 2626 1596 2681 socerum,
1614 2612 1734 2664 alteram
1750 2620 1879 2681 matrem,
1898 2612 1967 2666 alte·

265 2712 394 2760 amorem,
417 2694 469 2749 hoe
492 2701 535 2747 est
559 2694 588 2747 in
607 2694 736 2748 affectum
763 2693 930 2767 collaterali,
956 2695 1010 2748 imo
1027 2694 1103 2748 carni
1131 2710 1195 2744 rssrn
1215 2693 1345 2759 amitam,
1366 2695 1486 2747 alteram
1503 2714 1627 2765 socrum,
1651 2705 1734 2767 atque
1755 2700 1797 2751 ita
1815 2716 1845 2752 se
1861 2717 1918 2751 non
1939 2698 1967 2750 in

266 2798 334 2837 suae
347 2781 470 2836 debitum
484 2788 673 2834 commutaret.
699 2782 729 2837 Si
741 2787 829 2834 mater
841 2780 959 2835 nuberet
969 2780 1035 2850 filio,
1053 2780 1101 2834 ad·
1125 2780 1272 2844 paucitate
1293 2788 1478 2849 coarctatum,
1504 2784 1556 2835 sed
1578 2783 1665 2836 latius
1688 2792 1771 2853 atque
1791 2785 1968 2838 numerosius

265 2869 318 2922 bue
345 2866 458 2938 gravius
487 2870 585 2919 contra
615 2866 705 2935 legem
738 2874 855 2921 naturas
886 2866 1100 2936 delinqueretur.
1124 2864 1386 2932 propinquitatibus
1398 2868 1503 2921 crebris
1515 2869 1656 2921 vineolam
1667 2871 1773 2923 sociale
1785 2872 1967 2941 diffunderet.

264 2954 356 3009 Mater
375 2951 447 3008 enim
465 2951 615 3021 deponeret
640 2950 804 3021 dignitatem
826 2952 890 3021 jure
908 2952 1028 3006 naturali
1046 2952 1100 3006 sibi
1130 2949 1159 3001 In
1187 2948 1261 3003 hunc
1280 2950 1431 3021 Augustini
1455 2953 1546 3007 locum
1571 2955 1611 3008 sie
1635 2962 1839 3010 commentatur
1859 2955 1967 3010 Ludos.

266 3039 388 3094 debitam
405 3044 434 3093 et
452 3036 511 3091 filio
530 3053 590 3090 sese
607 3053 663 3090 non
681 3037 769 3090 solum
780 3043 914 3105 aequaret
930 3053 981 3106 per
999 3055 1100 3108 aequa·
1127 3034 1225 3088 Vires:
1251 3036 1284 3088 Ut
1303 3038 1516 3093 necessitudinis
1536 3042 1677 3095 vinculum
1689 3043 1720 3095 in
1735 3044 1839 3097 multos
1853 3045 1967 3114 dipsssis

265 3127 318 3181 lem
344 3133 510 3197 potestatem
537 3123 673 3193 eorporis,
702 3123 751 3178 sed
780 3125 864 3178 etiarn
892 3125 1041 3194 subjiceret
1064 3125 1100 3179 ob
1127 3121 1268 3189 eonjnpiis
1288 3130 1313 3176 et
1333 3142 1389 3177 non
1412 3126 1490 3178 intra
1510 3131 1622 3181 cosdem
1641 3129 1771 3198 parietes
1790 3131 1966 3185 mansistibns

264 3214 415 3266 dominium
446 3211 544 3266 marito
571 3211 599 3264 in
627 3227 739 3265 uxorem
766 3226 935 3265 eoncessum.
977 3211 1011 3265 ln
1037 3227 1100 3265 eon·
1125 3207 1224 3275 plnres
1251 3219 1424 3263 connecteret
1455 3221 1481 3265 et
1506 3229 1535 3266 se
1561 3214 1679 3267 invicem
1711 3217 1850 3283 sanquine
1870 3218 1967 3286 juncti

261 3300 342 3371 jugie
368 3298 485 3353 fratrum
511 3304 539 3352 et
570 3314 694 3351 sororum
720 3297 817 3351 itidem
842 3304 974 3367 peccatur
1005 3304 1101 3351 eontra
1127 3294 1278 3361 dils'perent
1306 3296 1432 3364 (prades
1454 3300 1612 3367 propinqui
1639 3302 1668 3354 in
1698 3303 1878 3356 rnatrimonio
1903 3312 1966 3357 sunt

265 3385 336 3439 bane
354 3384 498 3454 sanguinis
517 3383 714 3452 reverentiam,
740 3383 805 3454 quin
825 3384 872 3454 qui
892 3400 925 3437 er
943 3398 999 3437 una
1017 3400 1101 3438 earne
1126 3380 1289 3448 prohibiti),
1308 3381 1349 3434 sie
1366 3400 1479 3453 serpere
1505 3385 1673 3455 errandique·
1685 3389 1835 3442 caritatem
1856 3390 1967 3458 pencris

266 3471 324 3524 nati
349 3479 414 3523 sunt
438 3476 467 3524 et
492 3468 531 3521 sic
554 3469 614 3538 jam
641 3474 706 3522 ante
727 3467 929 3537 quodammodo
955 3474 1021 3523 sunt
1045 3485 1102 3523 una
1127 3466 1250 3529 buniam,
1270 3465 1457 3523 dooetOieero
1471 3468 1519 3524 lib.
1534 3476 1557 3525 5.
1571 3470 1606 3525 de
1623 3470 1700 3529 finib.
1714 3474 1796 3544 eujus
1814 3472 1885 3529 haee
1902 3484 1967 3529 sunt

268 3572 350 3620 earo,
367 3556 428 3609 illos
447 3572 498 3625 per
516 3553 676 3624 eonjugium
695 3570 778 3607 unum
797 3570 908 3607 earnem
927 3554 986 3609 fieri
1006 3561 1035 3609 et
1047 3555 1101 3608 ira·
1128 3551 1225 3605 verba:
1243 3551 1314 3621 Ipsa
1333 3556 1442 3607 caritas
1454 3558 1565 3621 pencris
1579 3559 1703 3627 hnmani,
1724 3564 1782 3627 'qua
1794 3568 1855 3613 tota
1868 3562 1967 3614 domus

269 3648 375 3696 ternam
393 3640 575 3695 reverentiam
597 3639 625 3692 in
652 3639 804 3693 maritalem
824 3640 955 3694 affectum
972 3640 1102 3695 nausiar-
1129 3638 1259 3705 eonjuqio
1279 3645 1306 3690 et
1325 3639 1413 3711 stirpis
1437 3643 1631 3711 eorsjunqitur,
1656 3646 1746 3713 serpit
1762 3646 1866 3698 sensim
1876 3647 1967 3712 sosas

267 3727 346 3796 mari,
364 3733 573 3798 praeposterum
591 3730 633 3780 est
651 3733 679 3779 et
697 3726 753 3797 legi
770 3731 886 3781 naturae
905 3726 1061 3785 advorsum,
1128 3722 1340 3790 copnationibua
1354 3727 1487 3795 prirnnm,
1507 3736 1565 3780 tum
1583 3728 1781 3797 affinitatibus.
1810 3729 1966 3785 Redueitur

303 3818 361 3869 323.
396 3812 441 3868 De
456 3814 608 3883 posteriore
625 3813 731 3867 ratione
749 3812 788 3867 sic
804 3812 916 3868 disserit
928 3813 1102 3883 Augustinus
1127 3806 1213 3877 igitur
1239 3808 1282 3863 lex
1308 3809 1343 3863 de
1359 3809 1507 3880 prohibitis
1526 3813 1661 3882 gradibus
1679 3814 1715 3867 ad
1739 3814 1831 3886 legem
1848 3826 1966 3872 naturae

272 3899 300 3953 in
315 3898 451 3969 principio
470 3899 583 3969 capitis:
604 3900 621 3966 (
626 3899 710 3959 Quod
721 3899 750 3950 in
765 3901 864 3967 prima
885 3900 983 3951 rnursdi
993 3899 1102 3967 eripias
1128 3892 1181 3947 hac
1208 3894 1323 3952 ratione.
1373 3896 1432 3952 Lex
1458 3905 1574 3954 naturae
1601 3901 1738 3971 praecipit
1763 3903 1911 3958 caritatem
1937 3903 1966 3957 in

265 3986 377 4049 fratres
394 4001 507 4039 sorores
521 4002 588 4038 siras
606 3993 790 4053 acceperunt)
800 3987 834 4037 id
848 3986 980 4053 protecto
998 3993 1102 4054 quanto
1128 3978 1251 4034 bumana
1273 3980 1405 4037 societate
1431 3998 1532 4054 augere
1551 4001 1583 4039 ae
1611 3984 1782 4057 diffundere,
1804 3989 1855 4043 sed
1873 3988 1965 4043 matri-

265 4079 306 4123 est
329 4072 472 4140 antiquius
495 4071 678 4139 compellente
702 4071 878 4135 suecessitate,
902 4080 979 4125 tanto
1001 4079 1102 4143 postea
1129 4067 1221 4120 monia
1242 4083 1305 4120 curn
1331 4069 1462 4137 proximis
1487 4073 1699 4142 consanguineis
1729 4080 1877 4130 eontracta
1895 4076 1966 4130 eati·

150 4168 194 4211 xv.
207 4168 252 4212 tlt.
262 4158 374 4223 sactum
385 4165 425 4210 est
442 4158 635 4210 damnabilius
645 4157 783 4223 rciiqionc
790 4158 963 4224 prohibente.
995 4158 1102 4210 Habita
1127 4158 1213 4205 tatem
1232 4152 1307 4206 illam
1326 4152 1355 4206 in
1373 4159 1523 4223 augustum
1541 4163 1647 4227 cogunt
1666 4164 1694 4215 et
1710 4158 1878 4229 impediunt,
1898 4177 1966 4233 quo·

265 4252 305 4299 est
343 4244 416 4296 enim
444 4244 519 4296 ratio
549 4242 707 4295 rectissima
740 4243 880 4311 caritatis,
911 4252 941 4296 nt
970 4244 1101 4311 tornines,
1128 4238 1218 4291 minut
1233 4255 1264 4291 te
1285 4237 1425 4293 diffundat
1445 4245 1474 4293 et
1491 4239 1597 4296 ambitu
1617 4261 1667 4297 suo
1683 4244 1779 4314 plnres
1797 4247 1967 4316 complecta-

265 4331 365 4401 quibus
383 4338 452 4384 esset
478 4329 556 4382 utilis
574 4337 657 4397 atque
677 4329 792 4381 boneata
811 4332 978 4399 eoncordia,
1009 4333 1100 4385 ‹liner-
1128 4330 1180 4379 tur.
1216 4324 1292 4395 Ergo
1313 4324 1487 4379 matrimonia
1506 4343 1570 4381 eum
1593 4330 1724 4399 proximis
1749 4335 1967 4401 consanguineis

263 4434 361 4472 sarum
378 4417 612 4470 necessitudinum
629 4416 749 4468 vinealis
765 4423 949 4480 necterentur,
969 4435 1018 4471 nee
1030 4436 1100 4471 ursus
1111 4388 1114 4485 i
1126 4416 1269 4463 contractu
1292 4418 1421 4480 pugnant
1443 4428 1506 4465 eum
1531 4414 1593 4485 lege
1617 4421 1742 4473 naturae.
1784 4416 1851 4473 Huc
1868 4420 1967 4475 referri

264 4506 294 4557 in
313 4522 371 4557 uua
391 4503 495 4556 multas
518 4502 644 4569 baberet,
673 4503 725 4553 sed
748 4502 879 4571 sinqnlae
900 4488 1217 4579 sparqsrcnrnripotest
1240 4495 1309 4549 illud
1333 4498 1486 4567 Augustini
1509 4499 1538 4554 in
1561 4502 1651 4557 medio
1677 4503 1802 4573 ejusdem
1827 4522 1891 4576 cap.
1918 4506 1967 4561 ubi

264 4592 294 4643 in
317 4591 456 4659 sinqntos,
482 4606 516 4641 ae
537 4590 578 4641 sie
605 4590 646 4641 ad
666 4590 800 4643 socialem
824 4589 911 4642 vitam
935 4581 1238 4659 attiqcnrnsiexponit
1255 4597 1377 4652 eausam,
1395 4592 1509 4653 propter
1527 4604 1610 4658 quam
1629 4589 1803 4659 patriarchae
1815 4608 1918 4648 uxores
1931 4594 1966 4646 de

264 4678 457 4747 eoliiqandam
480 4675 622 4745 plurimae
643 4675 783 4743 plurimos
807 4676 968 4732 obtinerent.
1011 4678 1099 4730 Pater
1125 4668 1289 4738 cognatim&
1308 4685 1360 4722 ⁸118
1376 4668 1511 4726 duxerint.
1549 4675 1618 4727 tna
1635 4674 1745 4746 (inquit)
1767 4679 1897 4745 antiquis
1911 4698 1965 4751 pa·

265 4766 368 4835 quippe
384 4774 409 4818 et
420 4780 501 4818 socer
513 4765 636 4816 sinerum
647 4768 712 4814 sunt
725 4763 958 4816 neccessitudinem
974 4764 1098 4817 nomina.
1125 4754 1215 4806 tribas
1240 4754 1392 4820 itlibt'ot'sst
1421 4773 1518 4821 curat,
1549 4774 1583 4811 nt
1612 4760 1677 4827 ipsa
1699 4764 1907 4831 propinquitas
1936 4780 1966 4818 se

268 4849 303 4903 Ut
320 4868 386 4918 „90
404 4851 494 4903 apium
512 4850 629 4918 quique
646 4848 745 4901 paneae
758 4857 887 4917 pamm,
912 4849 1001 4903 altum
1022 4866 1097 4903 3003.
1120 4838 1262 4908 perstatim
1284 4842 1475 4910 propaqinurn
1506 4846 1652 4899 ordinibus
1684 4848 1820 4902 dirimens
1852 4851 1967 4919 lonqius

262 4952 339 4999 mm,
365 4936 539 4989 ,mmmm
569 4952 599 4988 30
624 4936 732 4987 carim
764 4935 896 5003 porrfflt,
948 4934 1098 5003 Unumque
1124 4926 1213 4977 abiret
1236 4933 1262 4978 et
1282 4930 1485 4997 propinquitas
1503 4948 1561 4984 esse
1579 4934 1737 4999 desisteret,
1755 4952 1819 4989 eam
1839 4940 1965 4991 nondum

262 5030 355 5075 aurem
372 5040 444 5076 ,mm
464 5024 560 5076 Adam
578 5038 638 5076 em
655 5021 818 5088 metatur,
846 5027 872 5071 οι
889 5020 960 5083 filis,
979 5028 1004 5073 ει
1016 5012 1206 5089 filim-lanne
1222 5014 1346 5081 positam
1371 5034 1470 5069 rursus
1494 5019 1669 5073 matrimonii
1690 5022 1801 5075 uinculo
1822 5024 1966 5093 colligare

263 5108 312 5159 bns
330 5108 397 5175 siris,
415 5111 528 5177 quando
537 5110 650 5177 fratres
662 5122 826 5175 sororesque
845 5104 980 5159 sonnatio
993 5107 1096 5175 jum.
1123 5105 1150 5152 et
1168 5100 1375 5167 quodammodo
1392 5120 1524 5157 reuocare
1536 5106 1697 5173 sapientem,
1718 5108 1868 5176 unclsjam
1877 5113 1966 5180 pleno

263 5194 372 5247 bantur.
414 5194 463 5247 Sic
486 5204 512 5247 ct
530 5196 596 5248 Era
613 5212 685 5248 eruor
709 5193 770 5260 eina
792 5191 904 5258 utrique
928 5193 1007 5245 secisi
1017 5193 1096 5258 filio.
1123 5184 1278 5239 bominibus
1312 5194 1451 5242 tcrrarum
1487 5192 1565 5260 orbe,
1605 5211 1661 5247 non
1699 5196 1813 5263 quietern
1850 5206 1996 5253 sororesx

261 5298 324 5333 ram
340 5280 400 5345 snit
418 5288 552 5334 etsocrus
576 5289 601 5334 et
613 5289 710 5334 mater.
745 5278 823 5341 Quae
836 5278 863 5330 si
881 5278 955 5329 duae
965 5280 1097 5346 fensiuae
1124 5290 1157 5327 tx
1169 5282 1255 5343 patre
1274 5275 1317 5327 vel
1336 5284 1433 5346 matre,
1454 5277 1499 5330 sel
1519 5294 1552 5331 er
1572 5279 1703 5333 ambobus
1720 5281 1780 5333 suis
1793 5286 1968 5349 parentibus

195 5414 198 5419 .
259 5368 389 5432 fuissent,
409 5374 500 5419 mater
517 5367 610 5421 altera
626 5376 654 5421 et
670 5382 768 5420 sacrm
785 5363 887 5430 aban,
905 5364 1048 5432 copiosius
1066 5384 1096 5419 se
1123 5370 1220 5425 natas,
1247 5362 1301 5415 sed
1327 5369 1420 5415 tamen
1446 5364 1579 5417 amabant
1606 5366 1642 5417 dc
1667 5382 1719 5419 suo
1736 5382 1841 5433 qaaere
1862 5370 1968 5425 ducere

260 5452 377 5508 socialis
394 5454 510 5508 dilectio
530 5454 689 5521 colliqaret.
718 5451 789 5519 lpsa
802 5448 920 5518 deniqne
932 5450 999 5517 jam
1011 5469 1094 5505 soror
1122 5465 1230 5504 cesores.
