4020 6022
187 213 226 271 32
770 205 892 263 Locus
910 202 1113 262 VICESIMUS
1131 205 1300 272 QUINTUS

186 360 276 426 minis,
292 360 464 432 praestantia
482 366 512 418 et
529 360 651 433 dignitas
678 358 834 432 colligitur,
859 359 936 432 qnod
960 375 1015 415 non
1078 364 1119 416 42.
1157 360 1323 418 Ceterum
1315 380 1345 418 ur
1363 361 1458 418 diviua
1482 362 1531 417 ills
1555 360 1757 417 consultatione
1774 359 1901 457 triplex
1891 366 1916 407 0¹

183 446 299 517 jubetur
322 456 426 513 terras,
459 454 490 502 ut
511 447 647 519 producat
675 446 825 517 hominem,
855 447 927 503 siout
952 450 1017 500 ante
1043 454 1102 502 tum
1129 449 1250 504 mulieris
1274 449 1451 515 condendae,
1478 455 1538 504 tum
1564 448 1688 519 conjugii
1712 418 1916 502 instituendi⁸⁸¹
1890 479 1916 508 m

186 551 213 590 v.
231 538 272 588 24.
310 532 391 588 Dei'
377 551 459 604 Jussu
477 534 645 605 produxerat
663 533 794 588 animalia
814 532 939 604 reliqua,
967 531 1016 587 sed
1043 551 1127 590 eausa
1151 535 1320 606 exprimitur.
1355 535 1449 590 Prima
1475 542 1518 591 est
1543 537 1701 591 necessitas.
1741 535 1806 590 Non
1833 522 1916 587 est²¹¹

186 619 290 676 Deus
282 637 342 691 ipss
360 637 430 675 novo
448 627 476 675 et
493 619 626 676 haetenus
650 619 759 674 insolito
783 637 857 675 more
883 618 1017 674 delibera·
1044 620 1151 688 bonum,
1168 622 1209 675 ait
1226 621 1375 686 Dominus,
1392 622 1528 676 bominem
1551 638 1610 675 esse
1627 621 1733 689 solunt,
1757 635 1877 691 quorum

188 708 291 763 tionem
309 707 344 763 de
362 706 472 762 homine
483 705 627 762 condendo
640 706 765 778 suscipit,
784 710 813 761 et
832 710 930 777 postea
945 704 1017 775 ipse·
1044 705 1190 762 verborum
1203 708 1264 779 quis
1277 708 1313 763 sit
1330 725 1434 777 seusus,
1456 706 1680 780 exsequentibus
1698 705 1875 784 intelligitur.

187 801 245 850 met
261 812 322 849 eum
341 793 442 849 format
458 795 524 865 (qua
542 793 577 848 de
594 810 624 848 re
650 792 690 847 sic
707 792 858 864 loquuntur
880 791 922 862 pii
944 797 1017 846 vete·
1043 791 1114 847 Cum
1137 793 1210 848 enim
1233 794 1372 848 animalia
1397 794 1510 864 reliqna
1531 795 1571 848 ad
1591 793 1736 855 bominem
1751 793 1877 846 adduce·

188 897 240 949 res,
259 879 447 935 Tertullianus
463 879 481 935 L
500 883 525 935 2.
544 878 605 933 adv.
623 877 709 934 Mam.
727 895 752 935 c.
773 886 804 934 4:
829 878 921 932 Homo
941 884 982 931 est
999 894 1017 928 a
1043 887 1146 944 rentur,
1165 890 1195 934 ιιι
1211 888 1323 934 vocaret
1338 897 1372 934 ea
1393 880 1548 934 nominibus
1566 880 1634 946 auis,
1654 879 1737 933 Adae
1757 896 1813 932 non
1834 878 1877 931 in-

188 969 252 1021 Deo
275 966 402 1022 conditus
425 983 482 1018 non
502 965 647 1035 imperiali
669 964 768 1030 uerbo,
793 972 824 1019 ut
843 972 935 1019 cetera
955 962 1016 1017 ani·
1042 965 1204 1020 veniebatur
1223 966 1413 1034 adjutorium,
1433 964 1485 1020 hoe
1505 971 1548 1020 eet
1563 964 1670 1038 reliqua
1686 963 1817 1019 animalia
1836 963 1878 1019 its

187 1053 289 1122 maiia,
317 1053 368 1105 sed
395 1051 541 1114 familiari
563 1068 649 1104 manu
671 1051 755 1104 etiam
774 1051 935 1120 praemisso
964 1047 1015 1103 illo
1044 1057 1123 1106 erant
1149 1051 1244 1107 aDeo
1271 1051 1395 1120 condita,
1423 1056 1455 1106 ut
1478 1050 1599 1121 speciem
1620 1067 1699 1105 sunm
1717 1065 1875 1122 propagare

187 1140 348 1193 blandiente
366 1137 462 1201 umbo,
483 1137 627 1204 faciamus
651 1136 788 1191 bominem
811 1137 852 1189 cd
869 1135 1016 1203 imaginem
1042 1143 1163 1209 possent,
1181 1138 1231 1192 sed
1248 1138 1329 1192 Adae
1346 1155 1402 1193 non
1421 1137 1612 1193 inveniebatur
1628 1136 1685 1192 talo
1704 1136 1876 1206 adjutorium

187 1233 213 1280 et
229 1224 443 1279 similitudinem
455 1230 589 1278 nostram.
624 1220 758 1293 Origenes
768 1221 840 1276 hom.
863 1227 885 1278 1.
903 1220 933 1275 in
945 1219 1015 1276 Gen.
1042 1224 1246 1295 generationis,
1272 1223 1336 1280 ideo
1353 1222 1431 1279 Deus
1449 1223 1530 1277 dicit:
1559 1224 1625 1277 Non
1642 1230 1682 1277 est
1700 1223 1809 1287 baiam,
1828 1221 1877 1275 bo·

186 1316 258 1382 part.
285 1317 306 1366 ι.
328 1328 355 1380 p.
381 1315 411 1366 6:
440 1309 540 1363 Omnes
563 1308 689 1378 reliquae
716 1316 865 1362 crsatmae
884 1307 1016 1376 jussione
1043 1311 1145 1364 minem
1163 1328 1222 1364 erse
1239 1312 1344 1379 solnm,
1362 1310 1414 1365 hoe
1432 1314 1475 1365 est
1490 1326 1554 1365 cum
1571 1308 1679 1380 reliqua
1696 1308 1827 1364 ammalia
1846 1309 1877 1362 in

186 1399 246 1452 Dei
257 1400 327 1463 finnt
352 1402 403 1452 etc.
443 1395 593 1449 Videamus
618 1402 710 1449 antem
736 1411 809 1463 gnae
836 1402 915 1458 eunt,
945 1410 1017 1464 quae
1044 1396 1203 1453 diversitate
1221 1414 1302 1453 sexus
1320 1385 1432 1454 condita
1448 1397 1569 1468 speeiem
1588 1412 1668 1451 suam
1687 1412 1737 1467 per
1759 1409 1876 1467 genera·

186 1486 246 1554 ipm
265 1485 345 1538 Deus
356 1483 445 1551 facit,
463 1488 490 1535 ct
503 1497 559 1552 per
571 1481 648 1551 iaec,
666 1498 737 1552 quae
749 1482 913 1550 magnitudo
931 1479 1017 1533 lomi·
1042 1482 1146 1538 tionem
1170 1500 1326 1556 propagare
1343 1483 1467 1555 possint,
1490 1500 1547 1539 nou
1564 1482 1706 1550 convenit,
1733 1480 1876 1536 bominem

185 1573 229 1626 nris
248 1573 293 1638 eil,
310 1572 497 1625 advertamus.
531 1570 567 1623 ln
576 1569 720 1639 principio
734 1570 806 1636 fecit
819 1569 899 1622 Dens
911 1568 1017 1620 coelum
1043 1570 1243 1626 nobilissimum
1265 1570 1336 1625 illud
1354 1569 1456 1625 animm
1480 1586 1514 1625 ae
1531 1569 1645 1641 reliquie
1656 1567 1782 1625 omnibus
1793 1582 1874 1639 prae·

187 1667 212 1712 et
243 1668 357 1712 terram.
405 1655 543 1712 Similiter
567 1656 607 1709 ait
630 1663 655 1709 et
673 1657 749 1722 fecit
777 1657 835 1710 duo
861 1654 1016 1708 luminaria
1043 1657 1159 1712 stantius
1178 1655 1231 1713 hoe
1249 1657 1323 1713 bono
1343 1656 1455 1711 destitui
1477 1663 1505 1710 et
1531 1673 1619 1726 genus
1644 1655 1731 1726 ipsius
1758 1670 1814 1709 uno
1833 1655 1874 1707 in·

186 1764 304 1815 magna,
323 1752 349 1798 et
365 1761 439 1796 nanc
456 1744 572 1811 neren,
583 1743 731 1811 suciamus
749 1742 896 1797 bominem.
920 1742 957 1795 ln
973 1741 1017 1795 bis
1044 1743 1157 1797 dividuo
1175 1742 1324 1809 terminari,
1343 1741 1466 1814 loquitur
1485 1741 1558 1797 enim
1576 1741 1653 1797 Deus
1673 1742 1708 1796 ds
1726 1741 1800 1795 bono
1818 1757 1875 1794 non

186 1831 256 1886 solis
271 1833 389 1895 factura
408 1829 496 1898 ipsius
517 1827 576 1881 Dei
592 1827 780 1898 adscribitur,
806 1827 836 1881 in
859 1828 927 1882 aliie
951 1844 1016 1881 vero
1040 1829 1197 1899 personali,
1217 1828 1267 1885 sed
1287 1828 1425 1883 communi
1444 1829 1503 1884 sive
1519 1829 1629 1897 speciei.
1659 1826 1809 1883 Personale
1826 1825 1874 1881 bo·

186 1935 336 1986 nusquam,
363 1917 413 1969 scd
431 1916 623 1968 tarnummodo
654 1915 761 1968 coslum
788 1923 814 1968 et
843 1922 935 1983 terra,
964 1913 1016 1980 sol,
1044 1931 1109 1968 num
1128 1922 1202 1979 erat,
1230 1915 1304 1986 quod
1328 1913 1421 1970 Adam
1439 1916 1475 1970 ad
1493 1915 1641 1986 imaginem
1658 1913 1713 1969 Dei
1731 1919 1791 1970 oret
1809 1930 1875 1968 con-

186 2006 254 2059 luna
274 2010 300 2056 et
319 2001 416 2056 stellae
435 2010 543 2054 etnunc
560 2001 641 2054 homo
659 2018 678 2054 a
698 2003 760 2054 Deo
772 2002 874 2066 sactae
892 2009 942 2064 est,
961 2017 1017 2054 one·
1044 2000 1299 2068 dinumerandum
1317 2000 1454 2071 ιιιιιιιιιιι,
1472 2019 1584 2080 eorpus,
1608 2000 1736 2056 vitamet
1753 1997 1874 2055 exteriru

187 2093 236 2145 nia
252 2106 319 2142 ocra
336 2088 447 2157 reliqua
468 2087 598 2156 jussione
625 2087 687 2156 ejus
709 2089 792 2152 sacta
811 2088 957 2149 dicuntur,
983 2102 1017 2138 eu
1043 2086 1230 2143 habitaculum
1245 2086 1343 2143 beatus
1360 2104 1393 2144 ac
1404 2087 1558 2158 perfectus,
1579 2088 1628 2144 sod
1646 2102 1790 2143 commune
1801 2084 1875 2141 illud

187 2179 237 2232 icc
250 2193 315 2244 ergo
340 2174 502 2238 considera,
532 2181 639 2241 guarus
656 2174 693 2228 sit
716 2173 835 2227 hominis
856 2174 1017 2241 rnapnitudo
1043 2174 1101 2228 sive
1118 2173 1219 2243 speciei
1237 2174 1340 2229 bonum
1359 2174 1480 2229 nondum
1499 2173 1634 2241 habebat,
1661 2173 1736 2246 quod
1753 2188 1805 2245 per
1823 2188 1874 2244 gs·

187 2270 240 2319 etc.
269 2261 389 2316 Basilius
397 2258 489 2315 homil.
506 2265 544 2314 10.
557 2258 694 2314 hexaem:
720 2259 811 2312 Nosse
822 2259 1018 2327 oistcmsnm!
1044 2259 1215 2315 uerationeru
1233 2261 1353 2330 speciem
1367 2279 1445 2316 suam
1464 2277 1617 2333 propagare
1636 2265 1736 2331 posset.
1762 2258 1875 2312 Primus

187 2351 230 2403 vel
250 2349 314 2402 binc
334 2345 490 2416 auspicium
508 2345 617 2400 sumito.
653 2346 700 2398 De
712 2345 792 2400 nullo
808 2345 880 2399 enim
894 2361 1017 2414 operum,
1043 2363 1109 2417 ergo
1130 2346 1254 2418 conjugii
1266 2345 1329 2401 finis
1341 2352 1384 2402 est
1398 2349 1548 2402 liberorum
1559 2345 1702 2416 generatio
1721 2343 1876 2398 etlumani

190 2452 260 2503 qnae
280 2437 360 2488 Deus
378 2440 493 2486 eatenue
511 2430 691 2494 condiderat,
711 2449 763 2485 noc
782 2431 846 2494 ista,
865 2431 1017 2498 facianae,
1042 2433 1152 2499 perimis
1176 2433 1358 2502 propagatio.
1400 2431 1497 2489 Noluit
1522 2432 1606 2501 Deus,
1635 2448 1719 2487 uuum
1736 2431 1875 2485 duntaxat

187 2522 216 2574 in
236 2522 334 2575 literas
345 2518 513 2573 transmissa
527 2524 574 2581 est,
591 2518 643 2570 sed
654 2517 779 2586 simplici
794 2517 875 2570 verbo
896 2526 922 2571 ct
939 2536 1016 2571 man·
1041 2517 1179 2575 homiuem
1196 2524 1311 2586 exstare,
1329 2519 1378 2573 sed
1396 2518 1484 2574 voluit
1501 2535 1589 2591 genus
1603 2518 1753 2573 humanum
1770 2533 1874 2590 propa·

187 2609 255 2660 dato
275 2605 333 2660 Dei
351 2606 445 2659 omniu
464 2611 560 2658 meato
578 2610 649 2658 sunt.
685 2603 812 2656 Erudire
831 2601 918 2673 ipitur
936 2603 1016 2658 bomo
1041 2604 1102 2676 gari
1119 2611 1147 2659 ιι
1165 2603 1356 2674 multiplicari,
1381 2603 1445 2661 ideo
1462 2604 1581 2661 creanda
1598 2605 1653 2660 fuit
1668 2604 1767 2659 mulier
1783 2608 1813 2658 ιι
1831 2602 1873 2658 iu·

188 2711 222 2746 nc
242 2694 328 2758 disce,
349 2691 449 2760 picenti
465 2708 537 2744 nnus
548 2699 578 2744 ιιι
596 2689 788 2742 aestimandus
806 2690 910 2758 oenias,
928 2707 1016 2760 neque
1041 2690 1210 2746 stitueudum
1231 2690 1406 2762 eonjugium,
1431 2692 1460 2747 in
1479 2709 1534 2762 quo
1558 2709 1591 2747 ae
1610 2710 1660 2762 per
1678 2691 1752 2763 quod
1770 2706 1872 2761 propa·

187 2781 259 2834 enim
276 2779 482 2850 penerationem
500 2784 577 2830 tuam
595 2775 668 2830 reiut
681 2775 772 2846 pretii
794 2776 920 2845 culparis
944 2794 1015 2831 corn·
1041 2775 1118 2849 gatio
1135 2777 1184 2831 ills
1200 2794 1251 2847 per
1269 2777 1475 2848 generationem
1492 2777 1578 2851 tieret
1615 2777 1658 2832 Eo
1682 2776 1799 2849 respicit
1817 2775 1872 2831 To

85 2887 174 2933 xmp
187 2868 265 2921 muni
293 2873 488 2919 creaturarum
518 2864 654 2917 mandato
693 2862 800 2915 censuit
830 2865 1015 2920 edesendam.
1041 2863 1101 2918 bias
1118 2862 1147 2916 in
1163 2862 1292 2933 precibus
1310 2862 1369 2917 suis
1388 2881 1411 2918 e.
1433 2868 1457 2932 8,
1477 2880 1503 2918 v.
1522 2870 1553 2920 ιι
1578 2864 1700 2918 Domine
1719 2867 1799 2917 Decus
1816 2881 1871 2936 pa-

187 2950 337 3024 Gregorius
356 2949 404 3006 lib.
423 2955 447 3005 9.
465 2948 559 3003 moral.
578 2964 601 3002 ι.
623 2953 670 3003 27:
700 2946 774 3010 Quia
796 2948 948 3002 rationalis
967 2967 1016 3002 na·
1041 2957 1113 3002 trum
1129 2957 1298 3018 nostrornm,
1315 2965 1342 3005 v.
1362 2955 1385 3004 8.
1406 2957 1436 3003 ιιι
1453 2949 1553 3016 fecisti
1564 2950 1661 3004 Adam
1674 2951 1710 3003 de
1729 2949 1797 3004 limo
1815 2958 1871 3004 ter·

185 3047 250 3093 tura
267 3037 446 3101 condebatur,
464 3054 536 3106 quae
552 3053 614 3090 eum
631 3036 750 3090 consilio
767 3035 850 3107 facta
867 3035 1016 3104 uideretur,
1042 3053 1091 3088 rae
1110 3053 1144 3088 ac
1163 3035 1270 3089 dedisti
1286 3036 1313 3088 ei
1329 3035 1504 3103 adjutorium
1520 3038 1625 3101 Euam,
1652 3054 1678 3094 v.
1704 3042 1724 3091 9.
1744 3045 1771 3090 et
1789 3054 1872 3104 nunc,

186 3126 270 3194 quasi
283 3141 338 3194 per
349 3124 472 3178 studium
487 3124 522 3176 de
535 3129 611 3176 terra
620 3123 783 3191 plasmatur
791 3129 818 3175 st
827 3122 1014 3192 inspiratione
1043 3123 1177 3187 Domine,
1207 3130 1238 3175 ιιι
1255 3122 1319 3189 acie,
1336 3122 1405 3191 quic
1425 3140 1480 3176 reon
1503 3123 1633 3177 luendae
1651 3140 1739 3176 cauea
1757 3123 1870 3191 accipie

184 3211 340 3267 conditoris
358 3210 388 3264 in
405 3209 507 3262 virtuale
525 3208 643 3277 spiritns
656 3204 754 3261 'uitalis
772 3208 898 3276 eripitur,
916 3216 946 3261 ιιι
963 3210 1014 3262 rci-
1040 3224 1152 3262 acorem
1171 3224 1259 3261 meam
1277 3208 1438 3277 conjugem,
1456 3209 1507 3288 sed
1522 3209 1586 3263 eoin
1601 3207 1777 3278 posteritatis
1796 3209 1870 3263 dile·

184 3297 249 3351 lieet
271 3314 327 3351 non
345 3312 400 3365 per
410 3294 550 3363 jussionis
573 3310 679 3361 nocem,
708 3294 760 3347 sed
776 3309 829 3361 per
849 3293 1011 3362 ιιιριιιιιιιιιιι
1040 3296 1137 3359 ctione,
1157 3295 1187 3347 in
1206 3312 1262 3363 qna
1281 3294 1461 3348 benedicatur
1479 3310 1576 3348 nomen
1595 3302 1670 3348 tuum
1688 3295 1717 3347 in
1736 3293 1871 3352 ιιιιιιιιηι.

185 3381 358 3453 operationis
374 3381 532 3449 ιιιὶιιιιιι,
558 3379 608 3448 gui
623 3380 665 3433 ad
680 3378 835 3433 conditoris
852 3380 898 3432 sni
914 3381 1013 3449 imapi·
1040 3380 1150 3436 Graeca
1174 3381 1258 3451 paulo
1281 3378 1362 3434 aliter
1380 3377 1499 3448 habent,
1527 3379 1557 3434 in
1584 3378 1684 3451 quibus
1705 3380 1767 3452 ipsa
1784 3380 1872 3436 verba

184 3485 246 3523 nem
273 3467 365 3532 fiebat.
400 3465 438 3520 Et
460 3464 598 3520 Lutberus
619 3464 649 3518 in
674 3480 735 3535 cap.
763 3471 784 3521 1.
814 3462 885 3523 Gen
912 3483 939 3536 p.
968 3472 1013 3523 le:
1040 3468 1149 3522 divinae
1170 3465 1387 3537 consultationis,
1405 3475 1512 3521 nonest
1529 3468 1636 3532 bonam,
1652 3467 1790 3522 leoninam
1809 3483 1870 3521 esre

185 3556 280 3610 Hodie
300 3555 380 3608 bomo
399 3552 499 3607 crescit
523 3560 549 3607 ct
574 3552 779 3621 multiplicatur
802 3554 898 3607 eodem
922 3557 1013 3624 modo,
1039 3554 1143 3622 solum,
1175 3559 1342 3624 repetuntur.
1386 3551 1516 3609 secunda
1552 3553 1714 3610 instituendi
1745 3553 1870 3624 conjugii

183 3640 378 3712 qnoreiiguae
391 3639 509 3708 teseim,
535 3640 587 3691 sed
602 3638 739 3706 inprime
753 3638 912 3694 conditione
925 3648 1013 3694 osun-
1039 3657 1124 3697 eeusa
1147 3646 1189 3694 est
1210 3639 1335 3710 mildae,
1360 3639 1502 3704 faciantne
1526 3640 1553 3694 ei
1577 3641 1759 3708 adiutorium,
1782 3637 1870 3695 Hebr.

185 3727 227 3781 dit
243 3726 370 3795 Moyses,
389 3726 539 3779 maximam
555 3740 613 3778 esse
633 3724 903 3794 dissimilitudinem,
927 3728 1013 3797 aiqui-
1040 3728 1105 3802 233,
1126 3727 1276 3795 juvamen,
1308 3724 1458 3794 aemilium,
1488 3724 1612 3796 Targum
1640 3724 1763 3780 reddidit
1799 3724 1870 3802 5³30.

185 3816 249 3868 dem
266 3811 409 3881 sinprdari
423 3819 481 3864 tum
498 3810 625 3873 ceordic,
649 3817 706 3864 tum
723 3811 872 3880 sapientia,
891 3813 1013 3869 inmane
1037 3815 1173 3882 fulcrum,
1182 3811 1264 3866 LXX
1276 3811 1389 3882 interpr.
1401 3810 1583 3880 βοηθόιιΤοιι.
1591 3816 1615 3880 Β,
1624 3829 1649 3866 v.
1658 3817 1681 3867 5.
1694 3811 1872 3882 adduutcrsj·

185 3907 290 3953 natura
317 3904 357 3950 est
381 3897 497 3951 condita
524 3903 550 3950 et
580 3895 670 3965 digito
699 3897 758 3951 Dei
778 3898 947 3968 formata),·
974 3899 1014 3955 ita
1040 3920 1126 3973 ριγμα
1143 3901 1364 3968 tensamentum,-
1388 3914 1485 3952 sensus
1507 3898 1593 3969 igitur
1616 3906 1670 3964 est,
1699 3899 1773 3971 quod
1801 3916 1871 3955 uxor

150 4048 155 4058 ,
187 4001 297 4058 quoque
323 4000 356 4038 ex
381 3982 578 4039 deliberatione
602 3980 723 4037 mulieris
742 3983 873 4039 creationi
901 3993 930 4040 ot
949 4002 1013 4040 con·
1039 3985 1140 4041 debeat
1156 4003 1216 4041 esse
1233 3984 1292 4039 viro
1309 3983 1477 4055 adjutorium
1495 3983 1658 4039 nouaclum
1677 3983 1707 4039 iu
1719 3984 1871 4042 liberorum

181 4072 255 4143 Jugii
273 4069 440 4125 institutioni
466 4067 617 4139 praemissa
644 4075 720 4125 reete
748 4069 894 4142 colligitur,
921 4069 1014 4128 Deum
1039 4068 1216 4145 generatione
1235 4077 1264 4127 ιι
1281 4071 1453 4139 educatione,
1472 4070 1523 4126 sed
1539 4069 1623 4125 etiam
1634 4071 1664 4125 in
1677 4069 1799 4127 familiae
1818 4074 1870 4127 ad·

185 4157 309 4212 rumando
333 4154 448 4211 consilio
476 4161 505 4210 et
531 4154 708 4210 inenarrabili
744 4155 880 4227 sapientia
906 4157 935 4211 in
960 4157 1012 4214 hoc
1039 4158 1247 4221 ministratione,
1266 4157 1431 4228 inperanda
1441 4164 1470 4212 ιι
1481 4156 1710 4212 conservandam
1729 4157 1871 4224 familiari,

122 4232 126 4241 ’
185 4262 234 4300 suo
246 4259 329 4315 opere
345 4248 374 4299 ιι
390 4241 563 4297 ordinatione
580 4256 641 4296 esse
661 4259 748 4298 usum
779 4242 918 4299 Potuisset
934 4244 1012 4301 Deus
1038 4249 1093 4302 imo
1113 4245 1198 4302 etiam
1216 4244 1246 4298 in
1265 4260 1380 4315 precum
1399 4251 1427 4299 et
1443 4242 1557 4314 pietatis
1576 4243 1718 4313 exercitiis,
1738 4245 1870 4317 quodque

185 4330 266 4386 simul
286 4346 319 4385 ae
336 4328 421 4385 semel
438 4344 532 4383 omnes
548 4327 672 4383 homines
684 4329 810 4394 condere,
830 4328 902 4385 ιιιιιι
919 4331 1013 4404 angeli
1039 4334 1141 4390 debeat
1158 4330 1268 4387 fidelem
1287 4347 1398 4401 operam
1410 4345 1443 4385 ac
1455 4328 1541 4384 iidem
1552 4331 1712 4385 societatem
1723 4332 1777 4401 ipsi
1787 4350 1870 4403 prae·
1883 4338 1916 4381 xi

184 4434 278 4472 omues
297 4415 380 4471 simul
401 4412 576 4477 sumerseti,
606 4413 655 4468 sed
673 4413 780 4485 placuit
798 4415 908 4471 divinae
924 4416 1013 4487 ipsius
1038 4429 1112 4476 stare
1122 4419 1152 4474 in
1166 4417 1306 4489 perieulis,
1323 4416 1425 4471 morbis
1438 4424 1465 4471 ot
1476 4416 1537 4471 aliis
1549 4417 1773 4488 adversitatibus,
1791 4419 1870 4490 quod

183 4503 334 4573 sapientise
361 4501 416 4556 duo
439 4505 548 4555 tentum
570 4500 712 4555 hominum
736 4501 880 4558 individue
909 4520 1012 4574 creare,
1039 4509 1110 4562 inter
1137 4505 1271 4576 conjuges
1299 4504 1435 4559 bonorum
1461 4510 1489 4559 ιι
1514 4504 1650 4558 malorum
1679 4503 1781 4560 debeat
1808 4522 1871 4561 esse

184 4605 300 4659 quorum
336 4586 476 4660 conjugali
511 4586 715 4643 cohabitatione
756 4587 861 4659 species
892 4589 1013 4646 humana
1039 4591 1193 4649 communio
1211 4596 1264 4645 ete.
1299 4588 1443 4644 Alluditur
1470 4588 1543 4644 enim
1565 4589 1618 4646 bac
1640 4589 1740 4647 vocula
1758 4589 1795 4645 ad
1814 4608 1872 4658 eoa,

183 4680 398 4746 propagaretur,
426 4674 522 4746 sieque
547 4692 579 4728 ee
605 4690 661 4727 uno
680 4675 817 4744 sanquine
840 4676 911 4740 fecit
926 4684 1013 4732 totum
1039 4680 1087 4753 qui
1111 4674 1289 4733 sublevandis
1313 4673 1443 4732 oneribus
1470 4682 1581 4732 mutuas
1604 4675 1659 4732 sibi
1681 4676 1712 4731 in
1735 4675 1873 4735 auxilium

182 4779 269 4830 penus
293 4762 442 4817 humanum
463 4761 593 4815 babitare
617 4777 703 4830 super
725 4762 885 4817 uniuersam
899 4764 1012 4831 faciem
1039 4781 1137 4820 manus
1160 4761 1313 4834 porrigrmt
1347 4760 1453 4818 Eccles.
1477 4769 1503 4833 t,
1531 4781 1556 4818 v.
1581 4769 1609 4819 ιι
1638 4763 1778 4818 Meliores
1807 4773 1873 4821 sunt

183 4856 275 4902 terrae
292 4848 355 4905 Aet
374 4854 413 4914 17,
430 4865 457 4907 v.
475 4852 516 4904 26.
551 4846 691 4902 Potuisset
708 4846 797 4902 Evam
813 4847 911 4904 eodem
930 4851 1013 4906 modo
1039 4854 1097 4906 dno
1116 4867 1200 4920 ιιιιιιη
1218 4867 1303 4918 unns,
1327 4850 1396 4918 pain
1421 4857 1461 4904 est
1480 4851 1520 4904 eia
1539 4866 1641 4904 nurces
1660 4848 1761 4903 melior
1778 4866 1811 4903 se
1827 4851 1872 4906 ia-

184 4952 239 5006 quo
261 4933 399 4989 Adamum
422 4951 455 4990 ιι
479 4935 591 5006 pulvere
614 4937 704 4989 terrae
729 4934 848 4990 formare
872 4941 901 4991 et
925 4936 1012 5009 spira·
1039 4939 1103 4994 bore
1121 4955 1183 5006 areo,
1203 4954 1229 4992 v.
1247 4942 1288 4991 10.
1310 4935 1379 5006 quia
1397 4936 1425 4990 si
1442 4935 1603 5001 οιιιιιιιιιιι,
1629 4955 1701 4991 unns
1719 4937 1809 5004 eripet
1827 4956 1873 4992 so·

184 5022 277 5077 culum
301 5019 376 5077 vitae
399 5022 424 5076 ei
448 5020 583 5092 inspirare
602 5022 672 5076 Gen.
693 5028 721 5089 2,
746 5038 771 5078 v.
795 5027 818 5076 7.
837 5021 887 5076 sed
906 5022 1012 5092 plseuit
1039 5025 1112 5079 cium
1130 5041 1217 5078 sunm
1262 5022 1316 5076 Vae
1335 5040 1401 5094 erpo
1418 5023 1476 5093 uni,
1494 5024 1563 5092 quia
1581 5024 1874 5089 concedentem

185 5107 295 5162 divinae
311 5105 398 5178 ipsius
414 5106 566 5178 sapientiae
584 5124 641 5162 non
656 5124 691 5163 ex
711 5113 801 5163 terreo
820 5106 942 5177 pulvere,
961 5108 1011 5165 sed
1039 5113 1120 5167 babet
1143 5111 1264 5166 aiterum
1284 5127 1315 5165 se
1338 5112 1531 5167 intimantem
1566 5110 1663 5167 Tertia
1686 5111 1811 5185 conjugii
1830 5117 1873 5170 in·

184 5211 217 5249 ox
238 5193 319 5249 Adae
336 5193 424 5249 latere
440 5193 557 5264 primam
576 5193 652 5248 illam
670 5192 812 5248 mulierem
831 5190 963 5263 formare,
981 5202 1013 5249 ut
1040 5197 1172 5253 stitueudi
1197 5212 1282 5252 eausa
1305 5203 1347 5253 est
1371 5199 1503 5254 scandar.
1541 5197 1643 5256 Mulier
1669 5200 1742 5257 euim
1770 5199 1873 5257 dicitur

183 5281 236 5334 hac
254 5282 360 5337 ratione
378 5296 411 5335 ex
428 5296 511 5336 carue
527 5279 607 5336 Adae
624 5287 744 5335 sumeret
762 5278 918 5348 exordium,
938 5280 1013 5350 quod
1039 5282 1215 5352 adjutorium
1243 5300 1340 5338 ceram
1371 5285 1441 5341 niro.
1491 5283 1525 5338 ln
1555 5285 1686 5342 Hebraeo
1712 5294 1754 5342 est
1785 5277 1872 5364 ἰιιξξ

184 5368 213 5422 in
230 5368 363 5423 unitatem
381 5367 471 5423 carnis
489 5367 515 5423 ei
532 5373 593 5422 erat
610 5368 794 5439 copulandum
812 5368 848 5423 ad
865 5371 1013 5442 coujugale
1039 5378 1174 5438 maguam
1198 5387 1293 5424 eoram
1315 5389 1362 5440 eo,
1392 5374 1467 5443 quod
1489 5372 1528 5427 sit
1554 5380 1690 5444 tanquam
1711 5373 1811 5430 alter
1802 5393 1872 5448 ipse.

183 5454 358 5511 consortium.
1041 5455 1137 5513 Chald
1156 5439 1267 5534 timi
1288 5477 1383 5513 coram
1401 5474 1447 5526 eo,
1469 5461 1556 5531 junna
1575 5480 1672 5519 coram
1690 5479 1731 5528 eo,
1748 5471 1780 5520 ut
1799 5462 1873 5521 duae
