4020 6022
202 305 263 365 312
788 294 911 354 nocue
927 294 1132 354 wenstlffls
1149 294 1318 362 QUINTUS

201 452 380 524 prohibitum.
431 452 640 523 chrysostomus
663 451 723 507 libr.
751 451 786 506 de
808 451 930 523 virginit.
956 458 1033 506 tanto
1063 451 1205 507 Gnosticis
1221 451 1314 520 refert,
1332 455 1410 522 qssost
1426 450 1596 508 continentes
1609 451 1759 507 habuerint
1770 451 1896 507 ludibrio

202 557 263 595 eam
282 539 391 612 nuptiis
403 547 554 611 praestare
571 539 677 607 asserit,
697 546 801 608 qssonto
815 540 1033 605 codamterras,
1061 555 1095 591 ac
1125 556 1227 593 sariam
1257 539 1374 593 diorum
1404 539 1435 592 in
1464 540 1602 594 coelibatu
1631 538 1759 594 madiam
1788 539 1897 604 fuerint

202 636 307 696 quiante
325 627 481 681 hominibus
498 625 601 694 anysii.
633 624 1035 696 Cyrillusllierosolymitanus
1061 626 1216 694 aspernati.
1263 625 1337 690 Quid
1369 643 1436 699 ergo
1457 627 1571 695 mirum,
1601 627 1625 682 si
1645 627 1674 681 in
1700 625 1897 698 oppugnandis

202 713 308 770 catech.
338 720 362 768 4.
393 731 465 766 auro
496 729 555 767 cam
588 717 732 782 comparat
769 713 842 767 sicut
864 711 1176 789 'conjugium,impuris
1205 711 1260 766 illis
1290 712 1450 782 haereticis,
1480 713 1510 767 in
1547 713 1706 769 extollenda
1735 712 1896 784 virginitate

203 807 327 869 arpento.
375 799 499 853 Isidorus
517 798 661 853 Pelusiota
684 798 746 853 libr.
777 805 801 853 2.
830 794 987 868 epist‘lib.
1008 804 1036 852 et
1062 797 1172 869 longius
1197 803 1304 855 veteres
1327 800 1383 852 sint
1407 799 1569 871 progressi?
1615 799 1808 870 Hieronymus
1837 799 1895 853 ll.

203 891 261 943 351.
281 886 337 939 soli
355 902 424 955 eam,
442 885 554 957 nuptias
571 902 637 940 vero
654 886 740 939 lanae
759 885 875 939 confert.
913 883 1036 954 Fulgen·
1062 885 1125 939 adv.
1138 884 1325 955 Vigilantiam
1340 884 1417 950 dicit,
1434 885 1622 941 sciscitatum
1639 889 1682 940 ad
1693 887 1895 940 adimendam

201 974 258 1028 tius
297 973 378 1042 epist.
409 978 434 1027 3.
463 973 500 1027 ad
531 972 646 1043 probam
678 973 713 1027 de
748 972 848 1042 virgin.
880 975 908 1026 et
939 969 1035 1026 humil.
1061 971 1233 1040 cirpinitatis
1257 973 1424 1041 dipnitatsm
1447 974 1621 1028 sermonibus
1652 973 1817 1041 Vipilantii,
1848 972 1896 1041 qai

201 1076 228 1129 p.
253 1065 318 1114 497:
348 1060 415 1112 Nan
438 1058 598 1112 dubitamus
620 1059 729 1125 dicere,
761 1065 868 1110 tantam
894 1074 913 1109 a
937 1065 1036 1109 sancta
1063 1058 1262 1112 continentiam
1281 1059 1392 1114 dicebat
1407 1060 1551 1125 haeresin,
1572 1059 1744 1130 pudicitiam
1770 1058 1895 1112 tibidiss's

201 1146 364 1215 cirpinitate
383 1146 479 1199 carnis
501 1153 527 1198 et
542 1145 661 1214 spiritus
675 1144 809 1211 fideliam
822 1145 1036 1212 conjnpatoram
1062 1144 1251 1211 seminariam,
1275 1144 1464 1213 oirpins'tatem
1483 1146 1676 1216 improperabat,
1696 1143 1774 1199 nulli
1785 1145 1895 1217 padici-

202 1232 266 1285 licet
290 1249 309 1285 a
325 1233 388 1286 Deo
407 1248 567 1285 comesmm
584 1232 714 1295 infirmae
738 1230 922 1298 mortalisque
939 1230 1035 1286 carnis
1062 1229 1131 1282 tiam
1149 1230 1289 1292 mcdcbm.
1324 1229 1509 1286 Bellmminus
1527 1230 1576 1287 lib.
1598 1237 1620 1286 1.
1639 1231 1676 1284 de
1697 1230 1791 1287 cleric.
1808 1247 1833 1287 c.
1852 1234 1894 1285 tt:

201 1320 286 1389 bajas
325 1320 433 1372 dietari
476 1318 665 1387 concubitum,
703 1324 837 1387 miantmn
879 1317 1035 1371 amilitado
1062 1317 1157 1370 Error
1194 1317 1262 1370 clim
1298 1316 1474 1371 Gramcrrsm
1509 1325 1585 1381 erat,
1621 1324 1751 1387 oportere
1780 1315 1896 1371 ciericos

197 1422 335 1478 pecormm
373 1407 410 1458 ab
447 1406 604 1459 imitatione
648 1404 820 1459 discernitur
861 1405 1035 1473 anpeiornm.
1062 1418 1163 1456 names
1181 1404 1295 1471 demere,
1323 1410 1474 1472 antemium
1493 1403 1608 1457 ordines
1625 1403 1801 1472 mscspiant,
1832 1402 1896 1472 qaia

202 1491 309 1547 Similia
334 1497 482 1547 occurrunt
506 1491 582 1561 apud
609 1491 811 1561 Hieronymum
835 1489 897 1545 libr.
930 1494 951 1544 1.
971 1489 1034 1543 adr.
1060 1497 1124 1558 post
1142 1489 1257 1544 ordines
1273 1507 1328 1544 non
1338 1490 1429 1553 licuit
1441 1489 1485 1542 hic
1494 1490 1568 1557 soit,
1585 1490 1684 1543 atatii
1693 1490 1802 1557 colant,
1818 1506 1896 1544 error

201 1578 294 1635 Jorin.
326 1579 406 1649 epist.
433 1584 473 1634 22.
500 1578 537 1631 ad
554 1577 687 1633 Eustoch.
712 1576 851 1632 Isidorum
873 1576 922 1633 lib.
949 1581 973 1631 2.
1000 1575 1035 1629 de
1062 1575 1705 1645 Nicolaitarrnnbasreticosum,qasmcorsstat
1716 1575 1895 1646 Vipsiaatiam

201 1683 299 1721 summ.
327 1665 391 1722 bon.
418 1682 440 1718 c.
468 1670 509 1719 to.
536 1662 728 1720 Bernhardum
755 1679 872 1719 sermon.
900 1661 935 1716 de
961 1660 1034 1715 mod.
1061 1678 1190 1733 oppresse
1210 1664 1346 1720 demisse.
1401 1662 1531 1717 costerus
1553 1662 1582 1715 in
1599 1661 1705 1718 enchir.
1732 1679 1757 1717 c
1778 1668 1825 1717 15:
1853 1662 1895 1714 Es

202 1751 274 1807 bene
292 1751 346 1805 riv.
368 1768 392 1805 c.
412 1755 454 1806 21.
473 1756 513 1806 22.
533 1756 584 1805 etc.
636 1750 797 1804 Notandum
816 1755 910 1804 autem
934 1748 969 1802 de
985 1747 1035 1801 im·
1063 1750 1234 1817 Hieronymo
1246 1755 1363 1818 constat,
1379 1749 1563 1817 Vipilantiam
1575 1748 1750 1802 haereticam
1761 1748 1894 1812 domam,

201 1837 316 1892 modicis
343 1837 397 1891 illis
424 1836 579 1893 coelibatus
600 1835 677 1906 apud
700 1841 807 1891 veteres
832 1835 979 1904 encomiis,
1012 1839 1034 1888 1.
1062 1852 1118 1889 non
1146 1853 1205 1891 cess
1231 1837 1367 1891 diaconos
1393 1837 1430 1889 ab
1456 1836 1596 1906 episcopis
1621 1835 1815 1905 ordinandos,
1844 1832 1896 1887 m'si

201 1924 277 1995 quod
307 1930 340 1978 ut
368 1923 476 2022 reliqua
505 1922 599 1978 omnia
627 1928 738 1992 patrum
764 1921 855 1991 dicta,
884 1922 925 1976 ita
952 1921 1035 1975 etiam
1059 1923 1143 1991 prins
1170 1924 1314 1978 dariasent
1338 1940 1447 1978 nrores.
1490 1921 1638 1978 Joviniano
1663 1874 1832 1976 Ambrosiis
1849 1919 1892 1974 lib.

201 2010 309 2065 isthaec
342 2010 467 2065 encomia
483 2025 538 2063 non
566 2012 664 2073 contra
682 2008 765 2063 tidem
788 2007 958 2079 torquenda,
986 2007 1035 2061 ssd
1065 2014 1104 2074 19.
1125 2010 1205 2079 epist.
1219 2015 1260 2065 82.
1273 2009 1380 2077 tribuit,
1394 2009 1468 2080 quod
1482 2008 1617 2077 docuerit,
1628 2009 1756 2077 sirpines
1769 2015 1893 2078 oportere

198 2099 283 2167 juxta
300 2096 367 2151 tidei
385 2094 569 2165 analogiam
562 2112 589 2147 m
604 2079 754 2192 seripturis
767 2094 855 2148 sacris
866 2093 1035 2164 propositam
1062 2097 1172 2165 nubere,
1190 2096 1323 2151 similiter
1334 2104 1360 2150 et
1376 2096 1486 2164 os'dnas,
1507 2093 1619 2149 etiamsi
1628 2095 1774 2149 continere
1781 2095 1895 2165 possint,

201 2184 248 2254 pie
265 2182 431 2254 explicanda
449 2181 518 2248 sint,
545 2185 621 2235 arcte
639 2179 712 2235 anim
729 2181 880 2235 tenendum
898 2181 952 2234 hoc
970 2178 1036 2233 tidei
1063 2200 1162 2237 errare
1179 2199 1243 2248 eas,
1274 2200 1347 2253 qaae
1364 2183 1455 2237 nolint
1472 2182 1577 2236 iterare
1603 2180 1752 2249 copulam,
1784 2180 1895 2249 cirpini·

203 2269 377 2324 Christianae
412 2274 592 2339 στοιχείωμα,
630 2267 705 2339 quod
740 2267 824 2322 etiam
861 2265 1036 2338 Augustinus
1062 2271 1130 2324 tatis
1159 2270 1269 2324 nullam
1297 2285 1355 2322 esse
1375 2268 1515 2337 qratiam,
1541 2268 1614 2335 pari
1635 2283 1732 2320 omnes
1755 2265 1896 2319 aatimmi

203 2363 300 2413 contra
317 2357 379 2412 illas
399 2355 568 2428 hyperbolae
585 2359 674 2426 urget,
692 2355 778 2409 etiam
797 2353 922 2423 virgines
939 2352 1037 2420 pratia
1060 2359 1169 2427 pretio,
1199 2355 1395 2409 castimoniam
1414 2354 1523 2408 nubtias
1540 2367 1597 2406 esse
1615 2353 1765 2422 utilitatis,
1791 2352 1895 2406 nullon

202 2447 297 2500 solcas
320 2444 391 2514 ficri
413 2460 468 2514 per
496 2445 595 2512 fidem,
626 2459 682 2496 non
708 2458 741 2495 ee
776 2440 921 2510 operibus,
953 2439 1037 2493 etiam
1064 2441 1476 2512 esseprosminmoirpinitatis,
1489 2440 1597 2494 nnllam
1605 2440 1733 2503 fractam
1743 2439 1894 2505 stantem,

202 2531 359 2601 cirpinibas
376 2530 501 2600 quotidie
523 2530 662 2583 orandum
679 2544 753 2596 csse,
777 2528 901 2582 Domine
928 2525 1036 2579 dimitte
1063 2530 1172 2584 nmium
1189 2529 1321 2584 tanmem
1338 2526 1492 2595 castitatis,
1521 2525 1646 2595 quinimo
1679 2525 1840 2596 quicunque
1866 2525 1892 2577 ia

83 2622 142 2665 avt.
155 2622 188 2667 tt
203 2620 284 2674 nobis
304 2618 399 2672 debita
418 2624 516 2671 nostra
536 2621 588 2671 stc.
611 2620 709 2670 contra
734 2614 807 2685 quod
826 2613 1036 2670 tundamentum
1064 2617 1176 2670 Christo
1197 2617 1354 2686 baptisatus
1371 2621 1426 2683 est,
1459 2613 1661 2682 οιιοὶίοοιιοοοε
1683 2612 1751 2679 eins
1778 2613 1840 2667 os'ta
1854 2611 1893 2676 sit,

205 2706 293 2773 absit,
325 2710 358 2760 ut
389 2703 466 2758 dicta
495 2719 546 2757 sna
575 2702 613 2773 pii
642 2706 750 2758 veteres
787 2700 907 2773 intelligi
943 2700 1037 2758 velint.
1063 2721 1125 2758 enm
1142 2705 1205 2757 Deo
1240 2709 1385 2773 acceptam
1416 2716 1482 2755 esse.
1532 2697 1708 2769 Augustinus
1736 2697 1786 2754 lib.
1814 2703 1839 2754 2.
1862 2697 1893 2751 de

205 2798 229 2847 2.
248 2790 329 2856 Quod
355 2791 384 2845 in
413 2789 579 2861 quibusdam
607 2788 675 2844 locis
702 2794 823 2843 mentem
852 2804 931 2842 snam
961 2793 1037 2842 recte
1063 2795 1132 2845 sent
1151 2788 1249 2845 Jacob.
1269 2788 1305 2843 ad
1324 2787 1486 2856 Hieronym.
1506 2802 1531 2842 c.
1551 2792 1575 2841 3.
1596 2785 1631 2840 de
1654 2801 1687 2839 ao
1708 2784 1792 2854 dicit,
1824 2785 1894 2854 qaod

208 2877 353 2948 explicent,
371 2893 463 2946 neque
482 2892 544 2930 cum
557 2874 679 2946 conjugii
692 2874 858 2930 contumelia
869 2872 1036 2929 coelibatum
1062 2878 1093 2930 in
1112 2879 1263 2930 statimnda
1277 2881 1457 2947 peccatoram
1472 2873 1597 2943 paritate
1614 2871 1708 2936 faerit
1728 2870 1854 2940 Stoicus,
1868 2872 1893 2924 ia

201 2964 245 3019 vel
262 2962 433 3018 laudandum
451 2961 495 3016 vel
512 2961 672 3032 eligendum
690 2978 750 3016 esse
775 2961 910 3030 doceant,
940 2965 1036 3030 utpote
1063 2963 1242 3033 aucupandis
1267 2969 1295 3015 ct
1320 2960 1503 3026 defensandis
1519 2958 1711 3028 voluptatibus
1729 2959 1892 3027 Epimss.

202 3049 314 3122 quando
334 3049 443 3119 docent,
463 3046 631 3103 coelibatum
648 3045 775 3102 absolute
793 3053 822 3103 et
838 3047 867 3101 in
885 3063 915 3103 se
932 3045 1035 3100 bonurn
1062 3050 1148 3105 Hisce
1160 3047 1307 3120 vigilantii
1321 3053 1350 3102 et
1364 3045 1506 3101 Joriniani
1520 3043 1697 3115 opinionibus
1710 3042 1892 3116 Hieronymus

202 3153 272 3207 opus
293 3153 349 3191 non
367 3152 435 3202 esse,
455 3133 504 3188 sed
522 3138 625 3188 statum
644 3133 711 3188 boni
734 3132 870 3204 operiret
888 3150 921 3188 ex
941 3148 1035 3187 eornm
1063 3143 1091 3192 et
1107 3136 1285 3203 Ambrosius,
1319 3133 1368 3205 qui
1391 3136 1458 3188 tunc
1485 3131 1656 3201 eruditione,
1688 3131 1848 3203 eloquentis
1868 3136 1892 3186 et

204 3238 313 3293 genere,
333 3236 405 3292 quae
416 3222 453 3275 ad
467 3219 544 3291 aliud
556 3220 721 3288 referuntur,
733 3236 767 3274 ac
779 3218 896 3289 proinde
911 3217 1036 3273 encomia
1062 3222 1226 3288 auctoritate
1265 3219 1293 3273 in
1326 3218 1429 3274 Latius
1464 3217 1582 3273 ecclesia
1617 3216 1740 3272 maxime
1779 3216 1892 3272 illustres

202 3307 251 3360 illa
274 3323 329 3360 non
342 3312 399 3360 tam
418 3306 453 3359 de
472 3306 533 3375 ipso
551 3306 705 3361 coelibatus
724 3305 796 3360 dono
815 3323 898 3377 quam
919 3305 953 3359 de
970 3320 1035 3359 vero
1047 3352 1050 3379 ,
1064 3314 1151 3377 erant,
1172 3306 1304 3362 acerrime
1317 3322 1347 3360 se
1360 3310 1550 3377 opposuerunt
1566 3320 1599 3358 ac
1614 3303 1643 3357 in
1661 3309 1772 3374 partem
1783 3304 1892 3359 alteram

165 3460 168 3465 Ι
205 3399 233 3447 et
252 3391 376 3462 legitimo
389 3394 449 3461 ojus
462 3409 515 3444 usu
532 3393 561 3445 lu
575 3392 687 3460 pietatis
700 3393 837 3447 exercitiis
853 3389 1035 3463 intelligenda
1062 3394 1177 3449 nimium
1206 3393 1389 3458 deflexerunt,
1422 3391 1492 3446 adeo
1511 3396 1543 3445 ut
1556 3389 1735 3461 Augustinus
1762 3390 1893 3460 quaedam

203 3483 297 3546 erunt,
326 3476 396 3531 haec
415 3475 490 3530 diota
509 3483 669 3531 enumerata
688 3485 752 3533 sunt
771 3477 898 3548 superins
923 3493 1033 3547 propos.
1062 3481 1157 3535 durius
1193 3485 1221 3535 et
1248 3477 1447 3534 incommodius
1477 3476 1587 3547 prolata
1611 3475 1722 3529 mollire
1744 3475 1831 3530 fuerit
1853 3491 1893 3530 co·

204 3571 227 3619 2.
249 3563 361 3635 quando
382 3561 496 3627 docent,
519 3561 548 3615 in
566 3563 696 3633 conjugio
716 3580 771 3618 non
796 3564 886 3617 minus
904 3579 987 3634 quam
1006 3563 1034 3616 in
1061 3571 1159 3629 actus,
1189 3571 1220 3619 ut
1238 3564 1363 3634 superius
1393 3562 1555 3617 monuimus.
1605 3567 1629 3616 t.
1658 3561 1742 3626 Quod
1775 3559 1892 3634 quamvis

199 3649 339 3706 coelibatu
356 3665 416 3704 esse
436 3647 607 3718 entitatem,
625 3650 802 3720 pudicitiam,
821 3649 988 3704 mundiciem
1007 3655 1035 3704 et
1061 3654 1227 3708 Essaeorum
1251 3650 1459 3720 superstitiones
1486 3653 1516 3703 et
1531 3647 1776 3719 Marcionitarum,
1805 3647 1891 3702 ‘Pstis-

199 3736 445 3792 ssnctificationem
458 3733 518 3789 Deo
533 3736 696 3805 placentem,
708 3754 780 3808 quae
790 3737 865 3791 dicta
874 3742 1035 3792 enumerata
1060 3756 1171 3804 norum,
1199 3737 1403 3792 Encratitarmn
1422 3737 1572 3791 aliorumve
1590 3734 1797 3789 haereticorum
1814 3731 1891 3788 maui-

200 3831 265 3879 sunt
283 3840 393 3894 propos.
413 3828 438 3879 4.
459 3823 571 3894 quando
591 3823 706 3890 docent,
724 3823 886 3895 conjugium
905 3823 934 3877 in
953 3841 982 3878 ss
1000 3840 1032 3877 ac
1060 3827 1149 3882 festae
1178 3830 1275 3881 contm
1307 3823 1469 3894 conjugium
1500 3821 1690 3899 blasphemiae
1720 3821 1770 3888 (de
1798 3819 1890 3892 quibus

199 3927 251 3981 per
268 3926 299 3965 ee
316 3926 373 3964 non
392 3925 452 3963 esse
470 3908 699 3980 impedimentum
713 3910 871 3980 pietatisac
888 3908 1031 3963 ministerii
1061 3931 1110 3968 suo
1136 3913 1196 3967 loco
1224 3910 1344 3981 egimus)
1373 3925 1429 3964 nou
1447 3907 1553 3963 fuerint
1574 3908 1603 3962 in
1620 3907 1741 3963 ecclesis
1769 3904 1934 3977 receptam

199 3995 389 4061 ecclesiastici,
419 4011 491 4066 qnae
516 3996 592 4049 dicta
620 3995 724 4050 ibidem
755 3997 784 4050 iu
810 3995 939 4051 antithesi
966 4001 1033 4049 sunt
1059 3999 1104 4055 vel
1133 3997 1316 4069 approbatae,
1346 3999 1439 4051 tamon
1468 4011 1501 4049 ex
1530 3994 1579 4050 illa
1606 3992 1749 4064 hypocrisi
1773 3993 1810 4048 de
1836 4008 1890 4062 per·

200 4089 368 4139 enumerata.
419 4088 443 4138 3.
464 4082 545 4146 Quod
570 4089 601 4137 ut
617 4082 794 4137 admirationi
817 4082 970 4139 coelibatus
989 4099 1032 4136 oc·
1060 4084 1179 4141 factione
1210 4082 1364 4138 coelibatus
1398 4081 1427 4134 in
1460 4081 1550 4151 ipsam
1581 4079 1729 4134 ecclesiam
1760 4076 1889 4149 paulatim

200 4170 339 4225 amionem
375 4168 454 4222 dedit
483 4168 609 4224 ethnicas
641 4169 815 4223 scortationis
849 4169 1032 4234 familiaritas,
1060 4172 1198 4244 quaedam
1229 4170 1338 4224 zizania
1369 4168 1543 4239 irrepserint,
1580 4166 1655 4238 quod
1685 4182 1791 4238 negare
1820 4164 1890 4220 num

199 4255 423 4328 persecutionum
454 4255 586 4310 atrocitas
615 4261 644 4310 et
662 4255 855 4325 conjugiorum
882 4255 1033 4326 imparitas,
1060 4257 1183 4312 veritatis
1199 4257 1292 4327 specie
1304 4256 1416 4326 poterit,
1429 4254 1476 4325 qui
1489 4253 1621 4326 expendit
1634 4253 1761 4310 duriores
1773 4258 1889 4309 veterum

201 4361 256 4414 qua
277 4342 312 4396 de
333 4358 363 4396 re
383 4341 501 4396 diximus
516 4342 642 4413 superius
656 4359 733 4412 prop.
754 4349 777 4411 1,
795 4342 834 4396 its
845 4341 1032 4412 hyperbolicis
1060 4345 1210 4400 sententias
1241 4347 1338 4398 contra
1370 4341 1507 4396 secundas
1524 4339 1635 4412 nuptias
1656 4339 1798 4410 prolatas,
1828 4354 1889 4411 quas

200 4428 254 4481 illis
272 4427 404 4483 encomiis
423 4427 595 4482 occasionem
607 4426 734 4482 dederint
752 4427 952 4497 disputationes
969 4444 1032 4482 cum
1061 4430 1236 4499 exposuimus
1255 4426 1383 4497 superius
1403 4425 1431 4496 ξ,
1458 4431 1514 4481 191.
1541 4443 1573 4480 ac
1590 4424 1767 4480 incommoda
1788 4424 1890 4481 Tertul-

199 4513 345 4568 haereticis
365 4512 534 4568 coelibatum
551 4511 789 4567 contemnentibus
803 4520 831 4567 et
845 4513 1033 4583 impuritatem
1062 4516 1128 4571 lieni
1157 4521 1186 4570 et
1217 4512 1380 4583 Hieronymi
1416 4512 1492 4566 dicta
1525 4517 1622 4566 contra
1652 4512 1760 4582 primas
1785 4512 1889 4583 nuptias

199 4600 274 4655 ritas
302 4598 557 4665 introducentibus,
583 4598 638 4652 illis
657 4599 730 4653 enim
749 4616 812 4653 cum
838 4600 903 4654 totis
927 4600 1033 4655 risibus
1060 4602 1176 4674 prolata,
1197 4616 1269 4671 quae
1287 4598 1372 4669 paulo
1390 4604 1454 4653 ante
1475 4596 1503 4668 ξ.
1522 4603 1582 4654 496.
1600 4603 1667 4652 sunt
1687 4597 1820 4654 adducta.
1851 4595 1888 4649 Er

200 4702 261 4741 sese
277 4691 458 4757 opponerent,
478 4684 597 4756 contigit
614 4684 670 4754 eis,
688 4685 762 4755 quod
777 4685 806 4739 in
825 4686 953 4740 omnibus
968 4703 1032 4741 con·
1059 4689 1154 4745 eodem
1186 4686 1272 4758 igitur
1303 4684 1381 4739 tonte
1413 4688 1441 4740 et
1469 4683 1628 4755 cumprimis
1654 4700 1689 4737 ex
1712 4682 1887 4739 admiratione

200 4772 339 4826 troversiis
359 4771 420 4827 fieri
440 4770 527 4835 solet,
555 4775 588 4824 ut
606 4770 634 4824 in
653 4777 761 4840 partem
778 4771 895 4827 alteram
917 4772 1032 4827 nimium
1059 4776 1133 4830 vitae
1152 4771 1267 4827 coelibis
1284 4771 1315 4826 in
1332 4771 1458 4838 Essenis,
1491 4770 1607 4826 iudaeis
1627 4774 1657 4824 et
1683 4770 1713 4824 in
1731 4769 1886 4825 Vestalibus

201 4855 389 4912 deflecterent.
407 4856 534 4911 Clemens
563 4855 611 4911 lib.
641 4862 664 4912 3.
688 4862 781 4913 strom.
806 4864 834 4913 et
857 4857 1031 4928 Epiphanius
1058 4878 1091 4916 ao
1122 4858 1312 4915 sacerdotibus
1339 4857 1484 4929 gentilium
1502 4848 1651 4911 immodica
1673 4855 1725 4910 ills
1741 4855 1886 4911 coelibatus

198 4947 264 4996 tom.
285 4947 307 4996 2.
325 4942 372 4996 lib.
394 4950 415 4999 1.
433 4942 509 5001 haer.
531 4948 571 4997 tt.
590 4942 716 4997 referunt
732 4943 894 4999 deNicolao
911 4944 1031 5014 quodam
1057 4946 1184 5002 encomia
1206 4951 1271 4999 sunt
1302 4950 1410 5013 exorta,
1436 4942 1603 5013 judicabant
1625 4941 1714 5010 enim,
1749 4941 1886 5013 indignum

199 5027 385 5098 apostolorum
417 5027 568 5099 discipulo,
598 5031 675 5097 qaod
704 5031 756 5083 sab
787 5030 973 5084 continentiae
1006 5038 1031 5083 et
1058 5050 1117 5088 esse
1136 5031 1307 5096 Christimis,
1328 5031 1352 5084 si
1369 5048 1424 5086 non
1443 5029 1478 5085 ad
1497 5029 1694 5102 perfectionem
1713 5028 1805 5097 illam,
1824 5041 1888 5099 quse

198 5112 311 5167 smine
342 5114 493 5183 apostotici
518 5122 670 5186 praecoma
696 5116 849 5185 propriam
885 5117 1032 5186 conjapcm
1058 5120 1087 5174 in
1104 5118 1221 5174 Judasis
1247 5123 1276 5173 et
1302 5117 1452 5190 gentilibus
1470 5116 1646 5172 admirationi
1671 5122 1747 5183 erat,
1781 5111 1887 5169 summis

198 5199 350 5265 dimiserit,
382 5217 446 5253 nior
467 5216 533 5255 vcro
559 5201 687 5255 libidinis
710 5203 816 5256 ardore
834 5201 923 5256 uictas
942 5204 1032 5257 omnis
1058 5204 1162 5260 viribus
1181 5205 1387 5259 contenderent.
1424 5204 1468 5259 Dc
1488 5203 1606 5257 Essenis
1635 5201 1735 5257 scribit
1751 5199 1883 5271 Jossphus

196 5286 309 5357 pencris
333 5286 516 5340 scortationes
539 5294 566 5340 et
583 5305 671 5358 capas
687 5287 820 5342 libidines
845 5287 1032 5344 introduxerit
1058 5291 1105 5347 lib.
1126 5297 1166 5347 15.
1185 5291 1271 5362 antiq.
1290 5307 1313 5346 c.
1330 5295 1369 5347 13.
1388 5291 1467 5360 qaod
1477 5288 1698 5358 justarepniam
1712 5288 1886 5358 Pytbaporat

198 5373 314 5436 docens,
345 5374 371 5423 el
399 5366 438 5441 pari
466 5391 508 5432 τις
524 5372 586 5427 καθ’
618 5372 726 5448 ἡμέραν
751 5372 892 5446 lnyrsrier,
911 5378 974 5442 ζωῆς
996 5375 1031 5432 οὐ
1057 5379 1176 5432 vicerint
1196 5385 1222 5431 et
1241 5377 1406 5432 coelibatum
1426 5377 1527 5431 sectati
1536 5375 1661 5443 suerint.
1679 5373 1731 5429 lib.
1750 5378 1791 5430 18.
1808 5371 1886 5441 antiq·

196 5455 312 5510 δύναται
329 5458 456 5531 μετέχειν
473 5461 602 5528 αἰωνίου,
620 5475 638 5513 ιι
655 5476 710 5530 quo
727 5460 887 5530 turpissima
904 5460 1027 5519 Nicolai·
1056 5481 1079 5520 c.
1104 5468 1128 5518 2.
1153 5467 1182 5518 et
1205 5462 1267 5518 libr.
1293 5469 1318 5519 2.
1343 5462 1379 5517 de
1395 5462 1459 5518 bell.
1483 5460 1550 5517 Jud.
1570 5476 1594 5517 c.
1622 5466 1647 5516 7.
1697 5460 1826 5515 Essaws
1840 5458 1886 5513 hor

195 5548 287 5601 tarum
312 5548 389 5599 secta
414 5548 456 5598 est
478 5550 581 5601 exorta
629 5544 803 5619 Epiphanius
827 5547 903 5606 haer.
928 5553 971 5605 26.
992 5549 1027 5606 de
1055 5550 1226 5620 hypocritiae
1242 5549 1316 5605 citae
1333 5565 1432 5621 penore
1447 5546 1738 5617 eximiaeaopicntiae
1751 5543 1888 5604 msaarti·
