4020 6022
213 206 216 213 ·
248 192 310 250 306
822 182 946 241 Locus
962 180 1169 241 mensurus
1187 182 1358 250 QUINTUS

249 338 394 395 aureolum
419 337 491 395 illud
515 337 664 396 Clementis
688 338 836 395 Alexandr.
863 338 911 394 lib.
935 346 960 395 3.
978 341 1085 393 strom:
1111 335 1173 393 libr.
1193 344 1233 396 tit.
1253 338 1290 394 de
1305 338 1356 395 aiv.
1382 338 1438 394 Dei
1457 354 1481 395 a.
1505 344 1554 396 ³42
1579 338 1772 410 Hieronymus
1794 356 1854 395 non
1871 342 1952 397 medo

133 445 189 489 m.
203 442 236 487 te.
249 431 367 500 aspreta
386 429 432 481 nal
450 422 541 500 γάμος
558 424 729 497 κεχώρισται,
746 426 806 479 inei
823 421 935 501 μακρὰν
946 422 1085 497 ἀφέστηκε
1111 428 1251 480 secundae
1279 425 1395 495 nuptias
1421 426 1612 495 abominatur,
1643 428 1696 481 ssd
1722 427 1838 497 pmmae
1868 428 1951 483 utun

250 518 301 568 roi
334 514 407 571 Θεοῦ
424 512 565 581 διάβολος,
601 521 709 567 tantum
734 514 840 568 distant
870 513 1031 582 conjupium
1060 518 1211 597 ctipnrum
1225 513 1332 582 probat
1348 520 1448 567 contra
1464 512 1650 568 Josinianum
1677 514 1847 583 ds'spestuns,
1871 513 1951 568 bomo

250 600 396 663 scortatio,
426 606 559 669 meantum
579 601 659 653 Deus
692 606 718 653 et
735 599 876 656 diabulus.
924 601 950 653 2.
978 598 1220 652 Inuum-icastebs
1246 606 1272 651 et
1298 598 1432 668 eonjsspio
1458 616 1564 667 parum
1592 614 1705 669 aequus.
1754 598 1909 655 Rhenanus
1925 598 1951 652 in

249 686 342 739 modae
363 685 534 739 Tertulliani
559 692 585 738 et
611 685 782 755 Hieronymi
805 684 907 751 dietis,
935 685 964 738 in
983 642 1171 755 quibusiarg.
1191 683 1255 742 libr.
1274 684 1392 741 Tertull.
1410 684 1515 741 exhort.
1540 684 1578 740 ad
1594 692 1676 743 east:
1714 686 1831 741 Veteres
1853 702 1951 751 omnm,

248 771 374 843 conjugii
398 771 561 842 dignitatem
592 776 621 827 et
647 771 771 826 divinam
799 771 1004 826 institutionem
1030 759 1101 855 nonii
1113 778 1197 838 atque
1230 773 1303 826 adeo
1330 772 1521 840 Hieronymus
1551 773 1613 841 ipse
1641 772 1825 828 matrimonio
1851 790 1951 842 pann

249 858 317 912 satis
344 857 522 912 aestimantes
552 872 608 912 non
634 860 745 912 tentum
762 858 899 923 tenuiter,
930 856 980 911 sed
1004 856 1198 927 etiamiaenui
1225 859 1318 924 firme.
1374 858 1452 914 Neve
1486 859 1605 925 Erasmi,
1642 859 1722 917 Viris
1753 875 1789 915 ae
1824 858 1948 914 Rhenani

249 944 447 999 oontnmeliose
474 944 511 999 de
530 944 662 1016 eonjugio
690 946 850 1016 loquuntur.
898 936 1101 999 Tertullianus!
1110 943 1250 1013 judicium
1276 944 1430 999 Pontifieiis
1460 944 1496 999 sit
1525 952 1696 1017 suspectum,
1726 946 1891 1002 addendum
1912 950 1951 1000 ssi

249 1030 309 1085 libr.
333 1037 354 1087 l.
373 1032 410 1086 ad
428 1048 542 1086 uxorem
559 1048 584 1087 a.
612 1037 635 1087 3.
653 1050 680 1102 p.
704 1038 767 1088 171:
800 1032 889 1096 Quale
913 1048 1018 1100 quarm
1036 1028 1184 1105 loclillud
1202 1032 1262 1087 los.
1283 1032 1405 1086 Aeostae
1422 1031 1549 1088 ‹lesuitae
1567 1031 1615 1086 lib.
1646 1033 1682 1089 de
1701 1032 1815 1088 Christo
1833 1031 1950 1086 revelato

250 1118 350 1171 bonum
367 1126 422 1185 est,
456 1120 534 1189 quod
552 1119 623 1171 mali
639 1120 815 1187 comparatio
835 1119 1025 1185 commendat,
1056 1124 1137 1179 ertia.
1157 1121 1203 1171 20:
1221 1117 1411 1185 Hieronymus
1428 1119 1539 1172 ridetur
1556 1119 1703 1187 aliquanto
1716 1120 1845 1189 iniquior
1858 1119 1949 1171 matri·

248 1205 313 1258 ideo
330 1205 431 1258 melius
456 1205 494 1258 sit
511 1206 612 1258 nubem
633 1222 716 1274 nisam
733 1206 798 1271 ari,
819 1205 887 1274 quin
906 1205 1029 1258 deterius
1046 1190 1216 1279 estimonio.
1269 1204 1452 1260 Verissimum
1479 1205 1532 1259 hoe
1559 1221 1619 1260 ease
1644 1221 1677 1259 ex
1700 1206 1770 1277 ipsis
1788 1204 1950 1274 Hieronymi

250 1290 305 1346 uri.
339 1290 380 1343 At
401 1291 473 1344 enim
486 1298 591 1359 quanto
604 1291 755 1345 meliusest
770 1290 980 1359 nequenubers,
998 1282 1209 1357 aemulaerbis,
1223 1295 1251 1343 et
1265 1290 1436 1360 argumentis
1452 1290 1598 1346 manifeste
1616 1297 1748 1361 apparet,
1779 1289 1852 1347 haee
1882 1290 1949 1345 enim

251 1376 316 1429 uri!
364 1376 484 1430 Possum
507 1377 616 1443 dicere,
645 1379 723 1445 quod
744 1377 933 1446 permittitur,
967 1393 1022 1429 non
1047 1381 1087 1426 eet
1113 1374 1205 1429 omnia
1225 1382 1375 1431 assumunt
1392 1376 1469 1447 apud
1488 1377 1705 1448 Hieronymum:
1737 1378 1773 1433 Si
1792 1378 1895 1431 bonum
1913 1385 1949 1431 sst

251 1462 359 1518 bonam.
410 1463 493 1525 Quod
516 1462 692 1532 permittitur
720 1468 878 1532 suspectam
907 1461 990 1514 labet
1022 1476 1086 1529 per·
1114 1462 1257 1515 mulierem
1283 1480 1339 1515 non
1367 1469 1499 1532 turpare,
1530 1479 1597 1531 erpo
1622 1464 1729 1517 malum
1758 1470 1802 1517 sst
1828 1470 1947 1533 tanpese,

251 1548 395 1602 marionis
423 1564 491 1603 suae
516 1564 645 1616 saeuam,
674 1550 752 1618 quael
779 1547 930 1601 raeceesitae
950 1553 1087 1615 praeeust,
1113 1547 1186 1600 nibil
1204 1548 1276 1601 enim
1292 1548 1361 1601 borso
1380 1548 1552 1602 contrarium
1567 1549 1625 1603 nisi
1651 1550 1768 1604 malum.
1809 1550 1845 1605 Si
1861 1556 1947 1603 mtsm

252 1635 395 1703 depretiat
419 1636 492 1703 epea.
541 1636 606 1687 Non
630 1634 696 1687 ideo
721 1633 792 1702 quid
815 1633 915 1687 bonum
938 1640 991 1700 set,
1019 1630 1087 1701 quia
1113 1634 1218 1686 maliem
1236 1641 1280 1687 set
1298 1641 1325 1688 et
1341 1632 1511 1703 ipnoscitur,
1536 1634 1602 1688 idco
1628 1636 1806 1704 conceditur,
1831 1652 1866 1689 ne
1884 1635 1949 1705 qnid
1958 1636 1999 1677 1³¹·

251 1720 360 1775 malum
376 1737 433 1774 non
452 1728 502 1774 est.
538 1736 560 1776 e.
579 1727 612 1776 4:
632 1720 752 1774 Carnem
771 1720 886 1789 lenimus
904 1720 1044 1785 intinnam
1063 1725 1090 1771 et
1114 1719 1238 1773 deterius
1263 1721 1322 1786 fiat.
1366 1718 1515 1790 Exponens
1532 1720 1608 1775 illam
1633 1722 1801 1777 sententiam
1826 1720 1948 1792 apostoli,

252 1806 317 1861 binc
333 1805 413 1860 nobis
431 1806 584 1859 adulamur
600 1806 768 1874 impensius,
796 1805 915 1874 lepimue
944 1813 1037 1859 tamen
1064 1812 1089 1858 et
1113 1810 1143 1856 ut
1169 1806 1273 1859 uacuis
1301 1807 1440 1874 orationi,
1473 1806 1531 1861 Oro
1559 1815 1599 1875 tc,
1628 1807 1732 1879 inquit,
1763 1808 1850 1877 quais
1880 1808 1951 1863 atae

251 1892 382 1962 spiritum
393 1893 509 1961 firmum
527 1897 580 1947 ete.
600 1893 674 1944 duae
692 1892 949 1961 speciesbumanae
968 1890 1088 1945 imbesil-
1114 1892 1215 1943 bonum
1244 1899 1298 1958 eet,
1333 1894 1412 1961 quod
1438 1908 1523 1945 orare
1554 1893 1697 1962 probibet,
1737 1895 1818 1962 meod
1851 1911 1950 1964 serpae

251 1979 341 2033 litatis
359 1980 475 2049 nuptiae
494 1979 669 2032 necessarias
688 1978 809 2061 faeiupt.
858 1977 960 2030 Prima
977 1977 1089 2046 quidem
1117 1978 1232 2031 Domini
1249 1978 1344 2046 accim
1362 1996 1419 2031 non
1433 1978 1594 2047 permittit?
1632 1979 1717 2034 Item:
1741 1980 1825 2034 Sistit
1843 1979 1950 2033 Paulus

248 2066 457 2136 potentsesima,
488 2080 560 2133 miae
582 2064 656 2117 venit
679 2066 715 2117 cle
734 2064 960 2133 concupiscentia
984 2064 1089 2128 earnis,
1113 2065 1266 2117 sementiam
1285 2064 1396 2118 reniam
1417 2065 1542 2134 loquitur
1562 2066 1598 2118 de
1616 2066 1732 2134 nuptiis,
1750 2066 1795 2119 ita
1814 2067 1899 2121 stiam
1917 2068 1949 2120 ds

252 2168 369 2220 sequens
389 2153 425 2205 ete
445 2151 672 2220 concupiscentia
691 2150 794 2214 seculi,
825 2152 877 2203 sed
902 2157 1021 2218 utraque
1045 2167 1088 2202 re·
1114 2149 1166 2203 illo
1185 2151 1237 2219 qui
1253 2150 1386 2203 incestum
1404 2154 1581 2204 commiserat
1598 2152 1703 2219 inquit,
1729 2152 1756 2204 si
1776 2153 1851 2221 quid
1867 2154 1950 2207 doura

251 2238 405 2308 pudienda
433 2244 475 2290 eet
505 2255 523 2289 a
548 2238 638 2290 seruis
656 2238 730 2301 Dei,
760 2237 810 2305 qui
836 2244 862 2291 et
887 2236 1032 2304 luxurias,
1062 2246 1088 2291 et
1114 2237 1178 2304 stis,
1210 2242 1236 2289 ct
1267 2252 1325 2305 spo.
1374 2236 1523 2306 Exponens
1549 2236 1617 2291 illud
1649 2237 1771 2309 apostoli
1802 2254 1855 2308 spo
1879 2240 1951 2293 robis

254 2322 403 2378 ambitioni
418 2323 620 2377 renuntiamus.
667 2321 745 2376 Idem
768 2322 816 2378 lib.
835 2321 870 2376 de
897 2322 1000 2376 exhort
1020 2326 1087 2377 east.
1110 2338 1211 2393 parco,
1230 2322 1271 2376 sio
1289 2322 1481 2395 παραφράζειε
1508 2323 1629 2376 Tantam
1644 2339 1775 2378 recenseo
1793 2325 1951 2380 tribulatio·

254 2426 279 2464 a.
303 2415 328 2466 ³.
353 2427 381 2480 p.
401 2414 459 2465 564.
490 2414 613 2463 unctam
650 2408 737 2462 verba
764 2408 883 2479 apostoli
918 2408 1018 2462 melius
1049 2418 1088 2462 est
1114 2424 1175 2462 nem
1196 2409 1307 2477 carnis,
1333 2416 1412 2462 taceo
1438 2414 1544 2475 aretem,
1572 2426 1644 2479 quae
1668 2411 1818 2466 damnatio
1842 2420 1951 2467 marsal

252 2497 355 2551 nubere
385 2513 470 2565 msam
495 2496 557 2564 uri,
591 2494 684 2551 addit:
716 2495 771 2558 Qui
797 2496 920 2548 asilendi
945 2495 1088 2549 licentiam
1115 2496 1282 2565 conjrrpatos
1299 2495 1329 2547 in
1348 2496 1449 2558 futura
1466 2495 1539 2561 uta,
1557 2503 1589 2549 ut
1607 2496 1728 2564 infirmis
1742 2514 1882 2566 parcam,
1907 2499 1953 2567 qai

251 2583 466 2653 amplectuntur,
484 2582 567 2636 velim
584 2589 750 2647 retractare,
778 2580 861 2649 quale
879 2581 979 2634 bonum
999 2590 1089 2635 oeten·
1107 2588 1171 2648 jam
1196 2589 1260 2635 susat
1286 2582 1317 2634 in
1340 2581 1529 2636 matrimonio.
1578 2581 1681 2639 Contra
1703 2582 1818 2641 Helvid.
1843 2584 1940 2639 seribit

251 2672 304 2723 dat
326 2667 486 2740 apostolus,
515 2669 592 2737 qrsad
616 2668 717 2720 melius
736 2674 777 2721 set
791 2683 902 2736 poena,
934 2670 1011 2736 meod
1033 2686 1089 2721 non
1116 2669 1181 2721 Non
1199 2684 1347 2736 nepamus,
1373 2667 1525 2722 maritatae
1542 2675 1656 2722 sanctem
1673 2669 1807 2724 midisrss
1824 2671 1951 2733 inueniri,

248 2763 341 2825 potest
359 2754 453 2808 rideri
470 2755 583 2820 bonum,
608 2754 667 2806 nisi
678 2755 803 2825 pessimo
824 2761 1029 2824 comparatum,
1058 2763 1089 2808 ut
1116 2757 1169 2808 sed
1202 2772 1273 2823 meae
1296 2770 1398 2807 errores
1421 2769 1480 2807 esse
1503 2754 1645 2808 desierint.
1675 2753 1725 2811 lib.
1754 2761 1781 2811 5.
1808 2772 1907 2813 nomm
1926 2757 1951 2811 in

253 2841 319 2894 ideo
343 2842 445 2895 bonum
473 2840 511 2892 sit
529 2838 647 2907 nubere,
674 2839 743 2908 quia
762 2840 886 2893 steterim
911 2847 951 2893 est
970 2830 1234 2895 arderel'Jerem.:
1254 2840 1290 2895 ss·
1304 2848 1427 2910 propter
1444 2840 1605 2911 angustiam
1625 2841 1760 2911 temporie
1791 2843 1952 2897 babendbas

254 2928 353 2982 bonum
378 2928 421 2981 ita
448 2932 502 2994 est,
533 2926 560 2979 ei
583 2941 637 2995 per
658 2941 688 2979 ee
713 2926 765 2980 boc
790 2942 889 2980 nomen
907 2927 1012 2980 obtinet
1027 2927 1089 2980 sine
1117 2945 1184 2981 usus
1201 2944 1320 2981 senorum
1338 2927 1457 2994 tollitur,
1478 2934 1583 2996 quanto
1601 2927 1693 2996 mauis
1711 2944 1768 2981 non
1791 2928 1952 2983 labentibus

253 3014 466 3084 comparatione
485 3012 616 3066 nondico
630 3010 707 3078 mali,
725 3012 873 3065 sedetiam
887 3013 1090 3081 bonialteriue,
1115 3030 1149 3067 ns
1182 3013 1326 3082 recepiant
1348 3013 1525 3081 imperatur?
1576 3013 1725 3084 Exponsns
1750 3013 1823 3068 illud
1851 3013 1951 3070 Christi

253 3108 374 3155 ester-um
392 3100 489 3170 siper
506 3098 578 3152 mali
597 3098 776 3152 couatmnsm
796 3099 906 3167 copitar
931 3100 1003 3169 dici,
1033 3118 1089 3155 non
1115 3096 1214 3153 Matth.
1257 3104 1298 3154 tt.
1330 3096 1381 3151 eise
1420 3100 1652 3167 presequentibus,
1684 3100 1751 3153 Non
1781 3100 1827 3154 bic
1860 3110 1952 3155 scorta

254 3195 309 3241 tam
328 3189 428 3241 bonum
446 3195 500 3251 est,
523 3204 607 3257 quam
624 3202 712 3253 penus
730 3186 803 3240 mali
820 3187 983 3255 inferioris,
1013 3190 1091 3257 quad
1118 3186 1291 3237 damnantur
1304 3182 1425 3254 (inquit),
1442 3186 1494 3237 sed
1511 3191 1591 3238 utero
1606 3192 1794 3251 tumescentes,
1812 3186 1952 3255 infantem

253 3292 274 3328 a
293 3274 440 3344 superiore
461 3272 537 3328 maio
560 3274 736 3327 obscuratum
760 3275 802 3326 ad
827 3273 894 3326 boni
915 3289 1014 3327 nomen
1040 3275 1090 3327 im·
1118 3271 1237 3339 rupitne,
1258 3273 1371 3337 tresctue
1390 3278 1473 3339 aspa
1492 3286 1580 3339 opera
1597 3271 1770 3339 nuptiarum.
1820 3271 1953 3329 Tractans

250 3359 380 3429 pellitur.
416 3359 523 3413 Melius
541 3374 599 3413 esse
615 3359 718 3413 nubere
735 3376 820 3428 msam
839 3359 938 3413 urisie
951 3342 1209 3457 (scripsisn-iloaum
1226 3355 1303 3412 Rom
1321 3361 1344 3412 6.
1366 3357 1439 3426 finis
1465 3372 1560 3410 eonem
1581 3374 1659 3411 mors
1684 3357 1844 3430 subjungit:
1874 3361 1946 3416 Puto

255 3446 324 3498 dum
355 3450 408 3509 est,
437 3462 472 3497 aa
498 3445 525 3497 si
550 3444 649 3497 melius
678 3461 734 3497 uno
765 3445 846 3497 ocrslo
879 3462 963 3513 quam
983 3446 1195 3527 duobuegquod
1221 3452 1247 3497 ct
1274 3443 1435 3513 nuptiarum
1460 3444 1525 3509 finis
1549 3460 1626 3496 mors
1642 3443 1694 3509 sit,
1721 3444 1840 3509 fructus
1863 3455 1952 3501 maen

257 3546 365 3586 carere.
411 3529 447 3585 Si
471 3536 562 3583 tamen
586 3547 605 3581 a
623 3529 833 3599 comparatione
860 3531 1005 3595 discedas,
1035 3550 1090 3587 non
1117 3530 1361 3599 sanctificationis,
1394 3530 1444 3599 qui
1470 3530 1513 3583 rel
1540 3532 1581 3585 ad
1608 3530 1815 3601 sirpinitutsm,
1844 3535 1889 3588 rel
1917 3536 1954 3587 ad

258 3617 314 3671 erit
341 3617 440 3672 melius
467 3632 554 3669 unum
586 3616 696 3669 audiam
729 3634 785 3670 non
817 3616 936 3685 babere,
963 3636 1048 3687 quum
1066 3628 1092 3674 st
1119 3617 1318 3671 continentiam
1335 3617 1469 3685 pertinet,
1487 3616 1546 3669 rita
1564 3622 1702 3684 pensatur
1721 3624 1847 3673 aetmna.
1864 3618 1952 3675 loram

257 3704 364 3758 bonum
399 3718 422 3758 a.
442 3708 471 3767 9.,
485 3719 513 3772 p.
539 3707 603 3757 567:
627 3701 713 3769 Lapis
737 3701 848 3755 ridetur
871 3703 1044 3758 matrimonii
1066 3710 1142 3765 st.1.
1161 3703 1233 3757 Tim.
1260 3708 1284 3757 2.
1307 3702 1348 3756 sie
1373 3702 1523 3772 depravat:
1556 3704 1634 3755 Tunc
1661 3703 1821 3757 salvabitur
1847 3706 1953 3773 mulier,

256 3789 351 3858 stupri
376 3788 553 3859 differentia,
586 3788 715 3857 alioquin
734 3806 780 3842 res
800 3790 910 3843 ateiris
934 3796 960 3843 et
976 3776 1145 3857 seminieffei
1164 3789 1235 3844 tales
1262 3789 1389 3858 paruerit
1407 3788 1525 3857 liberos,
1557 3789 1608 3857 qni
1629 3789 1753 3858 oirpincs
1771 3792 1954 3859 permansuri

257 3877 354 3930 eadem
371 3875 498 3944 imponit,
516 3875 643 3928 estenim
657 3882 683 3928 et
700 3875 909 3930 matrimonium
924 3883 951 3929 et
964 3864 1197 3947 stuprum'eunt,
1224 3876 1251 3929 si
1267 3877 1345 3944 quod
1362 3876 1426 3944 ipen
1440 3875 1587 3945 perdidit,
1616 3884 1769 3946 recuperat
1793 3878 1825 3931 in
1853 3878 1953 3933 liberis.

255 3961 413 4015 commistio
430 3961 536 4016 carnis.
572 3963 701 4030 Erpons,
718 3962 825 4029 inquis,
847 3962 913 4031 jam
930 3971 957 4016 et
970 3963 1093 4033 primas,
1119 3980 1152 4017 ex
1172 3961 1233 4018 loeo
1256 3968 1278 4017 1.
1299 3962 1373 4016 Petr.
1394 3967 1417 4016 3.
1432 3962 1830 4033 nsimpedianturorntiossss
1841 3972 1953 4029 uestras,

255 4049 290 4102 id
327 4055 368 4101 est
405 4064 478 4100 unas
511 4047 626 4116 nuptiae
657 4048 802 4101 destrues!
855 4049 916 4101 Nec
945 4049 1093 4120 immerito,
1118 4049 1215 4104 infert:
1237 4048 1311 4111 (iaia
1330 4064 1439 4118 semper
1457 4050 1605 4113 orandum,
1623 4066 1765 4117 nunquam
1778 4051 1954 4105 matrimonio

256 4133 392 4203 quoniam
411 4141 437 4187 et
453 4134 534 4203 ipsae
552 4149 586 4188 sn
603 4149 635 4186 eo
652 4141 790 4196 constant,
809 4136 886 4202 quod
897 4142 937 4187 est
957 4142 1092 4205 stuprum,
1119 4134 1349 4205 utendum3100a
1368 4134 1478 4203 omnia,
1497 4152 1569 4206 quae
1590 4136 1625 4189 de
1642 4152 1726 4190 earne
1746 4142 1775 4190 et
1791 4137 1906 4207 spiritu,
1922 4137 1954 4191 de

256 4229 282 4275 st
299 4220 364 4276 ideo
386 4220 519 4290 optimum
546 4226 588 4273 est
604 4219 712 4274 bomini
727 4220 871 4273 mulierem
894 4238 951 4274 non
969 4229 1091 4290 tenuere,
1120 4221 1299 4275 renovatione
1317 4220 1435 4275 hominis
1454 4220 1606 4287 interioris,
1634 4220 1670 4275 de
1692 4220 1913 4278 sanctificatione
1928 4230 1953 4277 et

255 4308 324 4376 quia
344 4323 415 4361 sara
432 4313 473 4359 est
490 4305 584 4373 stupri
600 4305 752 4373 affinitate.
780 4304 969 4376 Hieronymus
985 4308 1047 4363 libr.
1068 4315 1108 4383 a,
1120 4305 1318 4361 emundatione
1337 4305 1502 4377 loquuntur,
1534 4311 1631 4360 eontra
1655 4306 1819 4377 eonjugium
1847 4314 1953 4379 torquet

258 4393 321 4448 adr.
349 4391 441 4448 lovin.
471 4390 671 4446 contumeliosa
698 4388 746 4445 illa
768 4389 932 4445 Tertulliani
959 4388 1152 4449 adversas²ae
1179 4393 1291 4463 saepius
1316 4393 1369 4448 hoe
1401 4393 1514 4464 repetit:
1546 4392 1671 4463 Nuptiae
1696 4399 1805 4445 terram
1831 4394 1953 4463 inplent,

258 4477 421 4550 enanginm
440 4477 517 4533 dieta
540 4476 599 4532 fere
618 4477 787 4531 adverbum
807 4477 922 4548 repetit,
940 4479 1014 4535 unde
1033 4481 1092 4552 ipse
1104 4486 1106 4499 '
1120 4479 1273 4547 airpinitae
1287 4480 1472 4548 paradisum.
1507 4478 1594 4532 Plura
1614 4476 1829 4549 hujusmodis:
1849 4478 1954 4534 Tertul-

257 4564 390 4619 Erasmns
407 4564 437 4618 in
453 4562 502 4617 illo
520 4561 624 4632 scripto
644 4561 809 4633 Hieronymi
835 4563 975 4621 desiderat
1000 4570 1092 4622 mode·
1104 4562 1106 4581 ²
1119 4565 1194 4619 liano
1215 4572 1244 4620 et
1254 4565 1425 4637 Hieronymo
1443 4565 1609 4620 adduximus
1621 4564 1748 4636 superias
1767 4581 1790 4620 o.
1809 4570 1835 4621 8.
1848 4562 1878 4641 5.
1897 4571 1953 4623 432.

255 4651 339 4704 stiam
365 4658 393 4704 st
419 4650 536 4720 majora
568 4648 734 4720 Sorsptrsrae
759 4652 896 4719 pondua.
952 4652 1030 4709 Idem
1064 4640 1239 4709 inillasilius
1267 4652 1295 4706 in
1309 4668 1431 4722 prooem.
1448 4658 1535 4708 const.
1561 4656 1659 4706 ascet:
1688 4652 1816 4720 Nuptiae
1833 4654 1952 4723 pedicas

256 4736 359 4807 seripto
377 4736 442 4792 adr.
460 4734 544 4808 Pigg.
564 4735 599 4790 de
617 4734 739 4805 virginit.
758 4736 798 4790 sie
823 4736 959 4807 loquitur:
990 4728 1188 4805 Hiero-{sunt
1226 4738 1332 4793 Eodem
1352 4737 1409 4792 iere
1428 4743 1552 4808 tempore
1570 4736 1736 4791 Ambrosius
1759 4744 1834 4793 eont
1852 4737 1953 4794 lorini·

256 4839 354 4891 npmus
371 4823 485 4888 feruido
506 4824 629 4892 modam
647 4824 750 4893 affectu
773 4825 815 4876 itu
836 4823 980 4879 interdum
997 4827 1092 4896 rap-ie·
1103 4810 1106 4835 ¹
1119 4840 1202 4879 anum
1221 4823 1316 4879 itidem
1336 4824 1481 4894 disputans
1499 4830 1527 4879 et
1544 4822 1628 4894 (quod
1645 4822 1674 4877 in
1692 4822 1835 4895 plerisque
1849 4830 1953 4879 nonno

256 4908 340 4962 batur
363 4909 394 4961 in
419 4909 636 4965 admirmionsm
660 4909 847 4978 sirpinitatie,
877 4918 909 4964 ut
930 4910 990 4980 piis
1007 4888 1214 4977 etiambrersiis
1234 4911 1293 4965 fieri
1311 4911 1432 4966 Basilius
1450 4910 1556 4977 scribit)
1575 4910 1639 4964 odio
1658 4908 1779 4979 partium
1798 4910 1829 4965 in
1847 4918 1951 4982 partam

255 4994 326 5049 uiris
336 4994 477 5050 rideretur
490 4996 606 5051 laedere
617 4995 835 5065 matrimonium,
855 4997 893 5050 sit
909 4997 961 5051 loe
979 5015 1090 5061 annum,
1103 4996 1105 5003 '
1119 4997 1235 5052 alteram
1268 4998 1382 5052 nimium
1416 4997 1568 5054 deflectens
1598 4997 1633 5051 de
1662 4996 1769 5053 meritis
1800 4998 1952 5054 sesam

256 5080 315 5135 nisi
341 5080 372 5134 in
391 5081 560 5153 Hieronymi
586 5082 703 5152 seraptis
729 5082 909 5137 inveniantur
936 5099 971 5137 ea
997 5085 1091 5148 rerba,
1118 5085 1210 5155 eoepit
1234 5084 1390 5139 eoneionari
1418 5082 1641 5156 magnificentius
1667 5100 1751 5156 quam
1777 5084 1952 5157 evangeliun

256 5183 329 5238 aeras
345 5175 410 5220 eunt
429 5170 510 5237 apud
530 5169 738 5224 Tertullionnm
756 5185 789 5223 eo
810 5168 921 5223 namins
945 5171 1090 5224 murata.
1119 5178 1147 5226 et
1164 5170 1251 5225 honor
1271 5169 1381 5225 Christo
1400 5171 1511 5226 debitus
1528 5170 1673 5240 permittit,
1685 5186 1720 5225 ae
1732 5170 1843 5227 semina
1856 5171 1954 5243 spernit

256 5253 286 5309 in
316 5256 409 5308 annot.
438 5251 492 5309 'lit
523 5258 547 5309 2.
574 5270 600 5324 p.
633 5260 696 5311 487:
733 5255 924 5325 Hieronymus
953 5256 1093 5324 quidquid
1118 5256 1193 5310 illins
1219 5255 1370 5327 opinionis,
1398 5257 1473 5328 quod
1496 5255 1648 5324 sirpinitae
1668 5257 1734 5310 ideo
1756 5259 1953 5328 praeferenda

252 5346 348 5410 potest
370 5339 411 5392 nd
432 5338 623 5408 rirainitatem
640 5348 762 5411 mrmret,
792 5342 839 5395 cui
862 5346 940 5407 sard
957 5359 1014 5395 non
1031 5342 1092 5396 sins
1118 5343 1156 5396 sit
1188 5344 1333 5413 conjupio,
1366 5344 1433 5413 quia
1462 5350 1502 5397 set
1518 5343 1648 5396 meritam
1664 5343 1843 5398 remissionis
1855 5361 1954 5415 pecea-

256 5426 414 5495 suspicione
427 5425 711 5483 nscsinsealumnia.
737 5425 1090 5485 Ladaml'ivesineomm.
1118 5438 1217 5495 torum,
1236 5431 1337 5485 salutis
1357 5448 1392 5485 aa
1409 5431 1482 5485 udae
1498 5437 1636 5499 ostanus,
1657 5430 1725 5501 quin
1743 5430 1953 5487 etadnlterinm
