4020 6022
188 194 248 253 228
765 184 887 242 Locus
904 181 1111 241 Vtcusluus
1127 182 1297 248 QUINTUS

182 343 264 412 jubet
291 350 317 397 et
342 345 444 397 amdet
470 350 496 395 et
509 340 652 413 praecipit
672 349 698 395 et
727 340 857 394 lsartatar
887 346 913 393 et
938 331 1035 415 repeti
1048 336 1143 407 ipone,
1176 340 1313 393 canulro
1329 341 1474 401 ducentes,
1501 336 1640 391 altam
1656 336 1811 391 hortantes.
1846 332 1886 387 In

187 437 215 483 et
235 429 434 497 comminatur,
466 430 623 482 detractate
641 434 666 480 et
690 433 798 480 caserta
818 425 955 479 sententia
974 424 1035 485 est*
1048 424 1167 479 eeclesia
1184 426 1243 480 Dei
1253 426 1376 495 pariter,
1393 424 1423 478 in
1442 424 1578 479 connubio
1591 425 1714 493 pariter.
1745 423 1783 476 In
1796 438 1888 490 anpa-

189 524 215 570 ot
244 516 308 585 epea
337 516 384 569 sui
411 514 540 567 breuitate
558 514 709 577 [camerula.
759 511 828 574 Quis
855 512 928 565 enim
949 509 1023 564 alius
1048 510 1122 581 stiis,
1153 511 1184 565 in
1210 511 1373 580 refriperiis
1394 518 1493 565 neuter
1517 510 1637 564 alterum
1665 510 1756 577 celat,
1787 514 1889 562 muter

186 602 279 671 possit
304 601 438 670 pericula
464 599 553 652 nrulta
580 606 605 651 et
632 599 750 653 eal-uera
770 599 846 665 Jldei
872 598 902 650 in
929 596 1169 665 eroso-,atterum
1196 599 1281 669 citat,
1314 606 1411 653 nater
1455 598 1541 652 alteri
1561 597 1657 667 prame
1680 604 1729 652 eet.
1784 595 1888 649 Libere

189 690 269 744 modi
292 688 412 757 nuptiis,
436 703 507 754 quas
521 686 653 754 preslilet
679 684 839 754 apostolas,
866 672 1134 753 prouidisseiaepcr
1150 685 1289 755 visitatur,
1308 686 1440 755 indipens
1459 692 1641 739 sustentatur.
1680 684 1888 752 Eleemosynae

190 784 217 829 et
229 774 324 844 primo
343 774 454 840 aelidem
472 772 568 825 carnis
583 779 697 824 surreiae
712 771 743 824 in
762 786 847 824 earne
864 768 963 838 penteli
982 754 1037 819 ise-l
1049 772 1109 825 sine
1128 779 1278 840 tormento,
1301 771 1446 839 sacrificia
1463 772 1522 825 sine
1542 771 1691 841 scriepulu,
1717 770 1888 840 quotidiam

190 860 393 929 quinamentum
403 858 605 926 praececisset
623 873 683 927 cap.
697 866 720 912 3.
750 856 866 911 mactes
878 854 1024 923 partilium
1051 858 1200 925 diligentia
1216 858 1277 911 sine
1296 858 1498 927 impedimento.
1540 858 1606 912 Non
1620 857 1732 922 furtiua
1751 856 1888 925 eipautic,

190 945 368 998 matrimonia
393 945 538 997 ecclesiates
563 944 660 1011 stupri
684 958 748 996 rece
775 959 833 996 esse
860 947 969 995 constat
1000 948 1025 993 et
1051 961 1105 997 non
1124 945 1237 1013 trepida
1255 944 1419 1014 protelatio,
1436 962 1492 997 non
1503 951 1581 997 muta
1598 942 1765 1005 benedieti03
1784 949 1889 995 sanant

190 1032 327 1085 arcersdos
347 1031 383 1083 etl
401 1031 478 1083 omni
493 1029 740 1083 communicatione
757 1027 964 1095 fraternitatis,
993 1042 1025 1079 es·
1051 1029 1123 1082 inter
1152 1031 1224 1083 eleros
1248 1030 1358 1099 psalmi
1385 1037 1411 1083 et
1438 1030 1542 1099 ltpmni,
1568 1038 1593 1083 et
1610 1036 1704 1083 mutuo
1718 1035 1888 1099 provocant,

192 1117 283 1171 literis
306 1116 431 1186 apostoli
448 1115 585 1183 dicentia,
612 1132 672 1167 curu
700 1115 841 1183 ejsesruodi
865 1130 914 1167 nee
936 1113 1025 1167 dinsa
1051 1116 1114 1184 arsis
1133 1116 1232 1171 melius
1249 1117 1314 1171 Deo
1330 1136 1380 1170 snm
1399 1125 1491 1172 canat,
1540 1117 1627 1171 Talia
1642 1114 1771 1169 Christus
1788 1116 1889 1168 cidens

193 1204 365 1257 enatandum.
408 1204 448 1255 At
468 1201 605 1269 nurnquid
622 1200 735 1254 testulas
759 1199 955 1269 nuptialem
973 1198 1026 1252 illo
1052 1209 1077 1255 et
1094 1204 1214 1257 audiens
1237 1204 1356 1273 pandet,
1382 1204 1426 1256 leis
1447 1218 1548 1272 pacem
1567 1222 1648 1257 sicam
1666 1203 1758 1256 nudat.
1783 1200 1832 1257 lib.
1853 1200 1889 1255 de

191 1291 273 1361 apud
288 1288 415 1341 tre'lanal
436 1288 557 1341 Domini
572 1287 753 1355 profer-emas
773 1295 798 1340 et
818 1284 1026 1339 matrimonium
1052 1305 1155 1343 corona
1173 1287 1253 1343 milit.
1272 1304 1295 1344 e.
1320 1294 1363 1344 13:
1388 1289 1460 1343 Ideo
1477 1306 1533 1343 aon
1554 1289 1682 1343 arabimus
1708 1287 1834 1353 ethnicis,
1854 1302 1888 1340 ne

191 1378 245 1429 rite
265 1383 441 1429 contractam
459 1373 652 1441 allepalimus,
673 1374 749 1441 quod
767 1374 850 1425 uetuit
868 1373 950 1441 ipse?
970 1360 1102 1461 nominos
1120 1378 1161 1428 od
1178 1373 1373 1429 idololatriam
1390 1391 1476 1443 morse
1497 1376 1652 1439 deducant,
1682 1393 1700 1428 a
1722 1390 1780 1443 oua
1807 1374 1889 1441 apud

192 1462 365 1516 adulterium
383 1469 438 1527 cst,
465 1461 542 1529 anecd
554 1458 742 1528 prohibetur?
765 1475 820 1510 non
840 1466 968 1527 stuprum
986 1462 1119 1535 camillos
1147 1462 1264 1530 nuptiae
1295 1461 1443 1529 incipiunt.
1497 1459 1652 1532 Cyprianus
1688 1460 1751 1517 libr.
1788 1468 1812 1514 3.
1850 1457 1886 1512 ad

192 1548 319 1601 eetranei
349 1547 470 1600 leoninis
501 1546 661 1599 admissio?
689 1544 780 1597 minas
807 1545 937 1614 teurplum
970 1542 1040 1596 Dei*
1053 1548 1195 1613 Quirinum
1222 1564 1244 1602 e.
1273 1553 1313 1603 62.
1332 1547 1536 1604 matrimonium
1564 1564 1627 1602 eum
1650 1545 1804 1619 gentilibus
1821 1546 1887 1615 jau«

191 1634 300 1689 metuet
325 1632 417 1686 mium
443 1632 563 1685 ruemlrra
584 1631 691 1686 carim
719 1650 780 1685 cum
800 1632 927 1686 amnebris
944 1631 1174 1706 celiel-‚gendum
1204 1650 1264 1689 esse
1292 1640 1378 1705 negot
1404 1640 1432 1690 ot
1459 1634 1487 1688 in
1512 1651 1627 1688 sermon.
1646 1633 1681 1687 de
1707 1631 1794 1703 lapsis
1815 1632 1889 1686 inter

193 1728 270 1773 letae
288 1719 463 1772 com-miscet?
491 1717 529 1771 Et
539 1725 651 1788 postea:
669 1716 738 1781 Quis
751 1718 866 1782 dubitet,
879 1716 1028 1770 obliterari
1052 1722 1170 1775 crirm‘na
1193 1721 1325 1787 fidelium
1349 1725 1476 1775 numerat
1497 1721 1617 1791 jungere
1639 1735 1701 1772 eum
1728 1714 1889 1772 infidelibut

192 1807 319 1875 quotidie
347 1806 431 1869 sidem
467 1803 630 1858 conrmereio
662 1804 772 1874 infideli
778 1806 791 1858 i
837 1805 935 1858 Bonos
967 1819 1028 1856 cor·
1052 1805 1243 1874 matrimonia,
1271 1805 1355 1877 idque
1382 1823 1443 1862 esse
1473 1805 1542 1860 dicit
1562 1806 1736 1875 prostituere
1760 1803 1888 1873 poetilius

190 1900 323 1962 rurripunt
360 1909 448 1945 mores
488 1890 734 1955 curciabulatianes
778 1891 886 1957 enulae,
924 1896 1028 1959 quanto
1052 1892 1160 1949 Christi
1184 1893 1316 1945 membra.
1364 1891 1529 1947 Ambrosius
1553 1891 1602 1946 lib.
1631 1900 1652 1948 t.
1680 1891 1716 1945 de
1745 1887 1888 1944 Abraham

191 1980 282 2049 ntapis
311 1979 475 2046 conjunctus
505 1985 530 2029 et
571 1977 736 2029 indiuiduas
767 1980 857 2031 usus!
909 1976 1028 2039 amesa
1052 1999 1077 2037 c,
1102 1984 1129 2034 9:
1158 1978 1331 2047 Consti-inpii
1356 1997 1418 2033 eum
1438 1977 1590 2047 (Abraham
1616 1979 1749 2045 servum),
1778 1985 1808 2029 ut
1832 1992 1888 2029 non

192 2066 294 2121 essulier
322 2064 417 2130 fidelis
437 2065 590 2119 Dorninam
615 2064 738 2116 eliserunt
762 2080 870 2117 rsecesse
888 2070 936 2117 est.
987 2064 1028 2116 Et
1052 2067 1088 2119 de
1104 2066 1207 2121 sesninc
1227 2064 1443 2121 Oarinnaeornm
1460 2082 1573 2119 ararem
1593 2070 1747 2119 accerseret
1772 2064 1888 2117 domino

119 2216 122 2223 Ι
193 2153 331 2223 quomodo
355 2158 448 2220 potest
466 2151 572 2203 ductus
591 2148 712 2203 ‹losuinis
739 2149 888 2217 reservire,
915 2149 1027 2203 domino
1051 2172 1110 2222 seso,
1128 2170 1244 2222 morum
1262 2154 1373 2221 peneris
1385 2160 1485 2206 auctor
1500 2161 1614 2221 putrem
1629 2170 1685 2206 non
1697 2152 1887 2204 honoraverat

192 2248 219 2292 et
238 2238 342 2292 marito
361 2236 482 2305 pentilit
498 2235 711 2304 pentilemenim
724 2237 897 2290 observanda
909 2236 1027 2304 peatilia
1051 2248 1076 2293 et
1107 2240 1171 2293 ideo
1212 2240 1418 2293 nraledictionis
1449 2238 1634 2293 hereditatem
1665 2238 1824 2291 transmisit
1859 2237 1886 2288 in

149 2311 153 2319 ¹
192 2325 342 2388 exhibebit,
364 2325 503 2391 formam,
530 2322 753 2389 msaucaonem,
779 2323 933 2376 munditias
951 2338 1026 2375 seen·
1051 2346 1129 2390 seos‚
1157 2334 1187 2379 at
1216 2344 1414 2394 aequiescamus
1440 2328 1528 2395 fidem
1556 2333 1582 2379 et
1605 2326 1752 2395 quaerelam
1777 2322 1887 2375 heredi·

192 2412 283 2481 lares,
309 2410 464 2465 blarrditias
484 2409 641 2479 tirmiores,
670 2411 733 2479 ipsa
753 2409 836 2462 etiam
855 2408 1029 2463 matrimonii
1051 2422 1136 2467 tatem
1167 2415 1201 2466 de
1233 2415 1357 2467 auctoris
1381 2414 1523 2483 prosapia
1552 2412 1582 2465 in
1613 2412 1648 2465 iis
1678 2410 1887 2480 reprimendam,

193 2506 303 2553 secretu
332 2497 494 2565 maculosa,
526 2514 579 2550 non
614 2503 644 2549 ut
668 2513 757 2566 penes
788 2503 899 2549 sanctos
928 2496 1027 2565 officia
1053 2516 1121 2568 qnos
1145 2499 1225 2551 nolis
1250 2499 1377 2552 colunias
1394 2499 1558 2567 adjanpere.
1604 2498 1672 2553 Onon
1696 2503 1796 2550 sancto
1817 2495 1887 2548 resim

192 2602 275 2639 serus
298 2602 360 2639 cuns
386 2585 490 2638 acriore
513 2584 603 2652 ipsius
629 2583 803 2636 necessitatis
829 2591 960 2651 tamqnam
978 2582 1028 2634 sub
1053 2592 1167 2639 sauctus
1192 2586 1249 2638 eric
1276 2594 1301 2639 et
1332 2603 1393 2639 cum
1409 2601 1544 2654 perverso
1559 2584 1736 2653 perverteris.
1784 2583 1820 2636 Si
1838 2582 1888 2635 leae

194 2672 283 2728 cesta
317 2672 374 2723 Dei
409 2671 530 2721 erracleste
572 2679 598 2722 et
634 2670 777 2723 insiderate
824 2669 1027 2737 trarssipnntnr.
1054 2674 1084 2726 io
1103 2672 1186 2740 aliis,
1215 2671 1430 2740 quantomagis
1450 2670 1638 2738 inconjupio,
1667 2669 1717 2721 abi
1740 2686 1810 2723 earo
1832 2685 1887 2720 nne

193 2774 257 2827 nep.
283 2764 313 2812 l:
343 2757 403 2810 Sed
426 2756 542 2819 uiderit,
568 2756 692 2823 qualiter
717 2757 777 2809 tire
797 2756 894 2825 officit!
908 2757 1027 2824 pontiti.
1054 2766 1080 2812 et
1103 2776 1174 2812 ursas
1196 2758 1314 2827 spirs'tns
1340 2759 1401 2810 esti
1433 2758 1571 2826 mornado
1596 2765 1687 2809 aretem
1709 2763 1803 2825 protest
1827 2773 1888 2807 eim-

195 2844 321 2897 Domino
341 2851 414 2895 certe
434 2860 489 2896 non
504 2849 598 2911 potest
612 2858 669 2910 pre
686 2842 841 2911 disciplina
859 2842 1028 2902 satisfacere
1061 2862 1162 2916 praere
1184 2846 1304 2914 caritas,
1332 2845 1358 2897 si
1381 2845 1521 2912 discrepet
1544 2844 1630 2911 fides,
1662 2850 1688 2896 et
1722 2844 1788 2898 ideo
1816 2858 1889 2910 care,

196 2930 300 2984 haberes
334 2929 365 2981 in
398 2929 489 2982 latere
526 2927 637 2981 diaboli
671 2944 780 2981 serenum
811 2935 1028 2996 procuratorem
1059 2932 1225 3000 Christiano,
1245 2931 1346 3001 perstiti
1363 2937 1412 2983 irat
1430 2930 1545 2984 ,ladooo
1557 2930 1653 2997 filiam
1672 2938 1749 2982 tuam
1767 2932 1889 2997 erodere,

194 3017 315 3071 Domini
339 3016 386 3069 sui
409 3017 450 3069 ad
467 3002 650 3084 impedienda
663 3015 796 3083 Jieielium
820 3015 916 3068 studia
940 3020 965 3066 et
985 3015 1029 3078 os·
1055 3036 1120 3073 cose
1137 3018 1267 3089 pentilem
1286 3024 1336 3071 aut
1354 3018 1498 3070 Jredaeam
1516 3024 1599 3084 atque
1617 3016 1821 3084 alienipenam,
1840 3016 1890 3069 lae

194 3104 269 3171 fitia.
325 3104 358 3158 Ut
388 3104 415 3156 εἰ
445 3106 531 3155 etalio
554 3102 696 3168 facienda
713 3110 762 3170 etl,
788 3102 906 3154 maritet
924 3102 960 3153 dt
982 3100 1029 3153 dt'e
1055 3115 1096 3161 est
1127 3104 1309 3169 haereticam,
1328 3111 1353 3157 et
1372 3121 1477 3158 omne-m
1505 3104 1628 3157 alienam
1655 3120 1674 3155 a
1688 3106 1751 3171 fide
1777 3120 1890 3156 uxorem

195 3192 326 3245 condicat
350 3192 391 3242 ad
415 3190 546 3259 balneam·
573 3190 600 3242 si
621 3189 734 3257 jejun-ta
761 3189 936 3242 observanda
957 3194 1029 3253 sunt,
1055 3194 1106 3247 tibi
1126 3208 1263 3248 accersas,
1296 3190 1397 3244 Prima
1414 3190 1626 3259 conp'apiifidee
1639 3190 1780 3243 castitatis
1796 3188 1890 3258 oratic

194 3277 314 3331 metriae
334 3278 432 3329 cadem
448 3277 494 3329 die
512 3276 667 3330 conuieiam
680 3282 824 3344 caerceat,
844 3276 872 3327 si
879 3276 1030 3344 proeeden·
1056 3288 1104 3336 ogr,
1145 3280 1180 3333 Si
1196 3279 1277 3331 idola
1291 3277 1377 3346 eolat,
1389 3294 1505 3345 quorum
1515 3278 1725 3345 praedicantur
1737 3277 1890 3341 adstiteris,

200 3365 267 3416 dam
295 3363 362 3425 erit,
387 3380 529 3430 asinanum
544 3362 636 3429 mapiu
652 3361 785 3427 famuliae
813 3361 958 3430 accrepatio
978 3360 1030 3412 ael·
1055 3368 1082 3420 ci
1102 3366 1242 3420 carisium
1260 3370 1354 3433 nepot,
1383 3364 1433 3432 qai
1447 3370 1618 3432 praeceptor
1643 3371 1669 3417 et
1698 3371 1891 3416 remunerator

195 3449 295 3503 veniat.
347 3450 415 3510 tineis
439 3448 512 3501 esaim
535 3448 610 3501 sinat
637 3448 781 3516 conjupem
814 3465 894 3499 secam
915 3447 1028 3500 eisitan·
1055 3460 1094 3505 cet
1108 3451 1276 3522 pudicitiae,
1294 3451 1433 3520 oreomodo
1447 3457 1541 3517 potest
1562 3450 1682 3518 dilipcre
1695 3449 1889 3518 predic-itiam!

198 3539 298 3589 domem
324 3535 451 3599 fratrum
477 3535 572 3603 arsitia
600 3534 714 3587 vt'csslt'm
742 3534 836 3588 alitae
868 3542 892 3586 el
917 3533 1043 3619 qttt‘dtttt}
1057 3538 1091 3593 ss·
1107 3536 1270 3591 Christiana
1290 3538 1336 3604 sit,
1354 3553 1410 3589 nors
1430 3544 1468 3589 ea
1489 3536 1578 3603 eatis,
1607 3537 1665 3589 nisi
1681 3538 1762 3589 asnaa
1783 3537 1890 3590 initiati

191 3623 368 3695 pauperiora
387 3638 510 3691 ipsaeque
527 3622 795 3689 tapariaeircnirel
813 3620 1115 3717 quisnoetarnistsiris
1132 3631 1306 3678 cadamo-nto
1332 3622 1522 3694 baptismatis,
1564 3622 1648 3675 simul
1676 3624 1887 3677 adorationem

195 3710 446 3775 corruscationilsas,
465 3710 491 3760 si
507 3710 548 3761 ita
566 3708 729 3777 oportuerit,
746 3726 765 3760 a
783 3707 934 3761 lateresao
947 3707 1042 3789 criasi,
1055 3719 1133 3765 necte
1160 3711 1237 3765 robis
1261 3711 1431 3780 surpenclam
1458 3716 1498 3760 est
1522 3714 1548 3761 et
1573 3709 1731 3776 eonjemctis
1758 3710 1889 3779 precibus

195 3796 313 3853 libenter
330 3797 428 3860 feret!
446 3796 508 3865 ouis
528 3796 647 3863 deniqne
665 3795 825 3849 solennibus
839 3794 963 3864 paschae
982 3794 1244 3857 al-iobscerandus
1275 3797 1362 3851 Deus.
1413 3795 1525 3848 Accedit
1554 3795 1636 3850 alefrid
1668 3795 1777 3863 inripne
1806 3798 1889 3849 easti-

195 3891 353 3939 noctantem
378 3900 492 3935 secunus
518 3882 684 3935 aestimabit!
715 3882 778 3951 areis
806 3883 846 3935 ad
876 3872 1173 3959 concicinmimonioa
1193 3884 1220 3936 si
1238 3884 1348 3953 credas,
1366 3901 1384 3935 a
1401 3890 1448 3936 tuo
1464 3884 1526 3935 Deo
1547 3882 1607 3950 tibi,
1627 3884 1833 3951 qaodeortitas
1851 3900 1887 3949 ee,

197 3971 376 4031 Dominicaro
390 3970 473 4037 illud,
488 3971 565 4038 quod
576 3970 727 4033 infamant,
740 3971 860 4023 siaesna
872 3969 1028 4038 suspicione
1040 3970 1043 4055 i
1055 3971 1216 4041 eonjugium
1235 3972 1342 4023 datum.
1380 3970 1445 4022 Non
1461 3974 1582 4038 possunt
1605 3966 1656 4019 loc
1682 3967 1814 4040 dispares
1831 3971 1888 4031 tide

196 4058 336 4112 dimittet.²
365 4058 427 4126 epam
454 4056 484 4109 in
510 4074 648 4109 carcerem
674 4057 715 4109 ad
741 4057 898 4109 osculanda
915 4055 1224 4122 cirmumcidamus
1244 4058 1507 4124 nicaeensium
1527 4053 1628 4118 colunt,
1645 4061 1744 4121 preterit
1763 4056 1891 4123 eoreiapii

196 4144 330 4211 martyris
349 4152 462 4213 reptare
476 4143 620 4212 patietur?
632 4142 697 4210 jam
716 4158 782 4194 aero
801 4142 890 4194 alimci
903 4144 1030 4207 fratrum
1054 4145 1110 4197 sibi
1124 4142 1294 4213 impertitam
1312 4142 1443 4211 qratiam.
1479 4140 1566 4194 ilatio
1585 4141 1678 4208 docet,
1697 4142 1750 4193 sed
1766 4142 1890 4211 amplius

196 4233 237 4283 ad
260 4230 385 4284 osculum
412 4229 578 4283 conuenire?
609 4245 711 4296 aeream
735 4235 894 4280 sanctorum
908 4230 1043 4297 peels'las·
1057 4231 1184 4301 exempla
1221 4236 1397 4284 comestorem,
1450 4228 1564 4297 Species
1597 4226 1729 4281 illecebra
1762 4230 1890 4283 mulieris

196 4318 323 4386 offmei
348 4319 383 4370 de
400 4317 476 4379 cilo,
502 4318 536 4367 de
550 4314 657 4382 poculo
685 4313 833 4382 inuadere,
857 4315 1030 4375 desiderare,
1041 4312 1044 4371 i
1057 4318 1164 4387 decepit
1183 4317 1266 4369 etiam
1278 4315 1419 4383 fortiores
1439 4315 1557 4367 maritas
1576 4321 1602 4367 et
1621 4332 1639 4365 a
1665 4314 1803 4382 religione
1819 4318 1890 4380 fecit

196 4405 226 4457 in
250 4412 337 4456 mente
364 4402 487 4456 laetere?
534 4401 568 4453 Si
587 4406 613 4453 et
635 4416 755 4469 perepre
776 4401 870 4463 frater
889 4390 1044 4470 adrcniat,³
1059 4405 1213 4459 discedere.
1249 4402 1288 4455 Εἰ
1308 4402 1373 4455 ideo
1390 4407 1420 4453 tu
1437 4401 1482 4454 uel
1499 4402 1592 4454 amori
1610 4401 1735 4470 conada,
1752 4403 1797 4455 cel
1814 4420 1890 4457 erro-

197 4492 275 4560 quod
291 4493 321 4543 in
341 4490 438 4542 aliena
456 4490 538 4539 eloneo
559 4486 733 4553 hospitium?
751 4486 777 4539 si
796 4470 1115 4557 cuilarpiendumirom
1144 4506 1218 4545 cave.
1276 4487 1355 4541 Idem
1380 4486 1429 4545 lib.
1458 4493 1482 4543 9.
1511 4488 1592 4558 epist.
1614 4495 1655 4544 70.
1681 4487 1716 4541 ad
1746 4487 1833 4560 vigil.
1863 4491 1891 4544 in

198 4578 260 4642 erit,
280 4577 418 4637 horreum,
433 4590 537 4642 pransa
552 4572 704 4641 praeclusa
723 4580 795 4628 nent.
827 4573 953 4629 Tandem
966 4592 1030 4629 eon·
1042 4572 1044 4615 ῑ
1056 4579 1161 4651 prinu:
1180 4579 1260 4631 Doce
1275 4574 1394 4644 plebem,
1413 4580 1443 4625 ut
1462 4590 1516 4626 non
1535 4591 1568 4626 er
1585 4574 1768 4645 alienipenis,
1789 4578 1842 4630 sed
1860 4594 1893 4630 ee

200 4662 288 4717 eludit
305 4679 328 4717 e.
348 4670 371 4717 9.
398 4658 559 4713 felicitatem
579 4658 744 4713 matrimonii
773 4660 844 4715 inter
862 4661 1044 4716 Christianos·
1058 4666 1184 4720 <ionibus
1206 4662 1376 4718 Christianis
1396 4661 1521 4729 conjapii
1536 4668 1689 4729 cernantur
1708 4664 1811 4731 copula
1837 4668 1891 4717 etc.

197 4748 256 4803 initi
275 4748 456 4818 praedicans:
489 4746 567 4798 Unde
592 4745 703 4819 (inquit)
725 4748 868 4815 sufficiam
892 4751 934 4803 ad
951 4766 1030 4803 essem·
1058 4754 1164 4807 nullum
1184 4752 1248 4817 fere
1266 4748 1383 4819 promen
1401 4748 1535 4802 delictum
1562 4766 1645 4817 meam
1665 4749 1799 4818 copulari
1820 4750 1891 4803 alie-

197 4837 320 4889 randum
337 4835 504 4897 felicitatem
518 4834 580 4901 ejus
601 4834 780 4900 matrimonii,
797 4838 875 4905 quod
886 4836 1044 4890 eeclesiam
1057 4841 1188 4907 stipatae,
1218 4837 1268 4890 ubi
1287 4843 1313 4888 et
1331 4834 1461 4888 lihidinis
1481 4842 1506 4888 ct
1526 4835 1690 4888 discordiae
1707 4837 1849 4890 incentiva
1867 4844 1893 4890 et

198 4920 332 4975 conciliat
352 4927 377 4973 ct
394 4922 541 4986 confirmat
561 4919 674 4987 oblatio,
695 4928 719 4971 et
738 4921 913 4989 ohsipnatnm
936 4923 1032 4989 asspeli
1056 4924 1204 4994 sacrilepii
1216 4922 1333 4991 flapitia
1351 4923 1516 4991 constaretur.
1543 4924 1620 4976 Nam
1640 4940 1701 4975 cum
1718 4924 1811 4993 ‘t'pettm
1829 4942 1893 4979 eon·

196 5008 365 5074 renuntiant,
379 5014 464 5076 pater
481 5014 545 5060 rato
569 5006 667 5059 labet?
687 5008 770 5076 quale
784 5010 884 5076 jecorem
905 5010 1030 5071 fielelium
1051 5013 1164 5081 japiurn
1181 5011 1319 5063 celesraine
1338 5010 1517 5063 sacerdotali
1535 5017 1563 5062 et
1581 5009 1769 5063 benedictione
1791 5014 1893 5065 saneti-

197 5096 317 5147 duorum
339 5094 419 5146 tersius
436 5094 509 5162 spei,
540 5095 624 5146 ursina
641 5094 711 5157 eati,
743 5095 824 5146 tersius
852 5094 1030 5164 disciplinae,
1051 5098 1141 5165 Jicari
1159 5105 1294 5167 oporteat,
1312 5100 1560 5167 onomatopoeia
1578 5097 1740 5165 eorrjrspiam
1758 5097 1826 5165 dici,
1847 5100 1895 5152 ali

84 5184 125 5230 tv.
138 5186 185 5229 37³.
198 5182 324 5251 ejusdem
350 5180 510 5232 seruitutis?
540 5181 620 5233 <serila
642 5182 768 5249 lintres,
794 5180 874 5233 umbo
899 5182 1033 5251 corsservi,
1058 5202 1112 5238 reon
1126 5191 1167 5237 est
1178 5185 1253 5250 fidei
1270 5185 1443 5239 concordia!
1466 5201 1527 5236 cum
1548 5185 1640 5237 aratio
1663 5184 1814 5238 communis
1833 5202 1895 5240 esse

197 5268 278 5322 nediu
297 5267 415 5335 spiritus
434 5266 561 5319 corruisse
579 5267 719 5322 diseretio.
759 5266 865 5335 Atquin
893 5284 955 5320 rere
974 5270 1030 5321 dua
1058 5272 1169 5340 debeat,
1202 5275 1341 5341 quaestorio
1368 5272 1442 5325 inter
1471 5272 1601 5340 dispares
1629 5272 1773 5325 deuotione
1799 5280 1894 5341 potest

197 5354 226 5405 in
258 5370 342 5406 carnee
372 5371 437 5409 rencs.
491 5354 543 5405 lili
566 5371 634 5408 earo
657 5372 732 5418 rena,
769 5372 841 5407 ureae
860 5362 886 5407 et
903 5355 1030 5423 spiritus.
1057 5374 1114 5412 esse
1141 5360 1267 5427 eorsjupii
1291 5359 1442 5413 eommunis
1470 5359 1598 5411 caritas?
1648 5358 1740 5427 saepe
1763 5358 1894 5428 plerique

198 5440 289 5493 St'rurl
303 5450 393 5511 orant,
407 5442 490 5493 scissa!
505 5440 701 5494 salutanturet
714 5442 797 5495 sineri
811 5442 925 5510 jejunia
939 5430 1134 5513 trecas-*copti
1164 5463 1259 5498 cesssare
1284 5446 1456 5509 seres-inarasse
1480 5444 1563 5506 iidem
1589 5462 1668 5497 setam
1691 5444 1893 5515 prodiderant,
