4020 6022
797 206 850 263 DE
866 204 1064 267 corworo.
1732 214 1769 277 lb

84 363 228 435 promissio
248 363 355 438 gratiae
368 369 398 419 et
415 363 603 435 promissionis
620 362 771 435 applicatio
795 379 851 419 non
870 362 912 417 in·
941 364 1102 434 consopiant
1118 381 1175 419 non
1189 364 1228 418 sit
1251 367 1409 420 ceremonia
1426 365 1549 422 morior
1565 383 1585 420 a
1602 366 1666 419 Deo
1690 365 1770 419 iasti-

84 450 192 506 senitur
208 450 239 505 in
258 448 396 522 conjugio.
419 449 495 522 Ergo
512 449 672 522 conjugium
690 467 747 505 non
764 457 806 506 est
825 464 914 504 sacra
939 457 999 504 tnta
1020 453 1061 505 od
1076 450 1288 520 promissionem
1306 453 1539 521 confirmandam,
1568 469 1628 505 cnm
1645 452 1710 521 ipso
1726 466 1770 503 sa·

84 542 214 595 mentum.
253 536 334 594 Certe
352 537 513 609 conjugium
529 553 586 592 uon
602 535 688 593 hsbst
705 536 781 592 illam
799 534 914 607 promis-
938 544 1020 593 terno
1040 546 1067 591 et
1084 537 1203 591 visibilis
1221 537 1380 607 conjonctio
1405 539 1463 592 oiri
1486 547 1512 592 st
1531 540 1671 607 feminas,
1699 553 1771 607 qnos

83 624 189 680 sionem
207 624 344 693 additam,
373 624 449 695 quod
466 641 517 696 per
533 622 618 678 ritum
635 622 713 677 illum
731 621 913 693 copulationis
934 640 990 692 per
1007 624 1136 678 solennia
1153 624 1237 678 norbo
1253 641 1350 678 coram
1368 625 1487 679 ecclesio
1504 625 1569 690 riori
1585 624 1668 695 solet,
1697 639 1770 678 cara·

82 709 239 782 applicetur
258 711 350 782 gratia
366 709 420 766 Dei
440 727 490 766 seu
511 709 635 766 remissio
661 716 839 781 peccatorum
863 724 913 778 per
937 710 1031 763 monio
1048 717 1162 764 entem
1179 709 1217 762 sit
1238 716 1320 780 otqns
1345 727 1364 763 o
1389 711 1454 764 Deo
1477 710 1621 779 inuitato,
1637 716 1665 763 et
1681 726 1715 764 aa
1737 726 1769 765 so

84 794 225 855 Christum
243 804 337 868 parta,
368 812 420 852 nac
438 803 531 869 potest
550 797 652 867 conjnx
679 796 788 851 dicere:
818 793 911 848 cbedo
939 796 1103 864 confinnors'
1110 795 1204 868 possit
1222 797 1377 864 promissio
1396 795 1452 850 silo
1471 795 1576 866 oisbinm
1594 797 1672 866 qnod
1686 796 1770 851 coslo

83 890 138 936 tom
156 889 242 950 ωηο,
270 900 313 937 sne
329 882 431 936 babere
447 883 637 938 remissionem
649 889 831 952 peccotosnm
844 896 913 950 pro-
941 881 1013 934 ss‘osn
1030 899 1110 936 soom
1124 881 1252 937 Cirisna
1267 898 1408 951 nunqnam
1424 882 1535 936 ommno
1547 882 1584 936 sit
1602 883 1770 937 deornm.

79 976 144 1039 ptsr
165 967 309 1023 C'lrsbtom
326 975 353 1022 ct
370 969 456 1022 oitom
476 976 628 1038 annnam,
646 985 731 1038 qnam
748 975 823 1023 ωηο
845 966 916 1019 molti
940 966 1165 1038 Respondemus.
1186 973 1207 1022 1.
1225 965 1409 1022 Bellarminus
1429 966 1482 1022 eibi
1500 965 1672 1023 contradicit
1708 966 1770 1023 Hoc

83 1055 192 1109 trodio
212 1061 252 1108 ast
272 1072 343 1109 oscor
369 1055 398 1107 in
417 1054 641 1123 mairomontem,
671 1053 739 1124 qnia
756 1052 915 1108 destituitur
940 1054 1012 1108 anim
1033 1052 1094 1109 loco
1114 1052 1225 1126 signum
1254 1053 1452 1109 sacramentale
1477 1053 1584 1124 qaaerit
1606 1053 1636 1107 in
1656 1056 1771 1124 conjon-

83 1140 167 1196 serbo
186 1138 383 1211 promissionis.
411 1139 596 1196 Ballarminus
610 1138 714 1211 excipit
726 1144 750 1194 1.
767 1154 913 1208 orpomsn·
939 1140 1029 1194 ctione
1053 1139 1111 1194 oiri
1137 1145 1163 1193 et
1184 1139 1321 1209 feminas,
1351 1156 1423 1208 qnae
1449 1156 1505 1209 per
1533 1139 1618 1194 narbo
1640 1139 1769 1194 solennia

83 1236 137 1281 ossa
155 1227 212 1280 niti
226 1227 306 1294 falso
317 1229 511 1295 fondamento,
528 1229 605 1298 qood
623 1227 718 1281 onmia
736 1232 914 1281 monumento
941 1244 1036 1281 coron
1053 1226 1173 1281 ecclesio
1184 1225 1251 1291 fieri
1266 1226 1345 1295 solet,
1363 1229 1495 1281 ettamen
1506 1232 1604 1297 postea
1622 1241 1646 1281 c.
1666 1231 1690 1283 b.
1705 1221 1734 1300 5
1746 1232 1771 1282 2.
1816 1288 1820 1296 ‚

83 1314 211 1368 instem
222 1315 278 1367 sint
291 1314 333 1366 od
342 1313 532 1368 remissionom
538 1321 729 1382 pcccctomm,
746 1330 806 1368 cnm
818 1312 914 1366 wolso-
940 1318 1037 1368 contra
1054 1311 1160 1369 Canum
1186 1312 1327 1384 disputat,
1359 1312 1408 1385 qui
1425 1312 1495 1368 illud
1520 1313 1610 1368 solnm
1626 1314 1770 1367 matrimo-

85 1400 168 1455 rs'sts'o
186 1417 243 1453 non
260 1401 302 1453 od
313 1407 437 1469 peccato
457 1400 632 1470 remittenda,
648 1401 701 1454 ssd
711 1399 752 1453 ad
762 1397 848 1453 nimos
858 1398 915 1468 spi·
940 1400 1017 1453 niom
1034 1399 1132 1454 matt
1149 1415 1209 1454 assa
1224 1406 1436 1468 sacramentnm,
1454 1399 1532 1468 qood
1550 1417 1569 1453 ο
1586 1400 1712 1454 ministro
1730 1415 1771 1453 ac·

82 1486 214 1541 ritnolcm
230 1501 284 1555 per
302 1485 469 1555 baptismam
481 1486 648 1556 acquisitam
665 1485 798 1540 elendona
816 1493 915 1539 stoon·
941 1485 1099 1540 elesiostico
1129 1483 1222 1540 sceris
1249 1493 1277 1539 et
1302 1484 1463 1540 solennibus
1490 1485 1582 1539 sorbes
1606 1486 1770 1541 celebrator.

83 1574 252 1629 serscndons
271 1574 309 1626 sit
328 1573 459 1628 instituto.
495 1572 722 1644 Respondemus:
741 1569 916 1628 Concanum
942 1572 973 1626 Si
991 1573 1020 1627 in
1036 1570 1231 1643 conjunctione
1248 1569 1297 1625 illa
1312 1569 1365 1625 viri
1382 1569 1560 1636 etieminae,
1587 1588 1659 1644 qnae
1676 1572 1711 1628 lit
1723 1588 1773 1644 por

86 1660 256 1715 ostendimus
273 1658 303 1713 in
318 1663 399 1714 tract
425 1657 460 1713 de
486 1673 600 1713 sacram.
620 1655 647 1734 5.
669 1664 708 1715 19.
730 1664 759 1714 et
779 1665 820 1715 55.
840 1663 869 1712 et
886 1657 916 1712 in
942 1656 1027 1714 rerba
1045 1657 1169 1713 solennia
1185 1673 1278 1713 coram
1296 1656 1428 1723 ecclesia,
1447 1658 1646 1714 sacramentale
1662 1659 1772 1731 signum

86 1752 196 1802 tractat
214 1745 251 1801 ds
269 1742 378 1800 eucbar.
398 1739 426 1816 5.
449 1748 508 1800 216.
525 1749 554 1798 et
577 1760 653 1815 seqq.
672 1743 804 1799 hocloco
822 1742 912 1799 breri—
943 1744 1000 1799 sive
1017 1743 1171 1799 ceremonia
1182 1743 1388 1799 sacramentalis
1406 1745 1573 1816 quaerenda,
1591 1746 1686 1818 utiquc
1703 1745 1772 1800 illud

86 1840 126 1888 ter
140 1831 272 1887 dicimus:
299 1830 420 1886 Inclusio
437 1829 520 1885 unius
532 1847 588 1885 non
599 1836 641 1885 est
657 1829 778 1886 exclusio
794 1829 915 1885 alterius
945 1831 1080 1885 duntaxat
1100 1830 1275 1903 conjuginm,
1296 1831 1370 1903 qood
1389 1832 1474 1887 saeris
1492 1839 1521 1888 et
1539 1831 1698 1888 solennibus
1712 1849 1772 1889 ver-

85 1917 260 1973 buchar-istis
280 1916 408 1972 instituta
426 1923 469 1972 est
486 1917 522 1971 sd
540 1917 628 1974 vitam
647 1915 818 1988 spiritualem
843 1915 916 1971 aleu-
943 1915 987 1971 bis
1004 1933 1096 1971 coram
1115 1915 1250 1972 ecclesiae
1270 1917 1396 1972 ministro
1413 1917 1583 1984 celebratur,
1609 1919 1774 1975 sacramenti

86 2005 148 2060 dam
162 2008 192 2060 et
202 2002 428 2071 conservandam,
446 2003 497 2058 sed
514 2021 547 2060 ex
558 2019 591 2059 oo
607 2002 702 2059 inferri
716 2003 821 2074 nequit,
840 2000 916 2074 quod
944 2003 1005 2058 loco
1018 2002 1071 2058 erit
1081 2002 1250 2060 habendum.
1280 2003 1363 2058 Ratio
1374 2003 1552 2060 connexionis
1563 2010 1606 2060 est
1616 2005 1772 2074 manifesta,

10 2094 75 2139 xta
85 2109 138 2148 non
165 2089 203 2145 sit
230 2088 359 2144 instituta
383 2088 420 2142 ad
442 2087 637 2159 applicandam
664 2095 693 2145 et
715 2086 916 2160 obsignandum
944 2089 1010 2162 quia
1028 2089 1057 2143 in
1075 2089 1207 2160 conjugio
1227 2088 1333 2161 absque
1347 2089 1396 2144 illa
1414 2090 1602 2147 ecclesiastica
1619 2090 1770 2147 bencdicti-

87 2177 293 2248 promissionem
319 2175 353 2231 de
377 2174 536 2231 remissione
562 2181 746 2246 peccatorum.
789 2174 824 2229 ln
848 2173 916 2245 ipsis
944 2193 996 2233 one
1013 2179 1155 2231 contracto
1173 2193 1230 2232 non
1251 2176 1390 2232 invenitur
1408 2177 1458 2231 illa
1475 2177 1682 2234 sacramentalis
1698 2192 1773 2233 oera-

86 2279 204 2334 namque
215 2259 397 2317 institutionis
407 2259 499 2316 verbis
512 2258 581 2315 dicit
591 2259 731 2317 Christus:
749 2261 851 2324 ente,
865 2260 916 2314 ioc
943 2260 1047 2326 monia,
1075 2267 1104 2316 et
1129 2262 1169 2316 sic
1186 2267 1242 2318 stat
1265 2262 1402 2318 sententia
1422 2262 1499 2320 Cani.
1532 2268 1558 2322 2.
1577 2263 1726 2318 Externum
1744 2268 1773 2318 et

86 2358 123 2404 est
138 2367 240 2404 swam
258 2355 449 2404 testomssstorn
467 2348 498 2401 in
514 2363 575 2402 mco
592 2348 738 2420 sonpains.
767 2346 833 2403 Jam
851 2362 915 2401 vero
942 2347 1077 2403 visibilem
1093 2348 1315 2420 conjunctionem
1331 2348 1383 2403 siri
1409 2355 1438 2404 et
1462 2348 1596 2417 feminae,
1623 2365 1696 2421 quae
1723 2365 1773 2420 per

86 2449 185 2491 uorum
203 2439 398 2491 intumentum
415 2433 499 2490 edam
517 2432 571 2489 boo
588 2432 794 2505 complectitur:
812 2432 916 2504 Propi·
943 2433 1068 2490 solennia
1084 2434 1172 2490 verba
1189 2451 1282 2490 coram
1301 2434 1418 2491 ecclesia
1435 2433 1496 2490 fieri
1516 2434 1600 2505 solet,
1620 2451 1679 2490 csse
1696 2451 1771 2491 oera-

86 2521 139 2584 :iss
157 2538 207 2576 sro
221 2522 472 2592 iniqnitntisorson
486 2520 632 2589 stpsccoti
644 2536 806 2575 eoromnon
823 2535 915 2572 secor·
943 2520 1062 2576 moniam
1090 2525 1231 2576 externam
1256 2526 1342 2593 atque
1359 2537 1378 2576 a
1404 2521 1465 2577 Deo
1487 2521 1649 2585 institutam,
1667 2511 1771 2592 duplici

88 2606 176 2661 dolor
194 2606 331 2676 amplias,
357 2604 416 2662 dar.
434 2611 482 2675 ct,
507 2622 533 2661 v.
554 2609 595 2661 ³4.
637 2604 675 2660 Et
694 2611 821 2662 notanter
838 2602 917 2660 addit
943 2605 1025 2661 modo
1056 2605 1175 2678 intelligi
1201 2611 1308 2678 potest,
1339 2606 1384 2661 vel
1414 2606 1489 2678 quod
1514 2608 1552 2661 sit
1570 2607 1725 2663 ceremonia
1741 2607 1772 2662 in

90 2690 228 2762 (ibt-istus,
249 2691 328 2746 illum
345 2691 508 2764 sauguinem
527 2690 557 2745 in
573 2706 654 2747 sacra
671 2706 758 2747 coena
774 2689 855 2746 nobis
874 2689 917 2746 bi·
942 2692 1034 2761 speeie
1054 2701 1081 2746 st
1100 2708 1228 2762 oppresse
1244 2707 1263 2746 a
1281 2691 1344 2747 Deo
1361 2692 1503 2760 instituta,
1532 2692 1685 2764 quomodo
1705 2692 1773 2764 bap·

89 2777 210 2835 bandum
229 2776 364 2842 exhiberi,
388 2777 439 2846 qni
454 2795 512 2848 pro
525 2779 653 2847 pcccatis
670 2778 775 2833 nostris
790 2786 833 2832 est
850 2779 916 2848 effu·
942 2777 1053 2833 domum
1073 2784 1101 2834 et
1125 2777 1318 2834 eucharistiam
1343 2782 1514 2833 sacramenta
1538 2778 1670 2834 divinitus
1695 2778 1773 2834 insti·

88 2881 141 2930 sas,
159 2871 193 2919 ut
210 2863 347 2932 ostendat,
367 2862 503 2920 bibitione
520 2864 663 2937 sanguinis
683 2865 712 2919 in
733 2880 813 2919 asom
830 2878 917 2920 coena
943 2868 1005 2918 tuta
1024 2862 1154 2934 dicimus;
1184 2861 1230 2917 vcl
1253 2862 1329 2934 quod
1350 2864 1388 2918 sit
1405 2864 1559 2920 ceremonia
1577 2864 1607 2919 in
1624 2880 1655 2919 se
1671 2880 1704 2920 ac
1722 2880 1774 2935 per

88 2968 135 3008 nos
154 2948 326 3020 confirmari,
351 2949 425 3021 quod
444 2951 481 3004 ad
504 2967 555 3005 uos
571 2949 706 3009 beneficia
725 2950 759 3008 N.
778 2949 813 3005 T.
832 2949 917 3022 perti·
943 2966 973 3005 se
991 2947 1103 3020 quidem
1121 2947 1290 3020 ἀδιάφορος,
1310 2948 1420 3004 iuterim
1440 2955 1532 3005 tamen
1552 2949 1662 3005 divinae
1678 2951 1772 3022 conju·

88 3043 178 3103 neunt,
196 3035 268 3092 inter
285 3052 357 3108 quac
375 3037 556 3107 praecipuum
576 3043 620 3091 est
645 3036 768 3092 remissio
788 3042 915 3108 peccato·
942 3035 982 3106 gii
1001 3033 1168 3090 institutioni
1194 3033 1373 3104 explicandae
1390 3033 1550 3101 inserviam,
1575 3035 1699 3106 exemplo
1718 3035 1772 3092 Dei

89 3140 151 3179 mm
188 3121 260 3178 Caro
277 3128 306 3178 ct
322 3121 437 3193 saumis
454 3121 556 3177 Christi
572 3127 638 3177 sunt
653 3140 709 3179 nou
728 3123 816 3179 solum
833 3122 913 3194 spiri·
942 3121 1031 3176 liram
1055 3121 1166 3177 Adamo
1191 3119 1355 3175 adducentis
1382 3125 1411 3175 et
1441 3120 1553 3192 utrique
1583 3121 1772 3177 benedicentis

89 3209 168 3265 malis
196 3208 303 3264 animae
333 3207 412 3263 cibus
441 3213 470 3264 et
493 3218 589 3279 potus,
618 3209 667 3265 sed
691 3209 774 3265 etiam
798 3208 917 3281 pretium
945 3205 1014 3264 Gau
1034 3213 1060 3277 2,
1077 3224 1104 3262 r.
1124 3212 1165 3262 22.
1186 3204 1347 3275 conformis,
1365 3205 1477 3276 regulae
1496 3207 1680 3278 apostolicae,
1696 3210 1773 3279 qaod

89 3301 197 3352 normae
214 3293 400 3351 mdsmtionis.
437 3292 562 3351 Christus
580 3294 665 3368 igitur
684 3294 852 3352 exhibitione
869 3295 914 3351 sui
944 3295 1038 3350 omnio
1056 3295 1186 3348 ἀοωηον
1212 3300 1239 3346 et
1262 3293 1362 3346 ordina
1378 3293 1449 3362 fieri
1466 3291 1587 3349 debeant
1606 3299 1627 3350 1.
1648 3292 1711 3349 Cor.
1732 3300 1773 3363 14,

89 3382 210 3454 corporis
221 3380 258 3435 ad
272 3379 498 3436 manducandum
510 3387 539 3436 et
550 3381 692 3453 sanguinis
710 3381 754 3436 sni
764 3381 801 3436 ad
820 3380 917 3438 biben-
943 3397 971 3438 v.
989 3386 1031 3436 10.
1052 3379 1177 3451 apprime
1194 3393 1318 3449 congrua
1329 3383 1359 3433 et
1371 3378 1408 3433 ad
1427 3377 1590 3450 dignitatem
1607 3380 1772 3436 matrimonii

90 3469 152 3524 dnm
181 3467 389 3539 promissionem
417 3466 453 3523 de
480 3466 639 3523 remissione
665 3472 842 3539 peccatorum
866 3483 917 3522 suo
943 3467 1136 3522 illustrandam
1156 3463 1370 3521 accommodata.
1412 3463 1568 3521 Posteriore
1585 3482 1667 3522 senso
1684 3473 1773 3523 exter·

90 3570 203 3626 oorpora
219 3558 248 3610 et
263 3551 398 3625 snguine
410 3557 492 3624 parta
504 3551 682 3608 credentibus
694 3552 724 3607 in
736 3568 816 3610 sacra
831 3568 918 3609 coena
943 3570 1007 3609 nam
1033 3560 1063 3609 et
1088 3550 1225 3607 visibilem
1255 3550 1476 3621 conjuncionem
1503 3552 1554 3606 riri
1585 3558 1614 3608 et
1646 3552 1773 3624 feminac,

90 3640 219 3713 applicat,
232 3638 563 3710 confirmatetobsignat,
582 3655 645 3695 cum
662 3655 718 3712 qua
730 3639 917 3712 applicatione
945 3657 1017 3712 quae
1038 3640 1072 3695 lit
1096 3655 1147 3710 per
1171 3637 1256 3695 sorba
1280 3636 1405 3693 solennia
1439 3653 1530 3694 coram
1552 3638 1684 3704 ecclesis,
1714 3657 1774 3696 essa

92 3733 117 3782 et
133 3726 329 3799 obsignatione
339 3725 453 3780 nouitio
464 3725 501 3780 ad
518 3724 603 3780 sitam
621 3725 793 3797 spiritualem
806 3725 917 3782 minima
944 3725 1127 3783 ceremoniam
1144 3729 1284 3780 externam
1304 3739 1322 3778 a
1338 3722 1399 3778 Deo
1416 3723 1571 3779 imtitutam
1588 3725 1774 3798 concedimus,

91 3819 212 3888 pugnat,
236 3813 287 3869 sed
310 3812 399 3869 eidem
421 3811 624 3869 subordinatur.
659 3816 687 3866 2.
705 3813 916 3868 momontum
944 3814 1034 3886 priore
1056 3829 1122 3868 vero
1142 3827 1290 3883 negamus,
1315 3816 1344 3866 et
1369 3828 1402 3867 ex
1426 3825 1458 3865 eo
1477 3828 1558 3883 porro
1575 3812 1775 3883 concludimus,

91 3918 143 3955 non
162 3917 223 3956 esse
240 3900 395 3954 instinctum
412 3901 453 3953 od
476 3900 697 3964 confirmandam
721 3908 748 3954 et
771 3899 917 3969 oisiqnon·
944 3901 1019 3973 quod
1031 3897 1193 3971 conjugium
1203 3912 1259 3952 uon
1271 3895 1307 3951 sit
1317 3902 1517 3952 sacramentum
1534 3899 1644 3969 propris
1662 3898 1774 3968 dictum,
1788 3900 1872 3947 M·
1926 3926 1929 3937 ·

92 3989 155 4042 dom
167 3986 402 4057 promissionem,
426 3986 477 4041 sed
500 3986 542 4039 od
567 3986 783 4053 sipns'iioondom
805 3993 832 4040 at
854 4003 918 4040 oon·
946 3987 1013 4059 quia
1031 3985 1068 4040 ad
1086 3985 1155 4040 illud
1167 3984 1315 4058 requiritur
1327 3983 1420 4039 divina
1434 3983 1571 4039 institutio
1587 3983 1673 4055 priori
1690 3986 1772 4040 modo

90 4075 239 4139 landoni
254 4072 386 4142 mationa
422 4070 647 4143 Respondemus:
674 4070 849 4128 Connafium
872 4071 918 4128 de·
946 4072 1093 4144 dmcripta
1128 4078 1153 4129 3.
1173 4072 1219 4126 Ad
1239 4070 1322 4141 illud,
1350 4077 1382 4126 ut
1405 4087 1439 4127 ex
1463 4071 1593 4142 conjugio
1614 4071 1665 4127 fiat
1683 4088 1774 4127 sacra·

91 4158 300 4217 monstravimus
318 4157 348 4212 in
365 4162 485 4212 tractatu
500 4156 535 4213 de
553 4172 668 4214 sacram.
688 4153 717 4232 5
735 4162 776 4214 at.
814 4158 919 4213 Bellar·
945 4164 1067 4215 mentum
1084 4159 1195 4230 proprie
1213 4157 1333 4228 dictum,
1360 4174 1415 4213 non
1432 4157 1541 4226 sufficit,
1566 4157 1774 4229 promissionem

90 4247 180 4302 minus
199 4261 234 4302 ex
251 4243 406 4299 inclusione
422 4242 504 4299 nnius
517 4243 609 4299 denno
627 4243 754 4315 procedit
771 4244 808 4299 ad
826 4245 918 4301 excln·
945 4245 1039 4314 illam,
1065 4244 1139 4316 qnod
1156 4243 1283 4301 cbristus
1299 4260 1442 4316 nunqnam
1466 4243 1503 4300 sit
1519 4243 1663 4300 ecclesiam
1681 4243 1773 4300 deser·

91 4332 195 4390 donem
221 4330 335 4387 altarim
362 4337 391 4386 et
414 4347 448 4387 ex
466 4329 652 4386 subordinatis
669 4329 737 4386 facit
755 4330 918 4404 pugnantia.
945 4338 1033 4400 turns,
1052 4330 1246 4403 conjunctione
1263 4330 1408 4387 individua
1425 4331 1476 4386 oiri
1501 4338 1530 4387 et
1554 4330 1673 4387 feminae
1698 4330 1774 4386 velut

90 4419 268 4475 Sacramema
283 4416 410 4473 instituta
428 4433 488 4473 assa
516 4417 553 4473 ad
576 4415 788 4488 significandam
804 4423 833 4474 et
853 4433 920 4472 oon·
948 4419 1028 4491 signo
1052 4424 1081 4474 et
1103 4418 1225 4490 imagine
1241 4416 1362 4490 quadam
1382 4417 1556 4488 adumbrari,
1585 4418 1634 4472 ssd
1662 4417 1775 4488 imuper

89 4505 231 4562 ferendam
258 4503 377 4576 gratiam
405 4503 591 4571 concedimus,
620 4504 671 4560 sed
700 4520 734 4559 ex
760 4520 793 4559 eo
821 4503 918 4560 inferri
946 4505 1103 4578 requiritur,
1121 4511 1155 4560 nt
1170 4504 1315 4576 promissio
1331 4503 1380 4560 illa
1395 4521 1446 4575 per
1462 4503 1623 4575 conjugium
1641 4509 1774 4574 tanquam

89 4592 194 4666 nequit,
212 4591 288 4663 quod
305 4606 360 4647 non
378 4589 434 4647 sint
453 4589 580 4646 instituta
596 4590 633 4646 ad
658 4589 874 4647 confirmandam
892 4598 921 4647 et
946 4591 1058 4663 signum
1077 4589 1275 4646 sacramentale
1293 4589 1462 4661 applicetur,
1480 4588 1642 4660 obsignatur
1660 4596 1689 4644 et
1707 4604 1773 4644 con·

89 4677 290 4752 obsignandum
313 4675 528 4747 promissionem
566 4675 643 4744 Quid
674 4676 776 4732 clarius
799 4693 920 4749 pronun·
947 4677 1079 4733 firmetur.
1114 4674 1159 4731 Pii
1176 4678 1310 4748 conjuges
1321 4676 1524 4732 matrimonium
1541 4692 1621 4729 snum
1634 4675 1776 4730 intuentur

89 4767 156 4822 tiato
187 4762 339 4836 apostolico
364 4761 445 4820 Rom.
473 4768 499 4831 1,
531 4779 558 4817 v.
596 4767 642 4820 11:
672 4761 856 4819 asenneus
880 4770 921 4818 οη
947 4780 1004 4820 non
1022 4770 1155 4836 tanquam
1175 4762 1311 4828 medinm,
1333 4778 1384 4833 per
1401 4762 1476 4835 qnod
1495 4760 1604 4818 Christo
1623 4759 1776 4816 inferantur

88 4852 215 4924 sipillom
245 4850 379 4919 justitiae
408 4850 504 4920 fideii
543 4847 608 4906 Jam
642 4866 706 4907 sero
749 4848 834 4922 sigilli
858 4867 921 4922 pro-
947 4859 976 4906 ct
1002 4849 1146 4922 spirituale
1172 4848 1332 4919 conjugium
1360 4866 1423 4904 cnm
1441 4848 1501 4919 ipso
1519 4845 1696 4912 contrabant,
1727 4846 1776 4905 sed

88 4938 180 5011 prium
220 4941 264 4992 est
304 4933 462 5002 testificari,
498 4933 660 4991 confirmare
700 4941 728 4992 et
774 4934 922 5008 obsignare
948 4936 1086 4992 duntaxat
1101 4942 1235 5007 tanquam
1253 4933 1405 5006 spiritualis
1423 4934 1496 4989 illius
1508 4949 1571 4989 cum
1585 4932 1695 4991 Christo
1712 4951 1777 4991 con·

88 5024 132 5096 id,
161 5023 208 5081 cui
227 5022 388 5078 annectitur.
439 5021 514 5094 Ergo
531 5021 616 5078 etiam
634 5021 806 5078 circumcisio
825 5021 921 5078 testifi-
945 5022 1098 5094 junctionis
1126 5027 1234 5099 typum.
1270 5028 1294 5078 a
1313 5023 1357 5078 Ac
1380 5021 1404 5075 si
1431 5021 1476 5075 vel
1502 5021 1620 5079 maxime
1644 5037 1695 5093 per
1713 5038 1775 5078 oon-

88 5116 175 5176 catur,
203 5105 349 5164 confirmat
374 5112 402 5163 et
425 5107 555 5181 obsignat
583 5108 798 5178 promissionem.
840 5108 922 5177 Quod
946 5109 1056 5181 jugium
1078 5107 1157 5164 tieret
1182 5107 1346 5181 applicatio,
1372 5107 1527 5179 obsignatio
1555 5115 1584 5164 et
1607 5107 1776 5165 confirmatio

87 5203 182 5253 autem
210 5194 246 5250 da
272 5193 477 5250 ommmcisions
503 5193 616 5263 dicitur,
647 5193 721 5251 idem
752 5195 789 5250 ad
815 5196 924 5267 reliqua
949 5195 1023 5250 illius
1038 5195 1227 5267 promissionis
1246 5195 1282 5251 da
1298 5194 1400 5250 Christi
1419 5210 1487 5267 erga
1511 5194 1656 5251 eodesiam
1675 5210 1775 5262 amors,

89 5287 264 5339 nannents
283 5279 419 5353 applicari
442 5285 549 5352 potest,
573 5279 640 5352 quis
668 5288 701 5336 nt
723 5281 753 5336 in
773 5297 859 5338 causa
884 5281 923 5337 ei-
949 5288 1043 5338 tamen
1059 5282 1182 5338 nondum
1200 5281 1320 5338 asicmm
1339 5287 1419 5352 esset,
1436 5281 1596 5354 conjugium
1608 5297 1669 5338 essa
1686 5296 1776 5337 saera·

89 5369 203 5426 icicnte
222 5366 377 5440 principali,
402 5366 443 5422 ita
461 5368 491 5422 in
508 5381 592 5423 causa
614 5364 691 5421 finali
714 5367 844 5437 ganarica
865 5383 922 5423 om·
951 5373 1073 5424 mentum
1095 5368 1207 5440 proprio
1234 5367 1353 5437 dictum,
1382 5366 1448 5440 quis
1476 5368 1514 5424 ad
1539 5366 1608 5423 illud
1630 5366 1777 5440 rcqulritur
1841 5372 1846 5389 '

90 5456 139 5512 uis
157 5461 330 5513 mmmmts
346 5452 520 5510 conveniunt.
557 5456 586 5511 3.
608 5452 727 5510 rocon
747 5470 821 5524 asse,
845 5454 924 5525 quood
950 5453 1096 5525 promissio
1115 5453 1221 5527 gratiae
1236 5452 1446 5525 conculcaris,
1473 5453 1522 5512 sed
1547 5451 1690 5526 evaugelio
1714 5468 1775 5525 pro
