4020 6022
770 320 1040 383 nucouruuro.
1692 272 1755 390 235

55 479 233 550 massarii,
261 496 296 531 oe
321 494 405 547 saepe
419 478 505 545 filiae
525 476 741 546 provincialium
759 478 832 543 illie,
856 476 984 559 adfffert.
1016 481 1091 552 Ergo
1096 481 1162 551 jum
1175 497 1231 533 sou
1248 479 1372 548 amplius
1384 482 1526 548 euotduo,
1542 482 1660 533 seritius
1678 496 1755 534 earo.

57 584 132 636 quot
150 565 230 618 nullo
242 566 347 634 effemu
366 565 519 627 (imiliter,
540 564 641 617 ’⁸¹le
658 564 827 618 auctoritaie
846 568 909 634 pei
924 567 1006 629 Quod
1023 584 1088 635 erpo
1105 569 1185 621 Deus
1198 567 1350 637 conjunxit,
1367 568 1447 621 bomo
1460 586 1516 620 mou
1528 574 1648 637 separet.
1678 564 1753 619 Ante

56 662 171 707 reatum
200 651 381 719 meptstretui
410 651 444 703 id
477 653 617 719 derepere
650 669 706 704 reu
734 644 1081 726 oudeetiechonJ'ugium
1101 670 1160 708 mas
1183 658 1214 709 et
1229 654 1333 709 femina
1350 660 1415 708 sunt
1444 653 1512 721 duo,
1538 654 1586 708 sed
1612 670 1662 723 per
1690 668 1753 706 cou-

57 741 230 808 adt'eaeiwrs
253 745 353 790 elmlea
376 752 426 789 '²⁶0
443 736 550 808 wlff,
575 754 626 790 '²⁶0
645 738 746 790 dmm
763 720 1029 812 feminaeljugtum
1053 757 1086 795 ac
1114 745 1178 811 post
1200 739 1362 810 conjuginm
1385 741 1451 793 sunt
1477 755 1533 793 una
1557 755 1635 807 caro,
1658 742 1754 808 utpote

58 834 92 879 ut
109 826 234 879 ambiam
256 824 461 889 aestuosum,
485 824 537 875 sed
561 830 591 875 ut
612 840 716 891 procos
733 825 1032 893 superessetioedere
1050 825 1203 880 arctissimo
1230 831 1258 879 et
1282 824 1464 879 indissolubili
1487 825 1540 879 sibi
1557 825 1673 879 invicem
1689 840 1754 879 con-

59 930 124 966 eum
142 912 315 975 arsbioutur,
342 926 421 963 semo
450 910 536 979 ipitur
562 909 620 962 essi
641 910 736 963 voleus
754 916 780 963 et
797 894 1025 983 emursljnncti,
1050 912 1105 967 imo
1121 929 1193 967 unus
1211 911 1293 965 homo
1312 928 1368 965 non
1389 911 1542 965 animorum
1562 916 1684 978 tantum,
1706 911 1753 965 sed

60 1001 103 1053 es‘s
122 998 232 1062 ambiet,
251 996 345 1066 sieque
364 996 437 1067 lepis
453 997 529 1049 ratio
544 996 574 1048 io
592 995 633 1048 eis
651 1003 750 1051 cessat
778 982 1006 1055 Hodie-leuem
1024 1017 1169 1070 corporum
1189 998 1391 1069 conjunctione.
1426 998 1530 1060 Quodsi
1550 998 1676 1052 enimus
1694 998 1754 1067 pari

59 1085 105 1139 nis
121 1083 243 1139 moribus
267 1100 299 1137 ac
323 1080 494 1153 temporibus
519 1081 569 1136 illa
586 1080 678 1137 omnia
699 1081 756 1137 iere
773 1058 1039 1173 exolevelduorum
1068 1085 1230 1152 amicorum,
1257 1084 1340 1156 quale
1362 1084 1391 1137 in
1415 1084 1523 1139 Daride
1545 1090 1574 1137 ct
1597 1083 1755 1139 Jonatbane

60 1175 144 1239 ruut3
161 1169 236 1224 unde
256 1169 404 1239 disparitas
423 1168 602 1224 stetussirel
620 1167 739 1222 maxime
756 1167 894 1223 interdum
923 1172 1003 1227 nobis
1028 1171 1193 1243 proponitur
1218 1178 1239 1228 1.
1266 1174 1340 1225 Sam.
1362 1176 1409 1240 28,
1438 1189 1464 1225 v.
1497 1175 1521 1225 3.
1551 1175 1625 1225 recte
1646 1169 1755 1236 dieitur,

61 1257 101 1310 sit
121 1262 316 1327 argumentum
337 1253 554 1310 contrahendum
568 1252 773 1307 matrimonium
791 1253 896 1308 dissna·
923 1258 997 1331 quod
1028 1258 1056 1313 in
1084 1258 1192 1312 duobus
1217 1256 1378 1327 corporibus
1403 1256 1440 1309 sit
1457 1272 1512 1309 una
1537 1272 1630 1310 eorum
1654 1255 1754 1315 anima,

61 1343 145 1411 dens,
163 1348 254 1397 tamen
273 1359 328 1395 non
346 1349 389 1396 est
407 1340 634 1409 impedimentum
653 1343 823 1393 contractum
840 1339 895 1393 dis·
922 1350 976 1415 μία
1009 1341 1084 1414 ψυχὴ
1114 1346 1144 1398 ir
1163 1344 1228 1397 trel
1252 1340 1377 1412 σώμασι,
1407 1360 1493 1396 unum
1512 1360 1561 1396 eor
1589 1342 1618 1394 iu
1646 1342 1753 1395 ditetur

61 1428 189 1497 solvens,
215 1428 289 1483 unde
310 1426 411 1482 nobilis
439 1426 608 1497 ignobilem,
633 1425 710 1479 dives
738 1442 897 1495 pauperem,
918 1431 1090 1499 pectoribus,
1108 1429 1183 1483 unde
1200 1428 1270 1483 illud
1289 1428 1504 1500 αἰνιγματῶδες

64 1513 194 1569 dominus
218 1513 348 1569 ancillam
377 1513 479 1568 ducere
503 1516 610 1582 potest,
642 1516 674 1564 ut
700 1510 756 1565 late
783 1510 898 1564 deducit
959 1552 1063 1605 Fauor
1102 1570 1140 1605 an
1165 1551 1196 1603 1η.
1218 1552 1274 1604 duo
1306 1552 1391 1603 mm,
1417 1552 1473 1604 duo
1505 1557 1569 1602 mm

63 1601 223 1656 Reusnerus
240 1599 288 1653 lib.
310 1604 331 1654 1.
351 1598 434 1653 decis.
454 1604 479 1652 t.
498 1613 550 1651 nec
570 1595 681 1666 probari
699 1596 780 1649 nobis
799 1602 898 1666 potest,
1071 1592 1078 1621 ’
1377 1591 1384 1604 '

64 1685 141 1759 quod
158 1685 296 1741 Zanehius
315 1685 344 1739 in
363 1684 412 1741 lib.
437 1684 472 1737 de
491 1682 596 1754 operib.
616 1700 664 1738 sex
685 1681 751 1737 dier.
771 1699 804 1736 ex
823 1682 898 1736 dicto

62 1772 216 1843 apostolico
234 1771 307 1829 Phil.
327 1777 350 1835 t,
367 1788 393 1824 r.
410 1775 440 1825 8:
464 1770 647 1837 Quaecunque
661 1765 783 1842 εὔφημα,
799 1769 826 1821 ss'
842 1786 899 1837 quo

62 1861 141 1927 latu,
167 1860 194 1912 si
211 1876 268 1928 quc
284 1859 390 1921 uirtus,
412 1858 481 1913 lmee
500 1857 619 1925 ropitote
639 1862 691 1909 etc.
711 1855 899 1909 demonstrare

64 1946 173 2011 nititur,
195 1945 266 1999 inter
281 1960 413 2016 personas
431 1942 589 1997 conditione
608 1942 724 1996 multum
743 1940 898 2003 dissimiles,

62 2038 131 2103 puta
147 2031 220 2086 inter
237 2030 357 2086 nobilem
384 2035 412 2083 et
437 2029 589 2100 plebejam,
612 2036 767 2083 senatorem
787 2032 815 2081 et
837 2025 897 2081 infi·
924 2039 1027 2102 quanto
1055 2032 1144 2103 magis
1179 2033 1213 2087 de
1245 2032 1299 2103 piis
1331 2039 1359 2087 et
1386 2032 1567 2088 concordibus
1592 2033 1757 2105 conjugibus

62 2135 124 2173 snae
151 2117 219 2171 satis
249 2115 407 2183 mulierem,
431 2117 494 2183 jure
523 2115 617 2170 divino
643 2114 814 2184 prohibitum
836 2130 897 2168 csse
923 2116 978 2172 dici
996 2123 1103 2189 potest,
1127 2119 1201 2190 quod
1227 2136 1321 2175 eorum
1348 2120 1385 2173 sit
1402 2118 1495 2175 arima
1518 2119 1620 2173 unuin
1643 2135 1757 2189 corpore

61 2204 276 2260 matrimonium.
320 2202 434 2273 Semper
457 2209 549 2257 tamen
568 2201 718 2257 tenendum
738 2200 823 2265 illud,
840 2218 897 2253 ma·
924 2222 993 2271 uno,
1018 2222 1083 2259 eum
1102 2222 1135 2259 cr
1153 2205 1204 2260 Dei
1232 2205 1319 2275 ipsius
1336 2223 1383 2261 ors
1400 2206 1527 2260 dieantur
1543 2224 1600 2258 uuo
1618 2223 1700 2274 earo,
1728 2205 1756 2260 id

61 2290 196 2344 trimouio
234 2288 339 2358 optimo
374 2297 399 2341 et
430 2288 620 2356 pacatissima
650 2304 709 2341 esse
745 2304 790 2349 ea,
827 2304 899 2356 orme
923 2297 966 2344 est
984 2307 1055 2344 unus
1079 2291 1169 2346 homo.
1211 2292 1367 2361 Utrumque
1391 2291 1463 2346 euim
1487 2307 1520 2345 ex
1542 2290 1689 2346 Hebraeae
1707 2291 1756 2345 lin·

62 2378 137 2430 ’Μ
151 2392 290 2445 emm
309 2390 423 2441 titum,
447 2381 551 2440 attale,
570 2374 693 2427 mortim
713 2380 739 2425 ⁶2
762 2372 831 2425 aliie
846 2372 898 2423 ad·
923 2394 997 2448 gnae
1015 2379 1184 2449 proprietate
1202 2379 1360 2441 deseendit,
1382 2379 1454 2449 quod
1473 2379 1607 2448 conjuges
1626 2378 1756 2433 dicuntur

55 2462 167 2534 jussets's
193 2479 276 2531 qtsom
303 2463 423 2514 mueime
455 2478 544 2530 peres
573 2460 792 2522 contrabuntur,
817 2457 900 2527 juxta
925 2480 984 2517 esse
1009 2465 1040 2517 im
1064 2480 1176 2516 (euntem
1193 2482 1292 2529 uram,
1320 2464 1409 2518 idest
1431 2480 1496 2518 caro
1525 2480 1593 2531 una,
1621 2464 1757 2534 (exempla

62 2549 134 2605 illud
153 2548 272 2603 Poetae:
924 2549 1025 2605 similia
1053 2550 1219 2605 adduximus
1242 2551 1369 2621 superius
1394 2568 1454 2621 cap.
1471 2556 1496 2606 4.
1515 2558 1581 2605 sect.
1604 2555 1626 2605 l.
1651 2548 1680 2622 ξ.
1701 2552 1756 2615 45.)

925 2642 954 2691 et
971 2637 1047 2705 quod
1065 2654 1133 2690 earo
1156 2655 1215 2690 una
1232 2636 1367 2699 dicantur,
1386 2637 1414 2691 id
1433 2642 1476 2692 est
1493 2654 1564 2691 unus
1583 2637 1672 2692 bomo.
1702 2636 1757 2692 Ge-

110 2790 117 2802 ,
140 2788 157 2801 ,,
213 2788 219 2799 ,
395 2784 401 2797 ,
925 2738 983 2777 nes·
1002 2728 1032 2791 6,
1059 2741 1084 2775 r.
1107 2728 1152 2777 22:
1183 2724 1281 2777 Omus'tr
1303 2741 1370 2777 earo
1392 2732 1557 2793 corruperat
1576 2723 1651 2777 usum
1670 2740 1758 2785 msam,

64 2789 160 2847 0⁷¹d¹¹
176 2793 256 2858 epm·
275 2792 297 2843 ⁸·
316 2785 431 2841 Herm·
926 2808 955 2861 id
986 2814 1029 2863 est
1054 2809 1143 2863 omnis
1174 2808 1263 2864 homo.
1307 2810 1391 2864 Deut.
1420 2816 1450 2876 5,
1481 2826 1506 2865 r.
1535 2814 1582 2864 26:
1617 2809 1693 2872 Quid
1718 2817 1760 2863 ert

66 2912 156 2967 Item:
196 2908 285 2971 Quom
307 2906 381 2960 mele
407 2905 571 2973 inaequales
595 2905 705 2959 seiciunt
732 2907 774 2959 od
799 2910 900 2958 aratra
926 2895 1016 2948 ommis
1034 2912 1118 2960 cm·
1143 2894 1172 2949 ld
1190 2900 1233 2950 est
1260 2896 1349 2949 Ome&
1375 2896 1455 2950 d⁰m⁰
1475 2900 1528 2951 03⁰·
1573 2898 1599 2947 2·
1622 2896 1759 2957 Definitio

394 2990 513 3060 jurensi,
926 2981 1052 3050 coujupis'
1068 2981 1181 3049 injure
1201 2981 1283 3035 cirili
1307 2981 1425 3035 tradita.
1467 2980 1644 3036 lastinianus
1669 2981 1697 3034 in
1716 2982 1759 3035 in·

197 3082 266 3133 Tam
282 3078 422 3150 premitur
441 3096 543 3146 mamm
561 3078 677 3147 coujuyss
694 3085 782 3147 „septa
800 3078 899 3130 minor,
925 3066 983 3121 Stlt-
997 3066 1033 3121 (le
1048 3072 1121 3138 patr.
1137 3072 1237 3137 potedl·
1252 3062 1278 3138 ᾗ
1292 3072 1322 3121 2:
1342 3067 1465 3135 Nuptiae
1484 3067 1542 3119 eive
1552 3068 1758 3121 malt't'mom‘ttm

926 3159 967 3205 eet
992 3153 1050 3206 riri
1078 3161 1104 3205 et
1130 3153 1258 3206 mulieris
1289 3152 1449 3221 conjunctio
1476 3152 1653 3206 indiuiduam
1684 3155 1758 3207 ritae
1782 3162 1788 3172 '

925 3239 1150 3293 cumretudiuem
1178 3238 1328 3292 continere.
1365 3237 1537 3292 Modestinus
1563 3237 1581 3293 l.
1600 3238 1715 3309 nuptiae
1735 3245 1758 3294 1.

925 3324 955 3379 ff.
974 3324 1070 3380 derit.
1092 3330 1187 3396 nupt:
1213 3326 1340 3395 Nuptiae
1364 3332 1429 3377 ment
1452 3325 1613 3391 eouiuoetio
1628 3326 1716 3378 muru
1733 3333 1759 3378 st

65 3373 268 3448 significarisse
287 3370 368 3442 pueri
386 3370 526 3433 videntur,
556 3375 587 3422 ut
602 3385 758 3438 comparem
778 3368 831 3423 sibi
849 3369 897 3422 ad·
990 3413 996 3425 .
1228 3415 1234 3427 ,
1365 3414 1371 3425 ,
1420 3412 1426 3425 ,
1525 3412 1559 3425 ,,
1584 3413 1590 3424 ,
1754 3413 1760 3424 ,

65 3462 208 3529 scisceret,
237 3458 286 3527 τὴν
308 3454 375 3510 uersi
398 3455 501 3509 σαυτὸν
527 3455 591 3519 ἔλα,
616 3470 671 3527 qua
694 3456 729 3510 de
756 3471 786 3509 re
810 3462 899 3511 exstat
923 3414 1049 3513 (mim
1066 3421 1092 3465 a
1110 3421 1280 3512 wordum
1296 3419 1478 3511 ⁰mnflm⁰'
1497 3412 1758 3512 d²⁰lnl⁶t.humal²

66 3549 239 3620 epigramma
259 3543 399 3599 Graecum
415 3542 464 3598 lib.
482 3548 506 3597 3.
549 3541 699 3597 Cleobulus
719 3542 803 3613 hujus
820 3559 898 3613 pm·
919 3518 1000 3569 pum
1019 3506 1239 3553 eommurseetso.
1270 3498 1469 3555 Definitionem
1485 3497 1638 3553 «lustratam
1657 3504 1759 3569 repetit

64 3634 138 3706 cepti
159 3632 243 3687 talem
260 3629 352 3684 reddit
363 3630 511 3683 rationem:
531 3629 600 3681 Site
617 3628 801 3683 illustriorem
814 3631 898 3681 elisee·
925 3584 1084 3641 Alexand&
1109 3584 1162 3639 m·
1194 3584 1230 3640 “d
1260 3584 1435 3640 (demeum
1467 3584 1703 3656 ⁸⁸⁰hi⁰pi⁸⁰⁰pum
1734 3603 1758 3641 ⁰·

133 3721 239 3788 affin
261 3724 291 3771 a
312 3715 421 3770 t,
436 3723 463 3768 ω
480 3715 659 3777 oms
925 3757 1436 3822 f

64 3808 190 3966 dddjddli
205 3802 382 3945 :ustaig-n?
409 3818 432 3855 c·
454 3806 492 3855 ¹5·
536 3800 580 3855 Ac
607 3801 642 3854 de
660 3817 745 3856 causa
762 3800 898 3857 mrim
924 3850 948 3898 1.
968 3846 1019 3898 dot
1039 3858 1097 3899 esse
1114 3842 1171 3913 rei,
1191 3843 1219 3896 id
1243 3849 1286 3898 est
1304 3844 1467 3913 composito.
1499 3843 1615 3897 materia
1633 3848 1758 3913 praestat
1770 3847 1813 3889 xv.
1825 3844 1871 3888 set.

1575 1590 1582 1617 ‚
1604 1549 1756 1619 pluresque

1256 1638 1372 1705 duobus,

994 1724 1036 1777 Hi
1052 1726 1109 1777 duo
1129 1731 1155 1776 et
1176 1724 1207 1776 lu'
1219 1724 1318 1792 plures
1337 1731 1401 1775 sieut
1419 1730 1510 1775 temer
1528 1740 1598 1776 uuus
1615 1722 1702 1777 loru.

961 1809 1135 1878 Corporibus
1151 1810 1216 1877 deso,
1237 1812 1420 1875 cordetenus,
1440 1825 1502 1861 eum
1516 1809 1622 1861 viribus
1641 1810 1731 1865 addet

998 1895 1075 1962 Unio,
1095 1903 1167 1963 tres,·
1185 1897 1306 1949 aierunt
1326 1902 1389 1962 tres,
1409 1896 1466 1947 duo
1484 1902 1510 1947 et
1529 1912 1599 1947 uuus
1616 1896 1712 1963 domm·

10 2682 51 2725 us.
182 2668 217 2721 Si
232 2683 289 2736 ossa
307 2665 383 2719 voles
402 2672 467 2732 epte
487 2666 596 2733 nubere,
615 2664 685 2718 uude
699 2664 778 2733 peri,

65 3201 149 3259 Dioni
168 3197 353 3256 Callimachus
379 3197 526 3267 sepeciem
548 3213 604 3250 esse
626 3199 783 3250 ducendum
802 3213 899 3252 eonsu-

66 3289 135 3356 luit,
163 3285 310 3341 Atarnitae
333 3282 516 3337 adolescentis
534 3283 672 3353 exemplo,
690 3283 735 3337 cui
755 3282 898 3338 obscurius

926 3932 1014 3987 solum
1032 3930 1238 3985 inchoationem
1256 3929 1343 3999 ipsius
1361 3945 1436 3995 esse,
1455 3927 1544 3983 torma
1564 3934 1655 3984 autem
1678 3930 1758 3984 addit

925 4018 1161 4088 complementum
1174 4021 1203 4070 et
1220 4014 1432 4086 perfectionem,
1452 4014 1527 4069 unde
1545 4017 1622 4069 ratio
1642 4016 1755 4085 quitidi-

926 4104 992 4158 tutie
1015 4121 1033 4157 a
1051 4101 1222 4172 Philosopho
1242 4101 1343 4156 dicitur
1361 4106 1385 4155 2.
1408 4100 1489 4171 phys.
1512 4118 1537 4155 e.
1555 4106 1587 4170 ὃς
1614 4104 1640 4155 2.
1659 4118 1718 4155 rem
1738 4121 1756 4153 a

926 4207 955 4245 re
976 4188 1141 4258 ds'stirpuit,·
1171 4187 1194 4242 si
1219 4187 1292 4244 enim
1320 4187 1370 4242 dat
1395 4202 1456 4241 esse
1474 4187 1515 4243 rei
1544 4186 1640 4257 utique
1674 4187 1756 4241 etiam

339 4296 535 4357 ΜΡΝ
572 4295 632 4356 v1,
927 4277 1075 4344 unitatem,
1102 4292 1165 4329 cum
1189 4290 1238 4328 ens
1263 4280 1291 4329 et
1314 4290 1400 4327 unum
1423 4277 1634 4341 convertantur,
1660 4274 1681 4326 si
1709 4274 1758 4326 dat

928 4361 1076 4430 unitatem,
1101 4361 1149 4414 dat
1169 4359 1252 4416 etiam
1276 4359 1493 4427 distinctionem,
1518 4376 1582 4413 cum
1597 4358 1689 4413 unitas
1708 4359 1757 4413 im·

84 4457 152 4524 nu
175 4454 342 4521 cluss
366 4452 598 4520 sonuum
622 4451 879 4521 contueri.
927 4446 1261 4520 nutrientium
1286 4462 1303 4500 a
1325 4445 1422 4517 ruovi·
1439 4446 1511 4514 aa,
1539 4449 1566 4499 ³-
1585 4447 1636 4499 et
1658 4462 1756 4513 oera-

929 4537 1031 4597 tieuem
1059 4534 1227 4603 composito,
1259 4531 1288 4585 id
1322 4538 1365 4587 est
1395 4531 1555 4603 primarium
1589 4532 1755 4602 principium

104 4634 163 4683 400.
201 4626 334 4679 Ferreum
353 4623 481 4691 coujupis'
492 4621 606 4691 quidam
619 4628 745 4677 statuunt
761 4639 821 4677 esse
835 4641 902 4676 cou-
927 4622 1094 4692 operationis
1117 4620 1146 4674 in
1167 4618 1328 4690 composito.
1371 4619 1467 4673 Posita
1485 4619 1570 4688 igitur
1592 4617 1683 4673 forma
1702 4620 1757 4673 tria

30 4716 37 4727 '
67 4732 179 4769 sunum
197 4709 426 4767 contrahentium.
463 4708 517 4763 Sed
544 4707 699 4777 opinionem
726 4707 801 4761 illam
820 4726 900 4779 snpe-
926 4714 1079 4780 ponuntur,
1107 4708 1151 4759 rei
1167 4708 1303 4776 essentie,
1330 4706 1474 4759 ‹lutiurtio
1492 4714 1518 4758 et
1543 4705 1679 4776 operatio.
1717 4706 1757 4759 At

69 4800 127 4855 rius
152 4816 175 4856 e.
196 4805 219 4855 ⁴.
246 4800 313 4852 sect.
338 4802 362 4852 ’2.
390 4792 420 4869 ξ
437 4800 477 4849 56.
504 4793 652 4849 evertimus
675 4801 793 4865 quatuor
818 4813 899 4867 argu-
926 4797 995 4851 haec
1012 4793 1066 4847 tria
1083 4793 1215 4863 conjugio
1239 4792 1345 4848 confert
1368 4791 1492 4859 legitima
1513 4791 1595 4845 unius
1620 4793 1702 4845 maris
1728 4799 1756 4846 et

70 4886 178 4942 mentis.
234 4884 362 4938 Formam
402 4899 468 4952 ergo
504 4880 626 4951 conjugii
664 4881 809 4936 statuimus
845 4900 900 4937 non
926 4881 1007 4938 unius
1027 4878 1145 4935 feminae
1162 4879 1191 4931 in
1208 4896 1292 4933 unam
1311 4894 1422 4932 carnem
1440 4878 1605 4947 conjunctio,
1627 4894 1677 4947 per
1694 4896 1753 4933 eam

69 4988 248 5039 eonsensum,
276 4970 326 5025 sed
353 4987 385 5025 ex
412 4983 549 5023 consensu
577 4973 666 5022 ortam
693 4968 849 5038 legitimam
875 4978 901 5023 et
927 4970 999 5024 enim
1018 4965 1179 5036 conjugium
1203 4973 1245 5019 est
1268 4964 1295 5017 id
1313 4963 1386 5035 quod
1406 4970 1461 5028 est,
1482 4962 1518 5017 ab
1538 4962 1598 5017 aliis
1620 4964 1757 5019 amicitiae

72 5058 296 5113 indissolubilem
318 5055 538 5125 conjunctiones
560 5055 645 5109 unius
667 5056 754 5108 marie
774 5057 901 5109 etunius
927 5062 956 5110 et
984 5058 1176 5108 contractuum
1201 5050 1345 5122 speciebus
1369 5049 1564 5120 distinguitur,
1594 5058 1623 5104 et
1652 5068 1685 5106 ex
1708 5050 1758 5105 illa

68 5146 191 5211 feminee
211 5143 241 5197 irs
260 5160 371 5197 currem
391 5161 484 5211 urere,
502 5141 545 5196 vel
563 5140 639 5213 quod
651 5141 724 5195 idem
742 5147 793 5207 est,
811 5142 900 5212 ipsum
927 5139 1120 5212 conjunctione
1146 5143 1243 5192 mutua
1269 5135 1403 5207 obligatio
1428 5136 1464 5189 ad
1483 5135 1576 5191 officis
1599 5136 1758 5208 conjugalia

69 5249 168 5287 mrtem
192 5237 219 5284 st
243 5230 440 5300 obligurierunt
463 5228 639 5298 eouirtpalsm
667 5244 701 5282 ex
719 5235 814 5284 mutuo
832 5229 900 5283 utri-
925 5228 1056 5284 nescitur.

70 5334 157 5388 usque
194 5316 281 5387 partis
315 5316 344 5369 in
384 5332 468 5371 unam
496 5330 607 5369 carnem
639 5330 773 5368 consensu
804 5319 902 5369 ortam.
961 5322 1020 5371 401.
1055 5314 1118 5369 Non
1144 5315 1200 5378 est,
1226 5308 1301 5380 quod
1324 5323 1448 5378 regeres,
1470 5308 1627 5376 apiostolum
1649 5315 1670 5364 1.
1693 5308 1755 5363 Cor.
1770 5312 1788 5355 ¹·
1803 5313 1880 5353 uerus

70 5402 152 5457 Hanc
178 5401 302 5474 conjugii
327 5402 444 5456 formam
468 5400 596 5471 exprimit
617 5406 640 5456 1.
666 5399 733 5467 epra
763 5398 900 5455 imtitrstio
925 5406 952 5471 6,
966 5420 989 5456 v.
1014 5404 1053 5456 le.
1072 5414 1207 5463 asserere,
1225 5397 1301 5466 quod
1317 5395 1474 5448 adhaerens
1491 5396 1631 5447 oreretu'es'
1647 5396 1756 5458 estleia-
1769 5365 1884 5465 'elffii

71 5490 168 5544 &siue
186 5487 257 5543 Gen.
274 5495 304 5556 t,
327 5505 353 5541 v.
373 5492 414 5542 2⁴.
451 5486 551 5543 listtb.
574 5493 617 5554 ta,
636 5504 662 5538 v.
681 5492 710 5540 5:
728 5486 824 5539 Errsut
842 5488 899 5540 duo
926 5494 972 5540 tur
995 5504 1058 5540 eum
1076 5500 1111 5537 ee
1131 5500 1216 5536 urum
1241 5497 1351 5551 eorpus,
1371 5484 1400 5533 st
1418 5480 1452 5533 ad
1473 5480 1501 5533 id
1519 5480 1692 5551 probandum
1707 5479 1755 5533 ad·
1769 5468 1873 5516 ΨΜ

70 5575 197 5629 ‘lm‘
216 5592 287 5641 Μ·
310 5590 344 5629 ⁰¹
367 5571 469 5645 quau.
493 5572 584 5629 vesu
603 5572 731 5630 Selour
752 5588 835 5643 reno
858 5572 900 5627 in-
927 5572 1029 5628 rasae
1044 5568 1131 5627 verm
1155 5566 1334 5623 mutumne
1351 5565 1507 5638 eonjugm
1535 5566 1642 5633 osae,
1663 5583 1689 5620 v.
1704 5571 1752 5620 u:
1769 5523 1878 5567 ''⁰²⁸'²⁸'·
