4020 6022
230 303 275 381 ,22
814 296 935 355 DOCUS
952 295 1156 356 moremus
1175 297 1345 366 QUINTUS

235 471 291 509 nan
319 458 432 524 separet
454 451 556 512 Matth.
585 459 630 522 13,
657 470 683 507 r.
707 458 731 510 a.
760 450 886 509 Christus
907 452 1009 524 repetit
1031 466 1064 505 ex
1083 465 1140 506 ,reu
1163 439 1318 520 symbolum
1343 470 1464 511 sacrum
1505 457 1533 508 2.
1558 453 1771 509 Sacramentum
1792 454 1839 510 irc
1865 472 1923 510 non

234 538 377 612 primaeva
394 537 576 596 institutione.
609 539 685 612 Ergo
707 538 907 611 siconjugium
926 537 955 592 ri
972 553 1006 593 ac
1023 536 1063 589 ri·
1090 537 1183 608 accipi
1200 557 1254 608 pro
1274 540 1339 609 msa
1355 557 1387 595 rc
1407 558 1515 595 arcana
1532 549 1559 595 et
1577 558 1678 608 sacra,
1700 541 1753 595 red
1766 557 1824 612 pro
1840 541 1923 611 cipro

234 641 303 698 garo
320 624 431 681 divinae
448 624 627 682 institutionis
639 643 673 683 so
695 625 841 682 verborum
860 624 969 681 illorum
986 622 1064 678 Chri·
1089 622 1135 678 rai
1149 640 1258 691 sacrae,
1276 642 1327 680 nec
1344 626 1374 681 in
1391 627 1455 698 ipm
1467 627 1661 698 conjunctione
1673 624 1780 681 Cirrirti
1795 633 1821 680 et
1837 627 1924 680 mole·

236 709 272 767 sti
295 717 338 766 est
364 716 578 782 sacramentum,
606 711 703 784 utique
728 711 812 768 etiam
835 710 865 766 in
889 711 925 768 V.
949 710 981 768 T.
1011 708 1065 764 fuit
1090 709 1151 764 riae
1175 709 1253 764 illud
1277 721 1481 768 sacramentum
1497 712 1596 776 mutui,
1622 714 1674 767 sod
1693 713 1724 767 in
1742 712 1823 781 riona
1843 712 1924 767 illius

234 801 454 867 oecumenium,
499 797 573 869 quod
615 804 709 854 tamen
749 797 934 855 Bellsrminus
969 802 1065 869 negat.
1091 795 1308 866 coniunctionis,
1335 798 1364 851 in
1390 797 1583 854 indissolubili
1606 798 1713 853 roilicm
1734 797 1818 852 mia
1834 797 1925 852 maris

237 891 261 944 2
287 883 492 941 Matrimonium
515 882 673 939 institutum
691 900 764 955 esse,
788 889 820 939 ut
848 884 885 940 sit
906 883 948 941 rei
971 899 1065 939 sacrae
1091 887 1117 933 a
1133 881 1217 934 unius
1232 882 1357 946 feminae
1376 884 1494 938 uinculo.
1527 885 1555 939 3.
1575 884 1713 952 Mapnum
1729 883 1807 938 illud
1824 901 1924 938 sacra-

236 971 360 1044 rignum,
387 968 578 1039 concedimus,
601 968 651 1025 sed
675 969 815 1040 addimus,
841 986 897 1025 non
919 986 980 1026 esse
1003 986 1067 1026 eum
1091 974 1211 1021 mentum
1229 985 1286 1022 non
1302 970 1344 1023 ad
1360 969 1520 1038 conjnpium
1537 968 1647 1023 Adami
1664 976 1691 1022 et
1707 970 1794 1039 ane,
1811 971 1866 1023 scd
1885 972 1925 1023 ad

138 1116 141 1121 ,
236 1055 320 1113 finem
339 1054 522 1128 principalem
540 1054 738 1124 institutionis,
757 1057 807 1112 sed
821 1056 1016 1112 secundarium
1032 1073 1066 1112 so
1090 1053 1204 1122 nuptias
1224 1054 1357 1121 fidolium
1385 1056 1498 1118 referti·
1547 1054 1675 1110 Eundom
1703 1054 1795 1110 locum
1821 1063 1926 1127 urgent

236 1142 327 1199 miuus
343 1140 538 1215 principalem,
561 1141 606 1199 rel
623 1142 802 1212 adjunctum,
819 1142 885 1215 quia
905 1142 1066 1214 principalis
1092 1135 1246 1209 Gregorius
1266 1138 1301 1195 de
1318 1139 1449 1197 Valentia
1468 1139 1529 1197 libr.
1547 1141 1583 1197 de
1599 1157 1675 1196 num.
1693 1156 1809 1198 meram.
1822 1157 1886 1214 cap.
1900 1147 1924 1196 t.

237 1227 308 1297 linis,
325 1233 440 1300 propter
458 1245 540 1301 quem
557 1225 761 1284 matrimonium
778 1233 820 1284 est
839 1227 1004 1297 institutum,
1021 1245 1066 1284 ex·
1091 1239 1158 1295 pag.
1177 1228 1236 1280 ete.
1260 1225 1389 1280 Costems
1410 1225 1441 1280 in
1460 1226 1591 1282 enchirid.
1616 1232 1644 1283 et
1662 1225 1718 1282 alii.
1763 1225 1925 1299 Responde·

234 1313 363 1386 primitur
393 1314 423 1370 in
455 1313 610 1385 primaevae
640 1313 822 1370 institutionis
850 1313 961 1384 verbis,
990 1314 1065 1391 qnod
1091 1325 1166 1363 mus:
1187 1309 1338 1381 Caietsnus
1356 1317 1385 1367 et
1402 1312 1530 1367 Erasmus
1548 1319 1716 1385 agnoscunt,
1739 1312 1830 1368 locum
1850 1311 1926 1370 hunc

235 1418 304 1461 uxor
319 1399 422 1457 debeam
438 1415 499 1455 esse
521 1399 580 1455 viro
605 1399 772 1473 adjutorium
796 1400 825 1456 in
841 1401 1019 1472 generatione
1038 1407 1066 1456 et
1091 1410 1146 1448 non
1164 1411 1224 1450 esse
1241 1396 1308 1452 satis
1327 1395 1437 1452 firmum
1454 1414 1488 1454 so
1507 1398 1607 1454 stabile
1618 1398 1784 1454 sacramenti
1794 1397 1925 1454 fulcrum

234 1486 400 1544 unornane
419 1484 522 1542 sobolis
540 1485 578 1542 sd
596 1484 705 1558 generis
722 1485 835 1543 humani
851 1493 880 1543 et
897 1502 1066 1558 consequen·
1092 1478 1137 1536 Sic
1155 1481 1228 1536 enim
1249 1481 1398 1554 Cajetanns
1415 1484 1445 1538 in
1462 1491 1619 1542 comment:
1638 1486 1704 1539 Nan
1720 1485 1803 1539 latet
1822 1501 1856 1538 ea
1873 1484 1925 1538 lmc

234 1579 277 1631 ter
300 1573 337 1630 ad
363 1572 497 1630 ecclesiae
520 1574 756 1646 propagationem.
795 1572 860 1629 lem
884 1590 949 1629 vero
974 1589 1065 1628 seem·
1091 1565 1151 1620 loca
1164 1569 1294 1637 prudens
1315 1570 1402 1624 lector·
1420 1589 1439 1624 a
1456 1570 1559 1635 Panlo,
1577 1571 1736 1640 conjupium
1754 1587 1813 1626 erse
1828 1587 1925 1625 sacra·

234 1665 388 1715 mentorum
404 1659 515 1730 proprie
532 1663 572 1713 sic
598 1658 735 1714 dictorum
753 1657 816 1713 finis
834 1658 996 1730 principalis
1014 1663 1065 1724 est,
1091 1659 1220 1710 mentum
1257 1654 1388 1710 Erasmus
1413 1655 1442 1711 in
1464 1672 1561 1714 comm.
1584 1676 1612 1731 p.
1629 1662 1694 1713 428:
1718 1659 1784 1712 Nan
1808 1658 1925 1712 accain

234 1745 309 1819 quod
326 1749 392 1800 sunt
408 1744 489 1818 signe
511 1745 552 1801 rei
569 1761 677 1812 sacrae,
702 1744 819 1800 eandem
844 1743 950 1800 scilicet
974 1743 1066 1801 confe-
1091 1738 1214 1808 dulium,
1232 1758 1271 1795 an
1288 1749 1494 1796 racramentum
1506 1743 1543 1796 sit
1553 1743 1769 1813 matrimonium,
1787 1745 1841 1798 rod
1851 1744 1925 1808 dieo,

233 1830 324 1889 tentia
347 1835 375 1888 et
398 1829 582 1904 obsignsntin.
625 1834 648 1886 3.
667 1828 726 1886 Νοο
743 1829 860 1902 quodvis
879 1829 999 1903 signnm,
1015 1846 1066 1886 nea
1090 1822 1125 1877 id
1142 1840 1174 1877 ca
1191 1825 1235 1879 lrir
1252 1828 1378 1898 apostoli
1397 1828 1486 1883 verbio
1509 1846 1566 1883 nan
1590 1831 1743 1884 mnodum
1767 1830 1925 1894 efficaciter

234 1917 357 1990 cm'urris
383 1915 492 1988 madae
517 1916 627 1988 signum
656 1913 743 1971 elficit
775 1921 990 1982 sacmmentm,
1015 1916 1065 1971 sed
1090 1910 1200 1980 collisi,
1217 1913 1355 1983 amram
1377 1914 1524 1985 particula
1541 1916 1737 1971 advorsum.-
1757 1933 1810 1988 ego
1829 1923 1924 1972 autem

233 2003 345 2077 ,ignum
369 2008 479 2076 opomet
502 2019 562 2059 mm
584 2001 742 2072 conferam,
765 2002 910 2076 applica„
929 2009 957 2058 et
974 2002 1066 2074 obsig.
1089 1995 1161 2090 satis
1179 1997 1302 2068 indicat,
1324 2000 1375 2054 iao
1393 2018 1523 2071 macnum
1540 2001 1700 2071 mysterium
1720 2004 1761 2057 ad
1782 2004 1923 2058 Uiriatum

232 2107 316 2159 nans,
345 2088 465 2161 gratiam
481 2095 591 2160 oportet
614 2105 674 2145 esse
692 2089 838 2160 evangelio
854 2088 1015 2162 propriam,
1033 2093 1066 2143 ut
1091 2089 1118 2135 ct
1144 2083 1290 2139 ecclesiam
1311 2086 1471 2158 pertinere,
1497 2106 1554 2143 non
1581 2091 1622 2142 ad
1650 2088 1782 2144 moritum
1810 2098 1838 2144 et
1856 2107 1922 2146 aco

233 2193 284 2234 tuo
302 2177 364 2233 1000
385 2175 601 2231 demonstratum
618 2173 680 2231 fuit,
712 2173 777 2230 ,Iam
795 2191 861 2230 vero
879 2175 936 2230 tale
954 2174 1065 2248 signum
1090 2183 1149 2221 rem
1166 2174 1218 2224 etc.
1257 2171 1355 2226 Simili
1370 2172 1463 2228 calare
1481 2191 1547 2227 urus
1565 2181 1606 2228 cet
1622 2175 1733 2229 Paulus
1751 2176 1782 2229 in
1800 2176 1923 2247 epistola

232 2280 267 2320 m
282 2261 347 2319 taus
364 2261 472 2334 grathe
495 2260 606 2333 signum
630 2277 686 2315 non
703 2265 746 2317 eat
773 2261 942 2334 conjugium.
979 2267 1004 2317 4,
1020 2260 1067 2317 In·
1090 2257 1133 2308 acl
1151 2256 1312 2313 Corinthiae
1326 2260 1426 2328 priore
1450 2268 1476 2314 et
1495 2269 1615 2333 propter
1633 2263 1840 2328 conscicntiam,
1860 2281 1922 2319 maa

232 2346 404 2404 stitutionem
427 2346 549 2402 divinam
570 2362 589 2402 a
611 2344 692 2418 signo
713 2347 754 2402 rei
777 2363 873 2403 sacrae
890 2346 920 2403 in
936 2347 1066 2420 conjugio
1091 2342 1252 2398 malumno
1269 2361 1410 2414 errorem,
1433 2348 1581 2402 eulnectit:
1608 2349 1813 2404 Conscientiam
1829 2358 1922 2406 auum

119 2429 416 2511 xtv.tt.3011mmmm
433 2450 492 2505 cap,
515 2440 537 2491 1.
563 2432 711 2507 distinguit
727 2438 756 2490 et
774 2433 911 2504 concedit,
928 2436 1065 2504 amidam
1090 2428 1155 2482 dico
1173 2447 1229 2483 nan
1246 2437 1333 2497 tuam,
1350 2435 1402 2487 red
1418 2433 1543 2489 alterius.
1582 2436 1652 2489 Tum
1670 2443 1701 2489 nt
1713 2437 1806 2490 aicae
1825 2454 1921 2506 coepe·

226 2537 311 2592 passe
329 2521 451 2576 retinere
465 2521 654 2589 inmanitatem
672 2521 819 2575 doctrinae
838 2523 873 2575 ac
891 2520 989 2574 diuina
1007 2539 1066 2576 ma·
1087 2530 1164 2582 ram·
1188 2515 1240 2570 7¹⁰0
1265 2516 1329 2571 1⁰⁶⁰
1349 2516 1464 2573 &acca
1485 2537 1538 2574 ”⁰⁵⁵
1555 2538 1612 2575 '¹⁰¹¹
1625 2522 1744 2591 Wlm'ss
1762 2539 1921 2578 Mam·

230 2607 548 2671 mtmomtimmmmm,
565 2607 616 2677 qm·
627 2613 720 2684 mmm
731 2614 840 2676 mmo,
856 2608 1064 2663 matrimonium
1090 2607 1147 2654 tum
1164 2601 1314 2673 ripnificat,
1330 2605 1489 2673 cuiusmodi
1504 2615 1608 2676 reptem
1625 2616 1706 2663 vocat
1723 2610 1850 2677 ecclesia,
1869 2613 1923 2666 red

231 2709 290 2749 erse
314 2710 415 2748 sacrae
441 2696 486 2749 rei
502 2694 627 2765 ripnnm,
645 2692 676 2749 id
696 2699 739 2750 eet
756 2691 922 2764 symbolum,
938 2694 983 2750 cui
1001 2711 1064 2765 pro-
1090 2703 1224 2742 arcanum
1243 2706 1277 2743 αθ
1289 2699 1432 2756 scordam,
1450 2710 1504 2763 atro
1520 2694 1602 2748 verbo
1616 2696 1776 2765 frequenter
1794 2716 1863 2752 usus
1879 2707 1921 2753 ert

230 2778 323 2836 minio
337 2778 517 2850 justificantis
544 2779 652 2851 parim
675 2779 713 2835 ait
736 2795 852 2837 annexa,
888 2779 944 2836 Sed
962 2780 991 2841 in
1008 2778 1062 2836 hoo
1089 2775 1200 2828 Paulus
1218 2784 1244 2830 ct
1262 2778 1297 2830 dc
1315 2778 1392 2843 alir'r,
1412 2797 1484 2850 artae
1503 2780 1584 2849 lanae
1601 2783 1701 2836 abmnt
1718 2802 1736 2837 a
1753 2792 1859 2839 natura
1875 2804 1920 2839 ra-

230 2865 353 2925 secuudo
372 2881 434 2937 cap.
451 2865 521 2924 haec
534 2865 589 2921 duo
604 2864 722 2924 invicem
738 2871 814 2922 arcte
833 2865 972 2922 conectit
989 2873 1062 2923 etex
1088 2870 1302 2918 erameniorum.
1333 2863 1411 2919 Idem
1430 2864 1459 2919 in
1479 2872 1500 2922 1.
1518 2865 1639 2923 Oariutln
1661 2875 1685 2926 7.
1702 2887 1730 2941 p.
1748 2875 1815 2927 331:
1837 2871 1922 2934 Quod

229 2967 275 3023 eo,
298 2953 373 3024 quod
392 2953 554 3026 eonjugium
577 2950 670 3009 citrei
688 2968 783 3008 sacrae
800 2952 920 3022 signnm,
940 2951 1062 3008 divinam
1089 2946 1214 3001 Paulum
1239 2949 1328 3003 recuti
1349 2958 1452 3005 ueteres
1474 2954 1681 3009 matrimonium
1706 2957 1857 3026 aliquoties
1873 2977 1918 3014 aa

229 3038 289 3112 ejus
310 3038 511 3096 institutionem
529 3038 637 3110 probet
673 3037 703 3094 Si
724 3038 792 3094 haec
815 3038 871 3093 duo
888 3045 953 3094 sunt
968 3038 1061 3095 imme-
1087 3040 1152 3086 aaut
1169 3043 1387 3101 sacramentum,
1411 3037 1445 3092 id
1460 3040 1594 3109 rentium,
1622 3042 1737 3111 opinor,
1762 3044 1793 3097 in
1814 3046 1920 3115 copula

228 3124 305 3182 diste
328 3141 465 3193 couneus,
490 3123 651 3197 conjugium
673 3139 734 3180 esse
757 3124 868 3196 signnm
892 3123 932 3179 rei
956 3141 1060 3191 sacrae,
1087 3119 1144 3173 oiri
1165 3127 1192 3173 et
1217 3122 1330 3186 moris,
1356 3125 1488 3193 quoniam
1517 3133 1557 3180 ert
1593 3128 1753 3183 arctissimo
1780 3129 1919 3202 amicitia,

228 3212 282 3268 hoo
300 3217 344 3268 est
371 3212 483 3284 proprie
502 3210 607 3266 dictum
624 3215 839 3276 mmamentum,
856 3215 885 3265 et
902 3211 1061 3283 conjugium
1086 3208 1298 3277 repraeecmari
1321 3217 1416 3279 typum
1444 3215 1584 3280 amariam
1601 3222 1627 3268 ct
1644 3215 1794 3283 imaainem
1816 3218 1921 3273 Christi

229 3315 291 3356 esse
313 3296 445 3353 manias
467 3295 638 3365 institutum,
669 3295 766 3369 utique
789 3295 838 3367 qui
859 3303 944 3368 negat
968 3314 1061 3367 unum,
1086 3308 1219 3362 mancam
1238 3294 1384 3349 secudum
1406 3296 1462 3350 riti
1485 3298 1650 3368 copulantis.
1687 3301 1727 3354 Et
1751 3305 1920 3374 estquidam

229 3389 316 3458 negat
332 3383 417 3440 etiam
440 3382 567 3439 acaum.
612 3381 643 3438 Si
660 3381 752 3451 dicas,
776 3381 983 3437 Bellarminum
1007 3401 1061 3438 non
1088 3380 1199 3433 omnino
1218 3396 1264 3434 rer
1288 3389 1389 3437 sancta
1405 3401 1542 3454 sacraque
1565 3387 1773 3443 matrimonium
1791 3389 1846 3444 rite
1862 3409 1919 3447 sor·

227 3469 393 3541 simpliciter·
422 3469 547 3524 diuinam
578 3468 706 3539 coniupii
733 3466 933 3522 institutionem
966 3486 999 3523 ea
1029 3486 1060 3524 ec
1086 3473 1188 3534 uatum
1208 3474 1234 3520 et
1251 3473 1343 3522 tamen
1357 3477 1451 3538 potest
1470 3486 1529 3525 esre
1545 3479 1627 3542 typus
1649 3473 1695 3527 rei
1710 3491 1824 3540 sacrae,
1842 3479 1920 3545 puori

224 3556 365 3626 probare,
387 3557 464 3626 arrad
480 3556 518 3609 rit
535 3571 635 3610 samaa
654 3554 699 3608 rei
714 3553 831 3624 ripnum,
850 3555 904 3608 sed
923 3555 1061 3610 inritatio·
1082 3567 1137 3620 per
1159 3569 1189 3606 re
1215 3560 1340 3607 canotum
1366 3573 1423 3610 non
1444 3557 1493 3627 rit,
1527 3559 1601 3614 uelut
1625 3560 1785 3615 Bettrabea
1821 3573 1920 3632 erepta

228 3659 292 3698 nem
319 3641 567 3712 sacramentalem·
599 3638 765 3711 respondeo:
797 3639 941 3711 quodlibet
969 3655 1059 3694 sacra-
1091 3636 1174 3692 Uriae
1194 3646 1218 3692 et
1236 3639 1338 3694 David
1352 3641 1455 3710 juncta
1473 3651 1499 3697 et
1516 3646 1628 3700 Horace
1652 3648 1807 3718 prophetae
1822 3651 1919 3714 sar-ni·

228 3732 351 3784 mentum
369 3726 454 3783 habet
471 3723 612 3798 propriam
631 3722 813 3779 institutionis
831 3723 940 3791 sedem,
959 3725 988 3781 in
1004 3742 1060 3798 qua
1085 3723 1169 3793 catio,
1187 3727 1265 3795 puori
1269 3727 1371 3798 palam
1389 3735 1508 3784 testatur
1525 3732 1722 3800 Hieronymum.
1750 3736 1793 3789 Ac
1805 3752 1918 3792 rursus:

228 3811 320 3871 verbis
346 3812 428 3868 clads
450 3818 479 3868 et
502 3809 655 3884 perspicuis
681 3811 741 3882 ejus
764 3816 865 3866 natura
888 3811 1059 3883 proponitur.
1085 3810 1166 3865 Nilil
1186 3819 1363 3879 atnecesre,
1388 3823 1419 3868 ut
1437 3823 1519 3886 typus
1539 3835 1592 3889 prr
1618 3821 1713 3875 omnia
1736 3825 1917 3894 respondeat,

227 3899 326 3956 Talem
347 3915 412 3955 vero
437 3897 522 3969 hujus
550 3895 756 3953 sacramentalis
789 3895 968 3953 institutionis
996 3898 1059 3969 (per
1085 3896 1197 3966 alioqui
1226 3908 1428 3956 autoramentum
1454 3920 1510 3956 non
1533 3905 1600 3972 erit,
1628 3906 1678 3959 ubi
1702 3909 1763 3978 auis
1789 3911 1917 3965 sterilem
1929 3934 2004 3978 mm

228 4001 313 4058 quum
330 3990 487 4040 tenuemus
505 3981 629 4055 conjugii
645 3998 663 4037 a
682 3980 791 4038 Christo
808 3981 838 4037 in
857 3989 1058 4040 sacramentum
1085 3981 1186 4037 tabem
1203 4001 1323 4051 marem,
1342 3995 1391 4041 ant
1408 3989 1458 4042 uli
1471 4007 1541 4043 uuor
1557 3991 1618 4057 fert
1634 3993 1764 4046 maritum
1776 3994 1917 4051 ebriorum

227 4070 312 4129 fuerit
329 4075 441 4126 evectus
460 4073 489 4124 at
508 4070 569 4142 ejus
588 4074 694 4135 nature,
712 4083 795 4139 quam
812 4066 912 4124 habuit
930 4069 959 4124 in
978 4069 1012 4126 V.
1023 4068 1057 4126 Τ.
1084 4077 1133 4123 aut
1152 4069 1288 4132 infamem
1303 4079 1352 4126 aut
1368 4074 1527 4130 aleatorem.
1559 4076 1594 4130 Ut
1609 4079 1706 4132 mnus
1719 4079 1840 4150 interim,
1856 4101 1917 4137 rna·

228 4158 258 4219 ia
273 4157 357 4214 alium
373 4156 491 4226 mutata)
510 4154 660 4228 murrinam
677 4170 710 4209 ac
725 4153 867 4227 propriam
884 4154 977 4213 sedem
991 4172 1057 4213 non·
1084 4155 1244 4211 trimonium
1267 4158 1312 4212 lic
1331 4160 1424 4231 accipi
1445 4180 1503 4232 pra
1519 4178 1584 4217 acro
1603 4172 1790 4235 incramenta,
1816 4185 1915 4222 sacra-

228 4245 295 4303 dum
318 4248 469 4317 potuerunt
495 4237 636 4297 Pontifioii
666 4240 818 4297 osmndsra
861 4241 977 4298 Frustra
1005 4241 1057 4315 igi·
1084 4249 1203 4296 mentum
1221 4260 1278 4298 nan
1297 4245 1363 4314 erit,
1380 4246 1428 4299 uli
1444 4248 1552 4304 ramur
1573 4250 1652 4304 ducit
1669 4252 1799 4323 ondam,
1818 4255 1914 4309 ebrius

227 4336 273 4399 tur
316 4346 351 4386 ex
397 4344 445 4397 eo,
490 4327 564 4399 quod
610 4327 770 4400 conjugium
812 4326 848 4383 sit
888 4343 982 4384 sacrae
1017 4328 1057 4384 rei
1085 4327 1211 4394 ebriam,
1235 4337 1262 4383 ct
1285 4337 1376 4385 tamen
1410 4333 1528 4387 ecolseia
1552 4337 1680 4406 apncscit
1698 4349 1914 4396 sacramentum

228 4414 353 4488 signum,
407 4412 633 4471 smmmmulem
681 4412 883 4470 institutionem
934 4412 1059 4471 evincere
1085 4415 1130 4469 Ne
1140 4414 1170 4468 in
1181 4415 1233 4469 loo
1244 4417 1357 4484 midam
1370 4419 1520 4489 conveniet,
1538 4424 1615 4492 quad
1628 4423 1658 4477 in
1670 4431 1766 4479 rastra
1778 4410 1917 4484 connubio

227 4501 365 4561 laborant.
1085 4519 1156 4557 secor·
1174 4502 1296 4573 alliaata
1313 4503 1351 4556 sit
1373 4502 1449 4568 cira,
1472 4513 1498 4559 et
1520 4508 1566 4562 uir
1588 4509 1709 4563 viciarim
1735 4513 1772 4566 eit
1789 4512 1820 4566 in
1833 4523 1916 4583 poem.

102 4610 217 4660 „me
265 4593 307 4646 33.
343 4593 367 4643 2.
391 4584 446 4645 ssa
472 4583 630 4650 rideamus,
659 4584 796 4657 quomodo
823 4583 922 4658 probet
952 4585 1056 4644 Beller-
1085 4596 1156 4642 state
1184 4587 1292 4655 uraris,
1320 4607 1382 4644 oum
1414 4589 1541 4647 Christus
1568 4595 1645 4650 nullo
1666 4606 1755 4666 pacto
1776 4599 1855 4655 nobes
1879 4602 1918 4656 rr't

102 4660 187 4764 §1223
230 4672 328 4744 minus,
341 4671 504 4746 conjuginm
521 4686 582 4726 esse
599 4669 656 4727 tale
676 4670 786 4744 signum
802 4671 867 4728 talis
883 4673 1001 4744 maine,
1024 4672 1060 4730 de
1086 4674 1231 4742 oblimatas.
1264 4676 1335 4730 Alia
1350 4685 1480 4732 sescenta
1495 4681 1602 4745 referri
1611 4690 1753 4751 poterant,
1772 4685 1803 4738 r'n
1816 4687 1918 4754 mrtem

103 4767 160 4806 stam
172 4767 217 4807 1¹⁰⁰
231 4777 286 4835 quo
313 4759 423 4833 proprie
447 4756 501 4814 hoc
526 4756 587 4813 loco
615 4755 762 4829 amman.
812 4757 938 4815 Addunt
969 4758 1060 4814 locum
1085 4764 1180 4832 imapa
1198 4779 1253 4816 nan
1271 4765 1422 4832 respondet
1440 4767 1613 4821 matrimonii
1624 4769 1740 4823 leumani
1757 4779 1781 4824 et
1797 4775 1917 4840 mystici.

102 4827 208 4910 22¹2}ss
230 4845 331 4916 ephes.
355 4851 386 4911 5,
410 4861 436 4902 r.
463 4850 510 4901 et:
541 4845 754 4900 Sacramentum
778 4845 830 4899 too
854 4863 984 4914 maenum
1011 4854 1060 4915 est,
1085 4845 1165 4902 Haeo
1193 4847 1285 4902 omnia
1315 4846 1456 4913 Erasmus.
1503 4850 1584 4917 Quod
1609 4870 1667 4909 rem
1693 4854 1782 4926 ipsam
1807 4857 1918 4927 attinet,

229 4931 294 4987 dica
319 4938 410 4984 autem
427 4932 456 4985 in
480 4929 593 4987 Cirirto
610 4939 637 4985 ct
658 4930 789 5000 ecelesia,
815 4930 891 4987 circa
908 4949 991 5003 quem
1007 4932 1061 4987 tria
1089 4939 1110 4989 1.
1128 4933 1312 5004 concedimus,
1330 4936 1534 4990 matrimonium
1547 4954 1604 4991 esre
1623 4941 1733 5008 ripnum
1745 4943 1790 4997 rei
1805 4962 1918 5012 sacrae,

228 5016 319 5073 notari
333 5014 428 5086 jubet,
453 5020 477 5073 1.
498 5017 659 5073 Catholicae
678 5034 735 5072 non
752 5033 785 5071 ea
804 5017 868 5071 cala
881 5034 946 5072 uoce
963 5036 1059 5072 caora-
1086 5019 1135 5074 sed
1159 5035 1193 5075 er
1218 5036 1251 5075 eo
1272 5020 1350 5092 sequi
1378 5038 1523 5093 negamus,
1549 5025 1625 5095 quod
1651 5027 1687 5082 sit
1713 5037 1918 5088 sacramentum

228 5104 327 5173 mati,
346 5118 418 5173 orsae
435 5103 466 5156 in
482 5104 597 5172 culpata
615 5104 742 5160 cernane
759 5102 891 5172 lalaur,
917 5104 1060 5176 collicerc,
1085 5105 1196 5176 proprie
1213 5105 1332 5176 dictum,
1351 5113 1383 5163 ut
1399 5115 1524 5165 constare
1541 5117 1633 5179 potest
1650 5129 1684 5168 er
1701 5113 1749 5185 iis,
1776 5132 1848 5189 quae
1868 5118 1917 5176 de-

228 5187 438 5244 matrimanium
472 5204 530 5243 esse
562 5197 766 5245 sacramentrnn
796 5189 916 5259 proprie
946 5189 1058 5260 dictum,
1085 5188 1223 5255 scribunt,
1242 5191 1324 5263 quale
1344 5194 1453 5266 signum
1476 5198 1505 5248 et
1524 5195 1613 5267 qualis
1633 5199 1740 5269 gratiae
1755 5200 1866 5273 signum
1885 5205 1917 5262 in

229 5293 292 5329 oum
310 5275 341 5328 in
358 5273 452 5328 multis
470 5274 538 5329 aliis
565 5275 594 5330 V.
621 5294 656 5330 ac
673 5277 710 5333 N.
736 5277 769 5334 T.
791 5275 861 5330 lacis
887 5277 985 5330 cadem
1007 5294 1061 5332 aaa
1085 5283 1255 5331 sacramento
1281 5279 1445 5350 requiratur.
1488 5286 1512 5336 2.
1540 5282 1675 5353 Myrterii
1698 5302 1752 5342 ror
1777 5288 1807 5342 in
1837 5298 1918 5348 textu

228 5360 401 5416 racramentr'
417 5359 560 5428 habeatur,
579 5359 650 5417 Tob.
671 5367 708 5418 tt.
733 5359 842 5417 Daniel
862 5363 889 5414 2.
908 5360 1013 5421 coloss.
1037 5370 1059 5421 1.
1084 5360 1235 5432 apostolico
1257 5369 1405 5436 utrumque
1428 5366 1634 5437 complectitur,
1660 5376 1720 5426 tum
1743 5373 1832 5444 ipsam
1855 5392 1916 5432 rem

231 5452 251 5503 l.
269 5445 390 5504 Timoth.
411 5452 435 5503 3·
454 5446 542 5519 Apso.
564 5452 586 5503 l.
604 5453 633 5503 et
653 5453 691 5503 17.
709 5447 811 5519 Ephes.
833 5453 855 5503 1.
868 5454 897 5504 et
915 5453 939 5506 3.
959 5450 1011 5503 sed
1028 5466 1059 5504 er
1084 5463 1214 5503 moenam
1238 5456 1266 5504 et
1289 5467 1409 5521 sacram,
1432 5453 1652 5523 conjunctionem
1681 5458 1786 5515 scilicet
1810 5461 1916 5520 Christi

227 5540 284 5590 tota
302 5539 431 5590 canuno
442 5533 577 5606 probare,
592 5520 671 5604 orroei
680 5533 889 5588 matrimonium
902 5532 1058 5606 rit'ripnum
1084 5541 1113 5591 et
1135 5534 1281 5605 ecclesiae,
1305 5544 1437 5609 tanquam
1454 5537 1607 5611 signatum
1631 5547 1690 5598 tum
1709 5544 1819 5615 signum
1838 5545 1915 5605 illim
