4020 6022
818 318 1087 378 nnooumoro.
1734 335 1795 395 439

101 468 177 538 gitur
186 485 220 524 ex
230 470 338 526 esrum
351 473 518 530 dudumetc.
528 473 570 530 tit.
580 473 656 528 eod:
668 475 715 527 De
727 474 934 543 coasuuudins,
962 475 1174 547 respondemus,
1195 483 1216 533 t.
1236 476 1462 550 &adaquandum
1483 493 1543 535 ease
1560 480 1632 535 inter
1649 483 1796 551 spamaiia

101 572 173 624 qaae
196 557 247 610 diu
272 559 302 612 in
321 559 479 614 Mutinensi
503 561 622 615 obtinuit
639 561 764 630 modam,
794 569 885 615 utrum
910 561 937 613 si
959 562 1077 629 propris
1099 563 1140 616 sic
1158 563 1237 617 dicta
1262 570 1291 619 et
1317 565 1525 618 nominantem
1548 574 1642 620 ratum
1670 570 1794 622 nondam

100 640 165 709 quis
178 644 309 710 juraret,
333 663 363 698 se
381 648 509 717 aliquam
531 649 683 701 ‘ducturum
708 656 734 701 st
751 649 823 701 citra
840 649 944 704 carnia
961 657 1185 703 consummatum.
1225 648 1373 720 Sponsalia
1397 649 1507 720 proprie
1534 651 1574 708 sic
1602 653 1691 722 dicta,
1723 670 1795 726 quae

101 729 233 796 copulam
252 733 460 803 desponsasset,
483 733 512 786 si
526 740 723 802 coriasquanter
741 736 935 806 desponsasset
961 738 1026 787 aunt
1058 733 1202 803 promissio
1231 735 1387 790 futurarum
1414 738 1573 806 nuptiarum
1603 745 1632 794 et
1658 755 1794 796 consensu

101 813 191 867 aliam
211 824 237 869 ct
256 817 339 870 enam
359 819 530 889 aequanimes
544 821 639 892 primo
654 821 765 890 capuita
783 821 933 890 adjudica·
960 819 1121 889 sponsalitio
1134 821 1340 888 contrahuntur,
1359 838 1415 876 non
1426 820 1607 879 introducunt
1618 831 1675 880 tam
1687 829 1793 881 aretum

43 907 178 954 mursam
195 904 272 967 viro,
294 921 351 958 non
374 922 446 974 quae
457 907 544 975 prius
566 908 667 961 amutii
688 909 864 976 desponsata.
900 906 933 962 In
960 911 988 958 et
1010 905 1200 961 indissolubile
1232 907 1374 961 vinculum
1405 913 1437 961 ut
1463 909 1666 965 matrimonium
1694 919 1793 977 ratum,

101 989 274 1056 sponsalibus
305 990 340 1045 de
357 990 451 1046 futuro
470 991 553 1047 etiem
572 1007 635 1046 cum
652 992 714 1047 nisu
733 992 850 1063 copulae
869 1009 932 1046 con·
959 991 1034 1061 quod
1057 992 1175 1063 nuptiali
1205 1010 1340 1048 consensu
1363 993 1392 1046 in
1416 993 1609 1052 benedictione
1627 997 1793 1053 raaaaouli

97 1074 860 1147 junctis,quaepostessecutumestmauimoniumcum
870 1078 932 1143 alia,
958 1077 1068 1146 publice
1088 1085 1117 1133 et
1136 1079 1285 1135 solenniter
1305 1096 1435 1150 expresso
1455 1098 1488 1136 ac
1507 1082 1656 1138 traditione
1674 1101 1791 1155 sponsae

100 1158 177 1214 idem
199 1164 390 1232 pronuntiavit
408 1163 525 1235 Gregor.
546 1182 571 1220 c.
589 1165 760 1222 Adolescens
785 1171 829 1220 stc
857 1171 934 1221 extra
959 1162 987 1216 in
1023 1163 1175 1220 maritalem
1206 1173 1371 1236 potestatam
1406 1167 1499 1236 sponsi
1534 1169 1718 1236 contrahitur,
1750 1171 1792 1225 uti

101 1245 137 1301 de
155 1250 276 1318 sponsal.
289 1258 318 1305 et
328 1253 461 1308 matrim:
482 1254 932 1324 Adolsssms,quidesponsatam
959 1250 1084 1319 superius
1099 1250 1194 1304 multis
1213 1253 1392 1306 ostendimus.
1428 1251 1457 1306 Si
1476 1270 1543 1325 ergo
1562 1256 1687 1325 quaestio
1704 1256 1741 1311 sit
1756 1255 1791 1310 de

98 1334 154 1386 ribi
171 1352 227 1403 per
246 1337 330 1391 verba
348 1341 384 1391 ris
400 1340 515 1407 futuro,
537 1340 604 1393 licet
627 1356 713 1411 saepe
736 1341 816 1393 nisur
834 1339 934 1407 fuerat,
959 1337 1137 1405 sponsalibus
1156 1340 1275 1407 propris
1301 1341 1400 1409 dicts's,
1426 1339 1455 1392 id
1483 1348 1526 1394 est
1551 1341 1586 1395 de
1611 1342 1791 1411 promissione

98 1423 255 1476 annaliter
275 1441 331 1477 non
347 1440 524 1494 acquescens,
542 1443 604 1479 cum
616 1426 678 1480 alia
691 1428 870 1497 postmodum
878 1440 933 1494 per
958 1420 1114 1477 futurarum
1129 1424 1301 1494 nuptiarum,
1325 1441 1361 1479 an
1385 1434 1497 1495 propter
1523 1425 1573 1480 illa
1596 1426 1704 1482 irritum
1728 1445 1791 1498 pro·

98 1509 184 1561 uerba
204 1511 240 1563 da
255 1511 403 1581 macerati
416 1513 564 1581 contraxit,
583 1528 639 1566 aaa
655 1513 864 1583 primumcum
877 1528 933 1580 qua
960 1506 1144 1563 nuntiandum
1160 1511 1197 1563 sit
1213 1510 1417 1566 matrimonium
1434 1528 1496 1565 cum
1515 1511 1569 1567 alio
1590 1513 1633 1566 rel
1652 1512 1707 1567 alia
1725 1530 1791 1568 con·

98 1612 149 1648 nse
165 1596 225 1659 fuit
248 1614 342 1650 oerum
366 1599 573 1652 matrimonium
602 1616 635 1653 sa
658 1606 742 1669 parts
765 1605 933 1662 contractus,
960 1601 1140 1664 summatum,
1158 1613 1301 1668 negamus,
1321 1597 1349 1650 id
1370 1597 1429 1651 fieri
1447 1596 1564 1668 debere,
1580 1604 1693 1669 propter
1709 1616 1792 1671 argu·

97 1697 149 1734 nec
184 1691 392 1754 praesumtum,
431 1702 494 1738 cum
536 1692 652 1738 conano
693 1702 749 1738 non
794 1684 934 1738 tatanus
959 1689 1052 1737 menta
1070 1699 1120 1752 pro
1146 1689 1227 1753 parte
1257 1683 1425 1754 quaestionis
1450 1684 1539 1739 altera
1557 1684 1693 1754 adducta,
1720 1702 1792 1756 quas

98 1769 236 1837 effaetum,
282 1773 335 1824 ssd
369 1773 521 1825 atmodum
560 1772 640 1826 debet
674 1772 776 1826 tatas
814 1788 933 1827 umorem
958 1773 1050 1824 tamen
1075 1785 1130 1823 non
1151 1768 1243 1823 omnia
1267 1769 1419 1840 aequalem
1434 1771 1617 1826 concludendi
1636 1770 1692 1825 vim
1720 1771 1790 1826 obti-

99 1859 123 1908 t.
144 1854 221 1909 Idem
240 1856 338 1909 statuit
356 1854 497 1911 Lutherus
515 1858 544 1911 in
559 1872 592 1911 eo
610 1875 685 1926 casu,
702 1857 814 1929 quando
831 1874 866 1912 ex
885 1873 932 1927 po
958 1863 1032 1909 nent.
1081 1854 1110 1910 Si
1128 1871 1193 1910 vero
1212 1856 1337 1924 quaestio
1361 1855 1397 1910 sit
1417 1855 1453 1910 de
1471 1858 1649 1911 matrimonio
1667 1865 1741 1928 rato,
1762 1857 1791 1912 id

100 1940 215 1995 steriore
233 1942 407 1997 matrimonio
432 1944 490 1997 nati
509 1943 598 2001 liberi.
618 1943 668 2000 lib.
688 1944 722 1999 de
747 1944 805 1998 vita
822 1947 933 2015 conjug.
959 1941 1087 2012 estquod
1105 1956 1240 1995 consensu
1252 1939 1371 2011 nuptiali
1382 1940 1411 1995 in
1422 1941 1586 1998 ammdotali
1597 1942 1792 1998 benedictione

97 2031 162 2082 tom.
183 2032 208 2082 2.
230 2027 292 2083 Jsu.
313 2027 406 2084 Germ.
426 2028 446 2082 i.
467 2036 530 2084 tta:
549 2029 602 2086 ate
621 2028 762 2100 brumiate
778 2031 884 2100 Uriatis
903 2029 932 2100 iii
958 2043 1086 2097 expromo
1111 2031 1139 2080 et
1160 2025 1310 2081 traditione
1333 2026 1415 2080 unius
1437 2027 1467 2081 in
1491 2034 1656 2097 potestatem
1676 2028 1790 2083 alterius
1805 2037 1857 2081 avt
1871 2036 1916 2080 tat.

99 2112 288 2183 tiridaten,
307 2122 382 2171 menn
404 2115 456 2184 ide
477 2115 546 2171 anm
564 2117 648 2185 ittam
667 2118 753 2185 artois
773 2118 825 2172 unt
843 2117 933 2186 asion
958 2119 1055 2168 mutua
1073 2118 1102 2167 et
1119 2110 1262 2182 reciproca
1287 2111 1466 2182 contrahitur,
1484 2113 1559 2168 aliud
1577 2113 1648 2170 forte
1667 2119 1790 2169 statuen-

98 2201 210 2269 ternodi
233 2201 290 2256 sias
320 2203 423 2258 antus.
470 2201 590 2271 iustiti
619 2202 674 2258 aas
696 2203 855 2272 tositltutiqe
878 2204 931 2258 unt
958 2198 1032 2256 dum.
1074 2196 1155 2252 Hauc
1187 2197 1393 2252 distinctionem
1428 2198 1519 2255 innuit
1548 2200 1596 2271 jus
1625 2200 1789 2255 omonicnm

97 2286 211 2354 ormam
230 2287 328 2357 mods,
355 2288 433 2344 boun
458 2302 523 2342 mou
541 2289 595 2357 fild)
618 2289 680 2357 aad
699 2288 750 2345 uisi
768 2289 881 2360 omittat
899 2304 930 2345 ic.
956 2301 1012 2339 non
1036 2283 1147 2354 quidem
1173 2301 1224 2353 per
1250 2282 1455 2339 deductorem
1483 2286 1554 2341 inter
1579 2286 1727 2356 spmsalia
1753 2289 1789 2341 ds

97 2373 262 2442 nosstotcoes
287 2374 416 2430 untoien
445 2375 512 2443 aiat
541 2374 627 2444 biatu
654 2379 696 2431 ost
721 2376 813 2432 attan
837 2375 931 2433 mitten
952 2371 1099 2439 prumensi
1118 2374 1147 2425 st
1165 2371 1200 2423 aa
1217 2371 1330 2439 staura,
1346 2369 1414 2441 quid
1433 2371 1504 2427 mim
1523 2372 1558 2427 de
1577 2390 1610 2428 aa
1629 2372 1789 2442 renuamus,

97 2459 234 2529 noiatim,
254 2461 322 2528 adis
340 2460 390 2529 idi,
413 2474 441 2514 et
458 2461 506 2530 ioli
521 2461 560 2516 bri
580 2463 623 2517 bet
641 2462 720 2530 espen
737 2463 845 2528 bleibsn,
864 2463 931 2518 bena
957 2456 1083 2527 superius
1100 2455 1154 2511 fuit
1169 2456 1338 2527 expositum,
1363 2456 1411 2513 sed
1427 2474 1478 2527 per
1497 2458 1700 2515 diiunctionem
1718 2458 1790 2514 iuter

95 2560 123 2601 er
140 2547 187 2616 int
207 2545 252 2615 sni
270 2546 312 2615 tir
330 2548 448 2615 stasim,
472 2548 526 2602 unt
551 2546 582 2616 iit
604 2546 671 2617 aiat
693 2548 835 2618 meirisin
855 2549 932 2620 tribu,
956 2546 1041 2607 tidem
1057 2543 1213 2612 pactionis,
1238 2543 1267 2596 id
1292 2549 1334 2598 est
1355 2543 1564 2614 promissionem
1580 2544 1791 2615 sponsaliorum,

96 2633 192 2687 samu
209 2632 255 2699 iat
274 2646 300 2686 a
319 2632 361 2687 ia
380 2632 480 2688 ouban
498 2633 564 2703 aiat
581 2633 806 2703 tinnsuqetobsn,
825 2636 876 2691 tas
889 2637 931 2691 ba
958 2638 987 2685 et
1010 2631 1100 2700 fidam
1130 2645 1294 2698 consensus,
1327 2629 1356 2683 id
1391 2637 1434 2684 est
1465 2630 1667 2687 matrimonium
1701 2638 1792 2686 ratum

96 2718 176 2786 triten
195 2718 248 2772 unt
268 2717 321 2785 isin
347 2717 414 2786 uicit
437 2727 501 2775 toas.
538 2719 609 2789 iius
633 2724 675 2775 sti
693 2721 755 2776 aber
772 2721 933 2791 antitisti
958 2715 1077 2786 nuptiali
1096 2732 1232 2770 consensu
1246 2715 1445 2772 confirmatum.
1474 2719 1518 2772 Ac
1528 2716 1615 2788 probe
1630 2717 1792 2786 notandum,

95 2803 216 2872 fortiis
236 2804 287 2873 tofi
305 2804 442 2860 uitiata
459 2804 508 2860 mit
526 2805 570 2861 ba
587 2806 688 2861 asban
707 2809 801 2876 munst,
820 2807 846 2877 io
867 2807 931 2865 ticio
959 2803 1033 2874 quod
1051 2803 1080 2857 in
1098 2801 1188 2858 vorbis
1207 2801 1359 2857 Alexandri
1382 2817 1406 2859 ο.
1424 2802 1505 2857 Licet
1532 2807 1585 2860 eto.
1611 2808 1635 2858 3.
1656 2809 1735 2858 extra
1756 2803 1792 2859 ds

95 2904 124 2945 ss
148 2889 188 2943 osi
215 2891 356 2959 ostiatim,
382 2892 449 2947 tua
473 2892 506 2961 its
533 2891 565 2961 tp
592 2892 652 2957 aud
677 2892 797 2962 mbram
824 2894 878 2950 aab
901 2909 932 2964 qu
958 2907 1049 2961 epona
1074 2889 1191 2943 duorum
1216 2887 1318 2943 omusa
1341 2888 1464 2943 sirtille
1488 2888 1587 2956 ambs,
1607 2891 1635 2942 ri
1650 2891 1792 2960 loquimur

95 2977 229 3045 petissem
255 2978 375 3046 &datan
399 2977 558 3046 quonum,
582 2987 624 3034 too
649 2993 675 3036 st
699 2989 751 3035 oon
776 2981 818 3051 iit
839 2980 931 3051 udat,
958 2992 1106 3030 causarer
1134 2975 1362 3041 caronarum,
1390 2992 1446 3043 qua
1465 2975 1532 3038 aare·
1546 2975 1624 3042 tolet
1640 2984 1790 3045 praesenta
1872 3023 1875 3028 .

96 3064 164 3117 isan
190 3064 231 3117 ue
256 3063 331 3131 erus,
361 3064 455 3119 tatum
482 3063 528 3131 bat
552 3077 579 3119 ss
601 3078 638 3119 an
662 3064 751 3121 isiben
776 3066 930 3136 usitatiori.
958 3061 1066 3117 rama
1082 3064 1228 3116 sacerdote
1250 3068 1299 3115 aut
1319 3061 1403 3116 attam
1421 3060 1547 3124 notario,
1565 3061 1639 3116 sicut
1658 3063 1741 3117 aram
1760 3063 1790 3116 in

94 3148 476 3220 nortamptoniam
496 3151 634 3220 &dasena
653 3151 845 3221 anatomiam,
872 3155 932 3209 tatii
958 3149 1126 3220 quibudam
1150 3148 1220 3201 laar'r
1243 3145 1338 3200 aanor
1366 3147 1535 3212 observatur,
1554 3163 1651 3212 aarum
1680 3149 1790 3203 wasa

94 3234 129 3302 iit
147 3234 207 3302 nodi
227 3235 293 3304 sine
308 3236 406 3292 tituta
423 3235 463 3305 iit,
483 3237 577 3292 borum
596 3236 689 3306 foisse
705 3238 747 3292 ter
764 3239 862 3294 autern
877 3245 931 3296 aut
956 3236 1071 3289 tartum
1096 3233 1264 3288 interveniat
1290 3235 1326 3287 dt
1351 3234 1509 3304 armenii,
1541 3234 1583 3288 iia
1613 3237 1691 3304 quad
1719 3253 1791 3290 anm

92 3320 167 3377 tisis
190 3320 297 3391 asiaca
322 3321 377 3377 unt
395 3320 468 3376 ausu
489 3322 589 3377 anian
607 3324 730 3393 ustum,
756 3324 823 3380 ison
849 3327 883 3396 su
901 3327 931 3396 ἰῇ
957 3322 1078 3375 atterum
1103 3321 1133 3374 in
1159 3338 1239 3375 raum
1265 3327 1359 3374 mnus
1385 3336 1521 3374 comeam
1547 3321 1637 3374 vertis
1661 3338 1792 3392 mmerso

92 3406 142 3474 [ssi
157 3415 210 3462 oon
226 3406 296 3476 iim,
320 3406 380 3463 tuti!
406 3421 433 3461 m
456 3406 491 3476 fis
509 3407 636 3477 tetlaflsn
654 3411 700 3479 bat
720 3412 775 3466 unt
794 3409 840 3482 ᾕῴ
859 3410 929 3467 einer
956 3407 1073 3477 recipiat
1089 3411 1141 3463 etc.
1163 3420 1235 3476 quae
1252 3403 1345 3460 omnis
1363 3403 1527 3460 describunt
1545 3421 1601 3460 non
1617 3407 1694 3463 nuda
1710 3426 1792 3479 spon·

92 3493 194 3548 numm
212 3493 335 3562 asarota,
354 3493 411 3561 bod
431 3493 505 3560 toute
521 3507 581 3549 nan
599 3493 645 3565 ion
665 3495 763 3564 praten
779 3498 833 3552 aab
854 3498 929 3568 uiuis
957 3493 1038 3560 mia,
1074 3491 1123 3546 sed
1155 3490 1359 3545 matrimonium
1389 3495 1480 3545 ratum
1511 3491 1629 3563 nuptiali
1655 3509 1791 3549 consensu

91 3580 170 3647 osten
189 3580 269 3650 [offen
290 3581 335 3635 ta
351 3580 446 3650 “fimi
471 3581 522 3650 bob
543 3594 571 3636 ss
588 3582 639 3637 bas
658 3582 713 3652 aa
732 3583 854 3653 ouqsben
874 3586 929 3656 pat,
956 3579 1070 3643 initum,
1097 3577 1224 3650 quamvis
1248 3576 1349 3647 copula
1365 3577 1490 3632 nondum
1507 3577 1545 3632 sit
1562 3586 1791 3637 consummatum.

89 3663 216 3720 Eandem
246 3666 411 3721 sententiam
440 3665 579 3737 approbat
605 3667 750 3723 Mensores
780 3668 815 3725 de
846 3676 928 3741 nupt.
957 3670 980 3722 2.
1004 3664 1034 3721 Si
1062 3664 1095 3720 de
1114 3663 1289 3719 matrimonio
1311 3671 1376 3718 rato
1401 3664 1528 3735 quaestio
1549 3663 1722 3737 instituatur,
1754 3684 1791 3722 en

89 3768 157 3822 pag.
177 3757 218 3807 21.
237 3750 381 3822 Cypraeas
397 3750 433 3807 de
453 3768 546 3822 spons.
570 3770 637 3824 cap,
653 3759 693 3809 10.
713 3751 739 3829 ξ.
758 3761 800 3812 26.
819 3773 846 3826 p.
868 3761 928 3814 340,
956 3758 1069 3822 propter
1095 3750 1164 3805 illud
1195 3766 1313 3820 sequens
1341 3750 1547 3805 matrimonium
1573 3761 1791 3808 consummatum

88 3837 286 3910 Hemmingius
306 3838 341 3892 de
361 3837 472 3909 conjug.
491 3856 516 3909 p.
530 3842 589 3893 209.
606 3838 656 3893 ubi
674 3839 731 3895 duo
748 3846 831 3912 urget
846 3858 928 3913 argu-
955 3836 1193 3909 pronuntiandum
1212 3836 1249 3888 sit
1265 3835 1387 3899 irritum,
1406 3836 1586 3907 cogitapdum
1604 3838 1791 3907 prudentiori·

89 3929 200 3980 menta:
226 3929 249 3981 1.
275 3925 398 3978 lustitia
417 3924 550 3993 requirit,
575 3933 606 3978 ut
628 3925 678 3994 qai
697 3926 816 3981 alterum
836 3927 929 3996 lassu,
956 3923 1008 3979 bus
1028 3922 1165 3993 relinquo,
1184 3938 1219 3976 an
1233 3920 1367 3992 distingui
1384 3922 1472 3993 possit
1485 3921 1558 3978 inter
1575 3924 1702 3977 strictum
1711 3925 1791 3993 juris

89 4018 248 4080 compenset
273 4011 420 4080 injuriam.
468 4011 539 4064 Jam
560 4027 627 4065 asro
655 4013 812 4082 desponsae
838 4023 929 4084 potest
953 4011 1078 4080 riporum
1096 4014 1125 4064 et
1142 4009 1299 4073 latalaum,
1317 4009 1550 4079 quemadmodum
1564 4009 1792 4066 demetrimoniis

88 4097 225 4162 satisfieri
236 4097 351 4165 judicio
372 4098 505 4150 tonomsm
523 4098 661 4167 virorum,
686 4107 718 4152 ut
735 4118 792 4154 non
811 4118 928 4170 conqua-
954 4094 1150 4152 consummatis
1175 4095 1249 4148 citra
1275 4101 1428 4164 parantum
1455 4112 1617 4149 consensum
1641 4097 1790 4152 contractis

87 4192 173 4238 ratur
190 4185 226 4236 de
243 4182 354 4252 injuria
373 4183 429 4235 sibi
438 4183 526 4250 sacta
542 4184 579 4237 aa
599 4201 646 4248 so,
671 4186 719 4239 aa
729 4187 818 4255 fidam
838 4189 927 4256 dadis,
954 4181 1115 4236 dicebamus
1153 4180 1287 4251 superius.
1343 4179 1373 4235 si
1412 4180 1538 4235 strictum
1563 4181 1636 4252 juris
1670 4184 1790 4254 rigorem

88 4270 202 4325 etiamsi
229 4270 358 4322 incedat
386 4270 448 4338 ipss
476 4286 495 4324 a
516 4271 659 4338 pactione.
702 4272 817 4327 Duatas
837 4282 928 4327 autern
954 4269 1032 4340 sequi
1050 4283 1084 4323 ac
1101 4268 1238 4338 respicere
1256 4265 1380 4334 velimus,
1399 4265 1514 4321 dubium
1533 4268 1648 4334 nullum,
1667 4270 1735 4342 quin
1753 4271 1790 4327 ob

90 4359 204 4412 domum
223 4364 249 4409 et
265 4372 371 4425 passae
389 4355 550 4410 maritalem
562 4373 740 4425 conpressum
752 4367 820 4428 post
836 4360 926 4415 solen·
954 4354 1158 4411 matrimonium
1182 4359 1272 4408 ratum
1293 4353 1463 4423 praecedens
1486 4353 1593 4408 irritum
1611 4357 1790 4425 pronuntian-

88 4447 206 4499 nitatem
220 4445 383 4515 nuptiarum
402 4461 459 4498 non
472 4452 566 4513 potest
585 4445 733 4511 satisfiat,
757 4447 784 4500 si
800 4447 927 4501 dimitta-
954 4443 1020 4496 dum
1039 4441 1075 4495 sit
1092 4439 1279 4511 subsequens,
1306 4439 1433 4510 quamvis
1458 4440 1531 4495 enim
1558 4441 1636 4511 prius
1660 4443 1697 4497 sit
1719 4443 1788 4499 dun·

87 4539 137 4585 tur
154 4548 174 4583 a
189 4531 307 4600 marito,
325 4548 390 4585 nam
408 4531 559 4600 rirpinitas
575 4531 681 4584 amissa
698 4532 809 4585 restitui
825 4534 927 4602 nequit,
953 4534 1031 4582 taxat
1048 4534 1147 4593 ratum,
1164 4543 1220 4581 non
1238 4530 1331 4580 autem
1348 4533 1566 4581 consummatum
1584 4543 1634 4597 per
1650 4528 1789 4598 copulam,

89 4633 179 4685 neque
202 4616 355 4683 infamiam
380 4615 443 4670 uilo
466 4616 591 4686 pecunia
616 4624 726 4686 aequat.
775 4619 802 4671 2.
827 4618 927 4671 Minus
953 4620 1046 4669 tamen
1078 4611 1278 4667 consummatio
1310 4629 1360 4683 per
1387 4612 1514 4684 copulam
1548 4631 1604 4669 uon
1639 4613 1790 4672 introducit

87 4703 197 4756 maium
221 4709 350 4772 rsrpactu
375 4702 496 4771 maioris
523 4702 595 4755 mali
629 4702 760 4756 mnitatis
784 4706 927 4772 mandam
953 4699 1099 4756 essentiale
1135 4697 1248 4769 aliquod
1287 4698 1437 4754 discrimen
1475 4699 1548 4755 inter
1585 4701 1789 4758 matrimonium

89 4790 231 4844 rationem
258 4789 361 4843 babere
390 4787 517 4857 uidetur,
547 4789 640 4842 minor
662 4793 793 4860 profecto
817 4790 927 4859 injuria
953 4795 1047 4840 ratum
1069 4791 1097 4840 at
1117 4793 1349 4854 consuatmatum,
1376 4785 1426 4840 sed
1446 4792 1489 4841 est
1511 4790 1620 4841 tantum
1637 4804 1704 4842 usus
1724 4805 1789 4844 con-

88 4877 170 4930 cada
188 4875 303 4944 majori.
334 4875 418 4929 Nunc
433 4883 526 4929 numm
544 4876 637 4928 minor
657 4876 766 4945 injuria
784 4884 824 4930 ast
840 4878 927 4931 daca·
950 4873 1032 4945 jugii,
1051 4878 1084 4928 ut
1101 4872 1228 4943 superius
1245 4871 1340 4927 itidem
1362 4872 1514 4943 docuimus,
1533 4890 1566 4928 ac
1583 4875 1786 4933 matrimonium

88 4965 158 5016 aare
194 4979 214 5013 a
249 4961 383 5030 pactione
417 4961 581 5031 nuptiarum
612 4968 678 5014 ants
710 4971 926 5017 consummatum
953 4965 1045 5013 ratum
1066 4974 1159 5014 coram
1177 4957 1238 5013 Deo
1263 4973 1352 5028 aeque
1376 4958 1582 5014 matrimonium
1603 4968 1645 5017 est
1669 4978 1703 5017 ac
1724 4979 1787 5018 con·

87 5045 299 5101 matrimonium
312 5063 397 5115 piram
412 5053 479 5116 post
492 5054 709 5100 consummatum
722 5049 927 5104 matrimonium
953 5051 1128 5111 summatum,
1150 5061 1204 5115 qno
1221 5060 1304 5098 sensu
1321 5048 1351 5098 ct
1366 5053 1495 5115 respectu
1511 5046 1595 5101 etiam
1610 5054 1702 5102 ratum
1720 5049 1787 5104 dici-

89 5133 232 5200 deflorata
248 5132 357 5202 rirpine
373 5133 549 5186 matrimonii
563 5133 705 5187 uinculum
726 5133 841 5190 susara.
953 5139 1007 5188 tur.
1070 5131 1100 5188 si
1140 5147 1206 5195 vero
1241 5129 1339 5185 habita
1377 5131 1646 5188 circumstantiarum
1682 5134 1788 5190 rationo

125 5223 184 5274 oto.
220 5216 335 5289 Siquis
360 5225 455 5289 roget,
479 5217 524 5273 cui
543 5219 617 5288 parti
641 5218 775 5275 accedere
800 5220 925 5290 velimus,
952 5218 1101 5274 ἐπιείκειαν
1129 5215 1208 5288 sequi
1230 5215 1364 5284 velimus,
1392 5225 1463 5287 puta
1493 5217 1518 5272 si
1542 5220 1679 5297 posterius
1695 5221 1788 5275 matri·

88 5321 154 5360 cum
174 5303 285 5374 plurimi
302 5310 336 5359 ut
353 5305 383 5359 in
401 5321 431 5359 re
448 5305 568 5359 mamma
587 5303 673 5359 dubia
688 5304 758 5359 nihil
775 5305 843 5360 certi
861 5324 925 5362 con·
951 5304 1073 5359 monium
1090 5303 1196 5376 absque
1213 5319 1320 5357 summo
1338 5302 1472 5357 scandalo
1485 5303 1597 5360 dissolvi
1615 5312 1742 5378 nequeat,
1763 5307 1786 5361 si

87 5389 205 5445 cludant
222 5388 389 5460 (Chytraeus
414 5390 445 5445 in
463 5407 559 5445 comm.
579 5389 668 5448 Lerit.
693 5407 719 5444 c.
740 5397 778 5447 18.
797 5390 844 5447 fot
866 5397 924 5448 ³87.
951 5391 1010 5447 uati
1025 5408 1059 5446 ex
1076 5408 1109 5446 eo
1128 5389 1223 5460 liberi,
1240 5390 1265 5445 si
1282 5407 1332 5460 per
1349 5388 1456 5460 aliquot
1475 5406 1563 5445 annos
1581 5392 1743 5458 comtiterit,
1761 5393 1785 5448 si
1879 5383 1881 5388 ⁸

89 5475 184 5532 etalii
206 5476 234 5531 iu
254 5477 349 5532 consil.
368 5478 487 5537 matrim.
507 5480 597 5532 Germ.
619 5480 662 5546 2.),
683 5477 802 5534 breviter
820 5479 925 5550 absque
952 5494 1054 5550 sponsa
1067 5485 1178 5534 recuset
1190 5493 1223 5532 ac
1237 5479 1372 5533 dementat
1383 5476 1589 5549 recipereeum,
1608 5478 1656 5548 qui
1671 5479 1786 5535 alteram

88 5562 150 5619 ullo
187 5562 313 5618 veritatis
351 5569 380 5620 et
414 5554 551 5620 ulterioris
581 5563 720 5636 indaginis
755 5566 924 5638 praejudicio
953 5564 1044 5629 duxit,
1070 5564 1095 5618 si
1112 5565 1174 5635 ipsa
1193 5581 1304 5636 quoque
1320 5563 1398 5620 alteri
1419 5563 1545 5639 nupserit
1564 5570 1616 5624 etc.
1636 5564 1676 5621 ibi
1693 5567 1786 5624 matri·
