<?xml version="1.0" encoding="UTF-8"?>
<!DOCTYPE html PUBLIC "-//W3C//DTD XHTML 1.0 Transitional//EN"
    "http://www.w3.org/TR/xhtml1/DTD/xhtml1-transitional.dtd">
<html xmlns="http://www.w3.org/1999/xhtml" xml:lang="en" lang="en">
 <head>
  <title>
</title>
<meta http-equiv="Content-Type" content="text/html;charset=utf-8" />
  <meta name='ocr-system' content='tesseract 3.04.00' />
  <meta name='ocr-capabilities' content='ocr_page ocr_carea ocr_par ocr_line ocrx_word'/>
</head>
<body>
  <div class='ocr_page' id='page_1' title='image "./locitheologicit01gerhgoog/locitheologicit01gerhgoog_0066.png"; bbox 0 0 4020 6022; ppageno 0'>
   <div class='ocr_carea' id='block_1_1' title="bbox 809 362 1787 438">
    <p class='ocr_par' dir='ltr' id='par_1_1' title="bbox 809 362 1787 438">
     <span class='ocr_line' id='line_1_1' title="bbox 809 362 1787 438; baseline 0.001 -17"><span class='ocrx_word' id='word_1_1' title='bbox 809 362 1076 424; x_wconf 82' lang='grc'><strong>2222222222.</strong></span> <span class='ocrx_word' id='word_1_2' title='bbox 1748 382 1787 438; x_wconf 80' lang='lat' dir='ltr'>m</span> 
     </span>
    </p>
   </div>
   <div class='ocr_carea' id='block_1_2' title="bbox 37 504 1904 5653">
    <p class='ocr_par' dir='ltr' id='par_1_2' title="bbox 37 504 1904 5653">
     <span class='ocr_line' id='line_1_2' title="bbox 90 504 1789 596; baseline 0.009 -30"><span class='ocrx_word' id='word_1_3' title='bbox 90 513 159 582; x_wconf 83' lang='lat' dir='ltr'>ipse,</span> <span class='ocrx_word' id='word_1_4' title='bbox 177 531 229 568; x_wconf 85' lang='lat' dir='ltr'><strong>nec</strong></span> <span class='ocrx_word' id='word_1_5' title='bbox 248 518 410 583; x_wconf 71' lang='lat' dir='ltr'>eronpetico</span> <span class='ocrx_word' id='word_1_6' title='bbox 422 526 473 571; x_wconf 87' lang='lat' dir='ltr'><strong>aut</strong></span> <span class='ocrx_word' id='word_1_7' title='bbox 488 520 644 586; x_wconf 83' lang='lat' dir='ltr'>apostolica</span> <span class='ocrx_word' id='word_1_8' title='bbox 659 521 800 576; x_wconf 80' lang='lat' dir='ltr'>doctrino.</span> <span class='ocrx_word' id='word_1_9' title='bbox 813 519 842 574; x_wconf 92' lang='grc'><strong>12</strong></span> <span class='ocrx_word' id='word_1_10' title='bbox 862 518 925 574; x_wconf 87' lang='lat' dir='ltr'><strong>libr.</strong></span> <span class='ocrx_word' id='word_1_11' title='bbox 938 504 942 587; x_wconf 72' lang='grc'><strong>,1</strong></span> <span class='ocrx_word' id='word_1_12' title='bbox 955 534 1003 574; x_wconf 88' lang='lat' dir='ltr'><strong>rae</strong></span> <span class='ocrx_word' id='word_1_13' title='bbox 1020 519 1083 592; x_wconf 78' lang='lat' dir='ltr'>lego</span> <span class='ocrx_word' id='word_1_14' title='bbox 1099 537 1264 591; x_wconf 75' lang='lat' dir='ltr'><strong>promanans</strong></span> <span class='ocrx_word' id='word_1_15' title='bbox 1284 521 1476 587; x_wconf 67' lang='lat' dir='ltr'>conculcatum</span> <span class='ocrx_word' id='word_1_16' title='bbox 1495 528 1518 579; x_wconf 82' lang='lat'><strong>⁸.</strong></span> <span class='ocrx_word' id='word_1_17' title='bbox 1538 523 1615 596; x_wconf 79' lang='lat' dir='ltr'>leges</span> <span class='ocrx_word' id='word_1_18' title='bbox 1626 525 1723 581; x_wconf 85' lang='grc'><strong>2121122</strong></span> <span class='ocrx_word' id='word_1_19' title='bbox 1742 527 1789 582; x_wconf 89' lang='lat' dir='ltr'><strong>de·</strong></span> 
     </span>
     <span class='ocr_line' id='line_1_3' title="bbox 91 592 1788 680; baseline 0.006 -25"><span class='ocrx_word' id='word_1_20' title='bbox 91 600 126 657; x_wconf 82' lang='grc'><strong>12</strong></span> <span class='ocrx_word' id='word_1_21' title='bbox 147 600 234 656; x_wconf 72' lang='lat' dir='ltr'>ment.</span> <span class='ocrx_word' id='word_1_22' title='bbox 253 600 355 656; x_wconf 77' lang='lat' dir='ltr'>chrm.</span> <span class='ocrx_word' id='word_1_23' title='bbox 374 604 507 659; x_wconf 75' lang='lat' dir='ltr'>marrim:</span> <span class='ocrx_word' id='word_1_24' title='bbox 526 606 646 658; x_wconf 70' lang='grc'><strong>1221222</strong></span> <span class='ocrx_word' id='word_1_25' title='bbox 666 606 768 674; x_wconf 74' lang='lat' dir='ltr'>opinor</span> <span class='ocrx_word' id='word_1_26' title='bbox 787 606 817 660; x_wconf 77' lang='grc'><strong>2.</strong></span> <span class='ocrx_word' id='word_1_27' title='bbox 836 592 941 658; x_wconf 67' lang='lat' dir='ltr'>sacro!</span> <span class='ocrx_word' id='word_1_28' title='bbox 954 605 1063 674; x_wconf 72' lang='lat' dir='ltr'>spretui</span> <span class='ocrx_word' id='word_1_29' title='bbox 1081 604 1233 676; x_wconf 62' lang='lat' dir='ltr'>hubonem</span> <span class='ocrx_word' id='word_1_30' title='bbox 1252 613 1278 663; x_wconf 89' lang='grc'><strong>2.</strong></span> <span class='ocrx_word' id='word_1_31' title='bbox 1297 608 1327 662; x_wconf 84' lang='lat' dir='ltr'><strong>id</strong></span> <span class='ocrx_word' id='word_1_32' title='bbox 1346 608 1422 678; x_wconf 83' lang='lat' dir='ltr'>quod</span> <span class='ocrx_word' id='word_1_33' title='bbox 1438 609 1512 663; x_wconf 78' lang='lat' dir='ltr'>snm</span> <span class='ocrx_word' id='word_1_34' title='bbox 1531 611 1611 680; x_wconf 76' lang='lat' dir='ltr'>pejus</span> <span class='ocrx_word' id='word_1_35' title='bbox 1629 616 1672 666; x_wconf 81' lang='lat' dir='ltr'><strong>sn</strong></span> <span class='ocrx_word' id='word_1_36' title='bbox 1688 628 1722 666; x_wconf 78' lang='grc'><strong>22</strong></span> <span class='ocrx_word' id='word_1_37' title='bbox 1741 612 1788 666; x_wconf 73' lang='lat' dir='ltr'>de</span> 
     </span>
     <span class='ocr_line' id='line_1_4' title="bbox 90 676 1787 765; baseline 0.007 -26"><span class='ocrx_word' id='word_1_38' title='bbox 90 685 182 739; x_wconf 84' lang='lat' dir='ltr'>ls&#39;ters&#39;s</span> <span class='ocrx_word' id='word_1_39' title='bbox 202 688 357 756; x_wconf 70' lang='lat' dir='ltr'>exemplum</span> <span class='ocrx_word' id='word_1_40' title='bbox 375 689 509 752; x_wconf 81' lang='lat' dir='ltr'>inueniri,</span> <span class='ocrx_word' id='word_1_41' title='bbox 535 676 745 757; x_wconf 69' lang='lat' dir='ltr'>filiusfamilias</span> <span class='ocrx_word' id='word_1_42' title='bbox 768 698 818 743; x_wconf 85' lang='lat' dir='ltr'><strong>unt</strong></span> <span class='ocrx_word' id='word_1_43' title='bbox 831 690 928 760; x_wconf 85' lang='lat' dir='ltr'>pupil-</span> <span class='ocrx_word' id='word_1_44' title='bbox 953 690 1048 758; x_wconf 79' lang='lat' dir='ltr'>terius,</span> <span class='ocrx_word' id='word_1_45' title='bbox 1063 692 1171 761; x_wconf 87' lang='lat' dir='ltr'>justum</span> <span class='ocrx_word' id='word_1_46' title='bbox 1186 694 1394 763; x_wconf 60' lang='lat' dir='ltr'>pronuntiatum</span> <span class='ocrx_word' id='word_1_47' title='bbox 1410 699 1450 750; x_wconf 86' lang='lat'><strong>10.</strong></span> <span class='ocrx_word' id='word_1_48' title='bbox 1462 695 1537 765; x_wconf 85' lang='lat' dir='ltr'>quod</span> <span class='ocrx_word' id='word_1_49' title='bbox 1551 711 1688 752; x_wconf 83' lang='grc'><strong>20222222</strong></span> <span class='ocrx_word' id='word_1_50' title='bbox 1701 697 1787 751; x_wconf 84' lang='grc'><strong>22221-</strong></span> 
     </span>
     <span class='ocr_line' id='line_1_5' title="bbox 91 772 1790 850; baseline 0.006 -23"><span class='ocrx_word' id='word_1_51' title='bbox 91 772 133 827; x_wconf 86' lang='grc'><strong>122</strong></span> <span class='ocrx_word' id='word_1_52' title='bbox 152 773 227 826; x_wconf 83' lang='lat' dir='ltr'>cium</span> <span class='ocrx_word' id='word_1_53' title='bbox 245 773 298 843; x_wconf 85' lang='lat' dir='ltr'>iis,</span> <span class='ocrx_word' id='word_1_54' title='bbox 322 774 353 827; x_wconf 86' lang='lat' dir='ltr'><strong>in</strong></span> <span class='ocrx_word' id='word_1_55' title='bbox 369 791 487 843; x_wconf 74' lang='lat' dir='ltr'>quorum</span> <span class='ocrx_word' id='word_1_56' title='bbox 504 783 641 844; x_wconf 86' lang='lat' dir='ltr'>potsetute</span> <span class='ocrx_word' id='word_1_57' title='bbox 658 783 735 842; x_wconf 82' lang='grc'><strong>2222,</strong></span> <span class='ocrx_word' id='word_1_58' title='bbox 753 777 927 831; x_wconf 69' lang='lat' dir='ltr'>contrariom</span> <span class='ocrx_word' id='word_1_59' title='bbox 954 792 1000 828; x_wconf 89' lang='lat' dir='ltr'><strong>um</strong></span> <span class='ocrx_word' id='word_1_60' title='bbox 1020 777 1145 847; x_wconf 80' lang='lat' dir='ltr'>gentium</span> <span class='ocrx_word' id='word_1_61' title='bbox 1164 777 1324 833; x_wconf 83' lang='lat' dir='ltr'>damnatum</span> <span class='ocrx_word' id='word_1_62' title='bbox 1330 818 1338 846; x_wconf 87' lang='lat'>,</span> <span class='ocrx_word' id='word_1_63' title='bbox 1361 779 1549 850; x_wconf 61' lang='lat' dir='ltr'>approbatum</span> <span class='ocrx_word' id='word_1_64' title='bbox 1570 786 1609 838; x_wconf 89' lang='grc'><strong>11.</strong></span> <span class='ocrx_word' id='word_1_65' title='bbox 1634 780 1663 836; x_wconf 90' lang='grc'><strong>12</strong></span> <span class='ocrx_word' id='word_1_66' title='bbox 1681 799 1790 837; x_wconf 81' lang='lat' dir='ltr'>summu</span> 
     </span>
     <span class='ocr_line' id='line_1_6' title="bbox 90 859 1789 936; baseline 0.005 -24"><span class='ocrx_word' id='word_1_67' title='bbox 90 859 315 923; x_wconf 65' lang='lat' dir='ltr'><strong>matrimonium,</strong></span> <span class='ocrx_word' id='word_1_68' title='bbox 334 861 488 928; x_wconf 71' lang='grc'><strong>2222122212</strong></span> <span class='ocrx_word' id='word_1_69' title='bbox 504 861 725 917; x_wconf 77' lang='lat' dir='ltr'>reclamantibus</span> <span class='ocrx_word' id='word_1_70' title='bbox 747 862 879 919; x_wconf 80' lang='lat' dir='ltr'>volucrit.</span> <span class='ocrx_word' id='word_1_71' title='bbox 898 862 927 916; x_wconf 90' lang='lat' dir='ltr'><strong>iu</strong></span> <span class='ocrx_word' id='word_1_72' title='bbox 953 859 1789 936; x_wconf 70' lang='grc' dir='ltr'><strong>22122221222111222212212221222222112122222ς12222·</strong></span> 
     </span>
     <span class='ocr_line' id='line_1_7' title="bbox 89 944 1788 1023; baseline 0.005 -24"><span class='ocrx_word' id='word_1_73' title='bbox 89 949 227 1001; x_wconf 82' lang='grc'><strong>222221.</strong></span> <span class='ocrx_word' id='word_1_74' title='bbox 251 944 313 1001; x_wconf 82' lang='lat' dir='ltr'>eor.</span> <span class='ocrx_word' id='word_1_75' title='bbox 326 961 352 1001; x_wconf 89' lang='lat' dir='ltr'>e.</span> <span class='ocrx_word' id='word_1_76' title='bbox 373 951 396 1000; x_wconf 85' lang='grc'><strong>1.</strong></span> <span class='ocrx_word' id='word_1_77' title='bbox 415 961 478 1017; x_wconf 83' lang='lat' dir='ltr'>pag.</span> <span class='ocrx_word' id='word_1_78' title='bbox 503 950 570 1002; x_wconf 78' lang='grc'><strong>3242</strong></span> <span class='ocrx_word' id='word_1_79' title='bbox 591 946 681 1000; x_wconf 82' lang='lat' dir='ltr'>Sentit</span> <span class='ocrx_word' id='word_1_80' title='bbox 700 947 812 1000; x_wconf 79' lang='lat' dir='ltr'>Pontus</span> <span class='ocrx_word' id='word_1_81' title='bbox 830 951 928 1017; x_wconf 85' lang='lat' dir='ltr'>depo·</span> <span class='ocrx_word' id='word_1_82' title='bbox 953 944 1086 1001; x_wconf 72' lang='lat' dir='ltr'>scientim</span> <span class='ocrx_word' id='word_1_83' title='bbox 1112 948 1264 1019; x_wconf 82' lang='lat' dir='ltr'>conjugum</span> <span class='ocrx_word' id='word_1_84' title='bbox 1290 948 1387 1002; x_wconf 87' lang='lat' dir='ltr'>misere</span> <span class='ocrx_word' id='word_1_85' title='bbox 1409 949 1613 1020; x_wconf 80' lang='lat' dir='ltr'>illaqueantur,</span> <span class='ocrx_word' id='word_1_86' title='bbox 1641 951 1709 1023; x_wconf 79' lang='lat' dir='ltr'>quis</span> <span class='ocrx_word' id='word_1_87' title='bbox 1732 969 1788 1007; x_wconf 90' lang='lat' dir='ltr'><strong>nou</strong></span> 
     </span>
     <span class='ocr_line' id='line_1_8' title="bbox 89 1029 1786 1106; baseline 0.006 -22"><span class='ocrx_word' id='word_1_88' title='bbox 89 1030 214 1084; x_wconf 81' lang='grc'><strong>2222212222</strong></span> <span class='ocrx_word' id='word_1_89' title='bbox 244 1029 416 1084; x_wconf 75' lang='lat' dir='ltr'>elucentibus</span> <span class='ocrx_word' id='word_1_90' title='bbox 446 1039 563 1099; x_wconf 73' lang='lat' dir='ltr'>mcptum</span> <span class='ocrx_word' id='word_1_91' title='bbox 590 1031 680 1096; x_wconf 74' lang='grc'><strong>111122,</strong></span> <span class='ocrx_word' id='word_1_92' title='bbox 711 1033 786 1087; x_wconf 81' lang='lat' dir='ltr'>citra</span> <span class='ocrx_word' id='word_1_93' title='bbox 810 1050 928 1102; x_wconf 77' lang='lat' dir='ltr'>pecorum</span> <span class='ocrx_word' id='word_1_94' title='bbox 953 1039 1070 1101; x_wconf 88' lang='lat' dir='ltr'>possunt</span> <span class='ocrx_word' id='word_1_95' title='bbox 1088 1040 1218 1100; x_wconf 84' lang='lat' dir='ltr'>statuere,</span> <span class='ocrx_word' id='word_1_96' title='bbox 1238 1053 1269 1090; x_wconf 91' lang='lat' dir='ltr'><strong>se</strong></span> <span class='ocrx_word' id='word_1_97' title='bbox 1287 1035 1420 1090; x_wconf 83' lang='lat' dir='ltr'>divinitus</span> <span class='ocrx_word' id='word_1_98' title='bbox 1438 1037 1600 1106; x_wconf 78' lang='lat' dir='ltr'>conjunctos</span> <span class='ocrx_word' id='word_1_99' title='bbox 1618 1054 1688 1105; x_wconf 85' lang='lat' dir='ltr'>esse,</span> <span class='ocrx_word' id='word_1_100' title='bbox 1709 1037 1786 1094; x_wconf 90' lang='lat' dir='ltr'>ideo-</span> 
     </span>
     <span class='ocr_line' id='line_1_9' title="bbox 90 1117 1789 1189; baseline 0.006 -19"><span class='ocrx_word' id='word_1_101' title='bbox 90 1117 287 1171; x_wconf 72' lang='lat' dir='ltr'>mmortmm</span> <span class='ocrx_word' id='word_1_102' title='bbox 305 1133 363 1170; x_wconf 88' lang='lat' dir='ltr'><strong>non</strong></span> <span class='ocrx_word' id='word_1_103' title='bbox 382 1125 444 1172; x_wconf 88' lang='lat' dir='ltr'>erat</span> <span class='ocrx_word' id='word_1_104' title='bbox 460 1126 542 1171; x_wconf 79' lang='lat' dir='ltr'>ratur</span> <span class='ocrx_word' id='word_1_105' title='bbox 565 1119 739 1173; x_wconf 79' lang='lat' dir='ltr'>matrimonii</span> <span class='ocrx_word' id='word_1_106' title='bbox 761 1128 929 1189; x_wconf 76' lang='grc'><strong>2222222222,</strong></span> <span class='ocrx_word' id='word_1_107' title='bbox 954 1134 1009 1188; x_wconf 90' lang='lat' dir='ltr'><strong>qus</strong></span> <span class='ocrx_word' id='word_1_108' title='bbox 1041 1119 1069 1172; x_wconf 88' lang='lat' dir='ltr'><strong>iu</strong></span> <span class='ocrx_word' id='word_1_109' title='bbox 1094 1120 1217 1176; x_wconf 70' lang='lat' dir='ltr'>adverus</span> <span class='ocrx_word' id='word_1_110' title='bbox 1242 1121 1430 1176; x_wconf 87' lang='lat' dir='ltr'>destituuntur</span> <span class='ocrx_word' id='word_1_111' title='bbox 1455 1121 1545 1177; x_wconf 81' lang='lat' dir='ltr'>solida</span> <span class='ocrx_word' id='word_1_112' title='bbox 1569 1139 1604 1178; x_wconf 88' lang='lat' dir='ltr'><strong>ao</strong></span> <span class='ocrx_word' id='word_1_113' title='bbox 1629 1124 1789 1179; x_wconf 81' lang='grc'><strong>2222222212</strong></span> 
     </span>
     <span class='ocr_line' id='line_1_10' title="bbox 90 1203 1788 1279; baseline 0.005 -23"><span class='ocrx_word' id='word_1_114' title='bbox 90 1205 167 1273; x_wconf 71' lang='lat' dir='ltr'>ruod</span> <span class='ocrx_word' id='word_1_115' title='bbox 186 1203 294 1257; x_wconf 75' lang='lat' dir='ltr'>minum</span> <span class='ocrx_word' id='word_1_116' title='bbox 313 1210 340 1257; x_wconf 90' lang='lat' dir='ltr'><strong>et</strong></span> <span class='ocrx_word' id='word_1_117' title='bbox 358 1203 402 1257; x_wconf 85' lang='grc'><strong>212</strong></span> <span class='ocrx_word' id='word_1_118' title='bbox 421 1204 591 1273; x_wconf 78' lang='lat' dir='ltr'>temporibus</span> <span class='ocrx_word' id='word_1_119' title='bbox 606 1213 776 1273; x_wconf 83' lang='lat' dir='ltr'>seruaretur,</span> <span class='ocrx_word' id='word_1_120' title='bbox 799 1222 927 1274; x_wconf 81' lang='lat' dir='ltr'>praescr-</span> <span class='ocrx_word' id='word_1_121' title='bbox 952 1203 1148 1261; x_wconf 76' lang='lat' dir='ltr'>consolatione.</span> <span class='ocrx_word' id='word_1_122' title='bbox 1182 1205 1259 1278; x_wconf 77' lang='lat' dir='ltr'>Ergo</span> <span class='ocrx_word' id='word_1_123' title='bbox 1281 1206 1414 1278; x_wconf 82' lang='lat' dir='ltr'>conjugia</span> <span class='ocrx_word' id='word_1_124' title='bbox 1438 1206 1588 1263; x_wconf 86' lang='lat' dir='ltr'>liberorum</span> <span class='ocrx_word' id='word_1_125' title='bbox 1606 1208 1666 1265; x_wconf 90' lang='lat' dir='ltr'>sins</span> <span class='ocrx_word' id='word_1_126' title='bbox 1689 1225 1788 1279; x_wconf 88' lang='lat' dir='ltr'>paren·</span> 
     </span>
     <span class='ocr_line' id='line_1_11' title="bbox 89 1288 1788 1365; baseline 0.004 -22"><span class='ocrx_word' id='word_1_127' title='bbox 89 1289 138 1343; x_wconf 85' lang='grc'><strong>21222</strong></span> <span class='ocrx_word' id='word_1_128' title='bbox 157 1289 190 1343; x_wconf 87' lang='lat' dir='ltr'><strong>in</strong></span> <span class='ocrx_word' id='word_1_129' title='bbox 207 1305 242 1342; x_wconf 87' lang='lat' dir='ltr'>eo</span> <span class='ocrx_word' id='word_1_130' title='bbox 259 1295 359 1358; x_wconf 79' lang='lat' dir='ltr'>aetate,</span> <span class='ocrx_word' id='word_1_131' title='bbox 379 1288 426 1342; x_wconf 86' lang='lat' dir='ltr'><strong>cui</strong></span> <span class='ocrx_word' id='word_1_132' title='bbox 442 1290 566 1344; x_wconf 84' lang='lat' dir='ltr'>nondum</span> <span class='ocrx_word' id='word_1_133' title='bbox 585 1291 657 1344; x_wconf 84' lang='grc'><strong>22212</strong></span> <span class='ocrx_word' id='word_1_134' title='bbox 676 1297 784 1345; x_wconf 85' lang='lat' dir='ltr'>constat</span> <span class='ocrx_word' id='word_1_135' title='bbox 800 1291 844 1345; x_wconf 87' lang='grc'><strong>221</strong></span> <span class='ocrx_word' id='word_1_136' title='bbox 862 1309 926 1345; x_wconf 90' lang='lat' dir='ltr'>eon-</span> <span class='ocrx_word' id='word_1_137' title='bbox 952 1294 1012 1342; x_wconf 86' lang='lat' dir='ltr'><strong>tum</strong></span> <span class='ocrx_word' id='word_1_138' title='bbox 1030 1306 1166 1346; x_wconf 87' lang='lat' dir='ltr'>consensu</span> <span class='ocrx_word' id='word_1_139' title='bbox 1182 1298 1325 1347; x_wconf 82' lang='lat' dir='ltr'>eontrseta</span> <span class='ocrx_word' id='word_1_140' title='bbox 1342 1293 1482 1348; x_wconf 81' lang='lat' dir='ltr'>censenda</span> <span class='ocrx_word' id='word_1_141' title='bbox 1498 1300 1564 1348; x_wconf 88' lang='lat' dir='ltr'>sunt</span> <span class='ocrx_word' id='word_1_142' title='bbox 1580 1293 1728 1365; x_wconf 77' lang='lat' dir='ltr'>illegitima</span> <span class='ocrx_word' id='word_1_143' title='bbox 1745 1299 1788 1349; x_wconf 76' lang='lat' dir='ltr'><strong>st·</strong></span> 
     </span>
     <span class='ocr_line' id='line_1_12' title="bbox 88 1374 1789 1450; baseline 0.003 -22"><span class='ocrx_word' id='word_1_144' title='bbox 88 1375 194 1439; x_wconf 75' lang='lat' dir='ltr'>sitirem,</span> <span class='ocrx_word' id='word_1_145' title='bbox 219 1376 264 1429; x_wconf 86' lang='grc'><strong>221</strong></span> <span class='ocrx_word' id='word_1_146' title='bbox 286 1375 434 1443; x_wconf 72' lang='lat' dir='ltr'>iudicium.</span> <span class='ocrx_word' id='word_1_147' title='bbox 472 1374 606 1432; x_wconf 83' lang='lat' dir='ltr'>Ludoric.</span> <span class='ocrx_word' id='word_1_148' title='bbox 635 1374 718 1432; x_wconf 79' lang='lat' dir='ltr'>Vires</span> <span class='ocrx_word' id='word_1_149' title='bbox 748 1375 778 1430; x_wconf 91' lang='lat' dir='ltr'><strong>in</strong></span> <span class='ocrx_word' id='word_1_150' title='bbox 802 1375 863 1431; x_wconf 84' lang='lat' dir='ltr'>libr.</span> <span class='ocrx_word' id='word_1_151' title='bbox 890 1375 926 1430; x_wconf 90' lang='lat' dir='ltr'><strong>de</strong></span> <span class='ocrx_word' id='word_1_152' title='bbox 952 1390 1006 1443; x_wconf 90' lang='lat' dir='ltr'><strong>que</strong></span> <span class='ocrx_word' id='word_1_153' title='bbox 1021 1374 1107 1432; x_wconf 78' lang='lat' dir='ltr'>irritu</span> <span class='ocrx_word' id='word_1_154' title='bbox 1142 1376 1274 1433; x_wconf 76' lang='grc'><strong>82222122</strong></span> <span class='ocrx_word' id='word_1_155' title='bbox 1291 1384 1362 1447; x_wconf 82' lang='lat' dir='ltr'>part.</span> <span class='ocrx_word' id='word_1_156' title='bbox 1384 1385 1410 1434; x_wconf 98' lang='grc'><strong>2.</strong></span> <span class='ocrx_word' id='word_1_157' title='bbox 1424 1378 1460 1434; x_wconf 92' lang='lat' dir='ltr'><strong>de</strong></span> <span class='ocrx_word' id='word_1_158' title='bbox 1478 1386 1559 1434; x_wconf 83' lang='lat' dir='ltr'>matr.</span> <span class='ocrx_word' id='word_1_159' title='bbox 1579 1397 1603 1436; x_wconf 88' lang='grc'><strong>2.</strong></span> <span class='ocrx_word' id='word_1_160' title='bbox 1620 1386 1663 1436; x_wconf 80' lang='grc'><strong>42.</strong></span> <span class='ocrx_word' id='word_1_161' title='bbox 1680 1397 1709 1450; x_wconf 85' lang='lat' dir='ltr'><strong>p.</strong></span> <span class='ocrx_word' id='word_1_162' title='bbox 1727 1384 1789 1435; x_wconf 81' lang='grc'><strong>212.</strong></span> 
     </span>
     <span class='ocr_line' id='line_1_13' title="bbox 90 1458 1786 1534; baseline 0.001 -17"><span class='ocrx_word' id='word_1_163' title='bbox 90 1459 165 1517; x_wconf 79' lang='lat' dir='ltr'>offic.</span> <span class='ocrx_word' id='word_1_164' title='bbox 182 1459 289 1517; x_wconf 75' lang='lat' dir='ltr'>multi:</span> <span class='ocrx_word' id='word_1_165' title='bbox 328 1460 425 1514; x_wconf 83' lang='lat' dir='ltr'>Vetere</span> <span class='ocrx_word' id='word_1_166' title='bbox 443 1461 545 1513; x_wconf 85' lang='lat' dir='ltr'>omnio</span> <span class='ocrx_word' id='word_1_167' title='bbox 572 1461 707 1530; x_wconf 78' lang='lat' dir='ltr'>conjupiu</span> <span class='ocrx_word' id='word_1_168' title='bbox 725 1461 870 1530; x_wconf 79' lang='lat' dir='ltr'>prutilium</span> <span class='ocrx_word' id='word_1_169' title='bbox 890 1477 925 1513; x_wconf 87' lang='lat' dir='ltr'><strong>oc</strong></span> <span class='ocrx_word' id='word_1_170' title='bbox 951 1459 992 1513; x_wconf 88' lang='lat' dir='ltr'><strong>sie</strong></span> <span class='ocrx_word' id='word_1_171' title='bbox 1011 1458 1109 1514; x_wconf 80' lang='lat' dir='ltr'>infun:</span> <span class='ocrx_word' id='word_1_172' title='bbox 1129 1461 1164 1516; x_wconf 78' lang='lat' dir='ltr'><strong>Si</strong></span> <span class='ocrx_word' id='word_1_173' title='bbox 1180 1463 1363 1517; x_wconf 80' lang='lat' dir='ltr'>matrimonio</span> <span class='ocrx_word' id='word_1_174' title='bbox 1381 1464 1426 1519; x_wconf 84' lang='grc'><strong>221</strong></span> <span class='ocrx_word' id='word_1_175' title='bbox 1442 1465 1591 1534; x_wconf 78' lang='lat' dir='ltr'>sponsalia</span> <span class='ocrx_word' id='word_1_176' title='bbox 1606 1465 1667 1519; x_wconf 85' lang='grc'><strong>21222</strong></span> <span class='ocrx_word' id='word_1_177' title='bbox 1681 1481 1786 1534; x_wconf 82' lang='lat' dir='ltr'>parere·</span> 
     </span>
     <span class='ocr_line' id='line_1_14' title="bbox 89 1545 1784 1620; baseline 0.001 -18"><span class='ocrx_word' id='word_1_178' title='bbox 89 1548 267 1603; x_wconf 71' lang='lat' dir='ltr'>tartarorum</span> <span class='ocrx_word' id='word_1_179' title='bbox 293 1545 337 1599; x_wconf 85' lang='lat' dir='ltr'><strong>itu</strong></span> <span class='ocrx_word' id='word_1_180' title='bbox 362 1547 503 1600; x_wconf 88' lang='lat' dir='ltr'>coierunt:</span> <span class='ocrx_word' id='word_1_181' title='bbox 528 1553 662 1616; x_wconf 84' lang='lat' dir='ltr'>purentee</span> <span class='ocrx_word' id='word_1_182' title='bbox 685 1564 739 1601; x_wconf 81' lang='grc'><strong>2222</strong></span> <span class='ocrx_word' id='word_1_183' title='bbox 756 1547 925 1601; x_wconf 77' lang='lat' dir='ltr'>armtoritnte</span> <span class='ocrx_word' id='word_1_184' title='bbox 951 1551 1008 1599; x_wconf 82' lang='lat' dir='ltr'><strong>tum</strong></span> <span class='ocrx_word' id='word_1_185' title='bbox 1027 1563 1162 1601; x_wconf 82' lang='grc'><strong>2222222222</strong></span> <span class='ocrx_word' id='word_1_186' title='bbox 1178 1555 1325 1603; x_wconf 82' lang='lat' dir='ltr'>contractu</span> <span class='ocrx_word' id='word_1_187' title='bbox 1345 1551 1476 1605; x_wconf 80' lang='lat' dir='ltr'>deberem</span> <span class='ocrx_word' id='word_1_188' title='bbox 1492 1551 1604 1614; x_wconf 81' lang='grc'><strong>222222,</strong></span> <span class='ocrx_word' id='word_1_189' title='bbox 1624 1558 1784 1620; x_wconf 73' lang='lat' dir='ltr'>sequeretur</span> 
     </span>
     <span class='ocr_line' id='line_1_15' title="bbox 88 1631 1786 1704; baseline -0.001 -15"><span class='ocrx_word' id='word_1_190' title='bbox 88 1634 221 1700; x_wconf 71' lang='lat' dir='ltr'>utrinque</span> <span class='ocrx_word' id='word_1_191' title='bbox 236 1648 295 1685; x_wconf 88' lang='lat' dir='ltr'><strong>rem</strong></span> <span class='ocrx_word' id='word_1_192' title='bbox 312 1631 513 1701; x_wconf 77' lang='lat' dir='ltr'>troneipebant,</span> <span class='ocrx_word' id='word_1_193' title='bbox 531 1632 629 1687; x_wconf 84' lang='lat' dir='ltr'>liberis</span> <span class='ocrx_word' id='word_1_194' title='bbox 649 1634 733 1697; x_wconf 78' lang='lat' dir='ltr'>nesus</span> <span class='ocrx_word' id='word_1_195' title='bbox 752 1639 816 1687; x_wconf 86' lang='lat' dir='ltr'>erat</span> <span class='ocrx_word' id='word_1_196' title='bbox 832 1632 870 1689; x_wconf 80' lang='lat' dir='ltr'><strong>ob</strong></span> <span class='ocrx_word' id='word_1_197' title='bbox 889 1647 922 1684; x_wconf 88' lang='lat' dir='ltr'>eo</span> <span class='ocrx_word' id='word_1_198' title='bbox 951 1631 1027 1686; x_wconf 81' lang='lat' dir='ltr'>iliud</span> <span class='ocrx_word' id='word_1_199' title='bbox 1044 1631 1247 1702; x_wconf 77' lang='lat' dir='ltr'>inconveniens,</span> <span class='ocrx_word' id='word_1_200' title='bbox 1266 1637 1344 1702; x_wconf 75' lang='grc'><strong>222221</strong></span> <span class='ocrx_word' id='word_1_201' title='bbox 1358 1636 1474 1704; x_wconf 65' lang='lat' dir='ltr'>militet</span> <span class='ocrx_word' id='word_1_202' title='bbox 1486 1635 1617 1690; x_wconf 79' lang='grc'><strong>2122121222</strong></span> <span class='ocrx_word' id='word_1_203' title='bbox 1628 1635 1673 1689; x_wconf 87' lang='grc'><strong>221</strong></span> <span class='ocrx_word' id='word_1_204' title='bbox 1684 1652 1786 1689; x_wconf 86' lang='lat' dir='ltr'>ecurro</span> 
     </span>
     <span class='ocr_line' id='line_1_16' title="bbox 89 1717 1892 1790; baseline 0.004 -17"><span class='ocrx_word' id='word_1_205' title='bbox 89 1720 249 1785; x_wconf 76' lang='grc'><strong>2122221222,</strong></span> <span class='ocrx_word' id='word_1_206' title='bbox 278 1721 462 1787; x_wconf 70' lang='lat' dir='ltr'>quodcunque</span> <span class='ocrx_word' id='word_1_207' title='bbox 487 1719 577 1772; x_wconf 86' lang='lat' dir='ltr'>uisum</span> <span class='ocrx_word' id='word_1_208' title='bbox 600 1726 670 1773; x_wconf 81' lang='lat' dir='ltr'>creet</span> <span class='ocrx_word' id='word_1_209' title='bbox 696 1719 862 1788; x_wconf 71' lang='lat' dir='ltr'>parentibus</span> <span class='ocrx_word' id='word_1_210' title='bbox 887 1718 924 1771; x_wconf 80' lang='lat' dir='ltr'><strong>de</strong></span> <span class='ocrx_word' id='word_1_211' title='bbox 948 1720 1039 1786; x_wconf 79' lang='lat' dir='ltr'>poerit</span> <span class='ocrx_word' id='word_1_212' title='bbox 1065 1717 1175 1773; x_wconf 80' lang='lat' dir='ltr'>bonesti</span> <span class='ocrx_word' id='word_1_213' title='bbox 1197 1720 1256 1774; x_wconf 83' lang='lat' dir='ltr'>oiri</span> <span class='ocrx_word' id='word_1_214' title='bbox 1275 1722 1366 1784; x_wconf 74' lang='lat' dir='ltr'>fitium</span> <span class='ocrx_word' id='word_1_215' title='bbox 1395 1723 1437 1775; x_wconf 81' lang='lat' dir='ltr'><strong>ud</strong></span> <span class='ocrx_word' id='word_1_216' title='bbox 1458 1738 1489 1776; x_wconf 89' lang='grc'><strong>22</strong></span> <span class='ocrx_word' id='word_1_217' title='bbox 1513 1721 1630 1777; x_wconf 73' lang='lat' dir='ltr'><strong>allicere</strong></span> <span class='ocrx_word' id='word_1_218' title='bbox 1654 1728 1681 1775; x_wconf 89' lang='lat' dir='ltr'><strong>et</strong></span> <span class='ocrx_word' id='word_1_219' title='bbox 1703 1722 1844 1790; x_wconf 75' lang='grc'><strong>2222122.</strong></span> <span class='ocrx_word' id='word_1_220' title='bbox 1860 1740 1892 1781; x_wconf 81' lang='grc'><strong>22.</strong></span> 
     </span>
     <span class='ocr_line' id='line_1_17' title="bbox 89 1801 1786 1879; baseline 0.002 -23"><span class='ocrx_word' id='word_1_221' title='bbox 89 1805 159 1873; x_wconf 75' lang='lat' dir='ltr'>ipsuis</span> <span class='ocrx_word' id='word_1_222' title='bbox 175 1809 308 1857; x_wconf 80' lang='grc'><strong>2222222222.</strong></span> <span class='ocrx_word' id='word_1_223' title='bbox 331 1801 482 1859; x_wconf 77' lang='lat' dir='ltr'>Alexandr.</span> <span class='ocrx_word' id='word_1_224' title='bbox 499 1801 793 1873; x_wconf 74' lang='lat' dir='ltr'>jurisconsultns&#39;libr.</span> <span class='ocrx_word' id='word_1_225' title='bbox 808 1811 833 1859; x_wconf 85' lang='grc'><strong>2.</strong></span> <span class='ocrx_word' id='word_1_226' title='bbox 848 1820 923 1857; x_wconf 87' lang='grc'><strong>2222.</strong></span> <span class='ocrx_word' id='word_1_227' title='bbox 948 1804 1049 1867; x_wconf 78' lang='lat' dir='ltr'>furori</span> <span class='ocrx_word' id='word_1_228' title='bbox 1076 1821 1191 1873; x_wconf 71' lang='grc'><strong>22222222</strong></span> <span class='ocrx_word' id='word_1_229' title='bbox 1216 1807 1360 1874; x_wconf 62' lang='grc'><strong>2122212222,</strong></span> <span class='ocrx_word' id='word_1_230' title='bbox 1389 1809 1468 1879; x_wconf 75' lang='lat' dir='ltr'>puori</span> <span class='ocrx_word' id='word_1_231' title='bbox 1492 1815 1563 1861; x_wconf 85' lang='grc'><strong>22222</strong></span> <span class='ocrx_word' id='word_1_232' title='bbox 1585 1807 1670 1862; x_wconf 79' lang='grc'><strong>221212</strong></span> <span class='ocrx_word' id='word_1_233' title='bbox 1688 1807 1786 1868; x_wconf 77' lang='grc'><strong>22222·-</strong></span> 
     </span>
     <span class='ocr_line' id='line_1_18' title="bbox 89 1889 1025 1958; baseline 0 -14"><span class='ocrx_word' id='word_1_234' title='bbox 89 1889 155 1945; x_wconf 82' lang='lat' dir='ltr'>nlt.:</span> <span class='ocrx_word' id='word_1_235' title='bbox 178 1890 266 1958; x_wconf 79' lang='lat' dir='ltr'>Papa</span> <span class='ocrx_word' id='word_1_236' title='bbox 282 1905 339 1942; x_wconf 91' lang='lat' dir='ltr'><strong>non</strong></span> <span class='ocrx_word' id='word_1_237' title='bbox 357 1897 398 1942; x_wconf 83' lang='lat' dir='ltr'><strong>ret</strong></span> <span class='ocrx_word' id='word_1_238' title='bbox 414 1891 543 1944; x_wconf 78' lang='lat' dir='ltr'>dominnm</span> <span class='ocrx_word' id='word_1_239' title='bbox 560 1908 682 1955; x_wconf 83' lang='lat' dir='ltr'>morum,</span> <span class='ocrx_word' id='word_1_240' title='bbox 706 1892 760 1945; x_wconf 84' lang='lat' dir='ltr'><strong>scd</strong></span> <span class='ocrx_word' id='word_1_241' title='bbox 783 1892 862 1944; x_wconf 81' lang='lat' dir='ltr'>docet</span> <span class='ocrx_word' id='word_1_242' title='bbox 882 1906 923 1943; x_wconf 86' lang='lat' dir='ltr'><strong>re·</strong></span> <span class='ocrx_word' id='word_1_243' title='bbox 950 1891 1025 1944; x_wconf 85' lang='lat' dir='ltr'>dum.</span> 
     </span>
     <span class='ocr_line' id='line_1_19' title="bbox 88 1974 1902 2049; baseline 0.001 -18"><span class='ocrx_word' id='word_1_244' title='bbox 88 1975 223 2038; x_wconf 75' lang='lat' dir='ltr'>terentio,</span> <span class='ocrx_word' id='word_1_245' title='bbox 240 1992 296 2028; x_wconf 87' lang='lat' dir='ltr'><strong>non</strong></span> <span class='ocrx_word' id='word_1_246' title='bbox 312 1974 425 2029; x_wconf 83' lang='grc'><strong>22222222</strong></span> <span class='ocrx_word' id='word_1_247' title='bbox 442 1976 508 2041; x_wconf 71' lang='lat' dir='ltr'>fieri</span> <span class='ocrx_word' id='word_1_248' title='bbox 525 1975 627 2045; x_wconf 79' lang='lat' dir='ltr'>ofilio,</span> <span class='ocrx_word' id='word_1_249' title='bbox 650 1976 701 2045; x_wconf 81' lang='lat' dir='ltr'><strong>qui</strong></span> <span class='ocrx_word' id='word_1_250' title='bbox 716 1977 803 2031; x_wconf 83' lang='grc'><strong>212222</strong></span> <span class='ocrx_word' id='word_1_251' title='bbox 820 1977 924 2045; x_wconf 74' lang='lat' dir='ltr'>(quom</span> <span class='ocrx_word' id='word_1_252' title='bbox 986 1982 1026 2031; x_wconf 85' lang='grc'><strong>12.</strong></span> <span class='ocrx_word' id='word_1_253' title='bbox 1066 1976 1249 2033; x_wconf 81' lang='lat' dir='ltr'>instruximus</span> <span class='ocrx_word' id='word_1_254' title='bbox 1266 1977 1401 2033; x_wconf 84' lang='lat' dir='ltr'>haetenus</span> <span class='ocrx_word' id='word_1_255' title='bbox 1424 1984 1582 2035; x_wconf 85' lang='lat' dir='ltr'>nostrorum</span> <span class='ocrx_word' id='word_1_256' title='bbox 1607 1983 1783 2049; x_wconf 77' lang='lat' dir='ltr'>argumento·</span> <span class='ocrx_word' id='word_1_257' title='bbox 1797 1976 1902 2019; x_wconf 58' lang='lat' dir='ltr'>lumb*</span> 
     </span>
     <span class='ocr_line' id='line_1_20' title="bbox 88 2031 1904 2135; baseline 0.003 -19"><span class='ocrx_word' id='word_1_258' title='bbox 88 2062 275 2119; x_wconf 78' lang='lat' dir='ltr'>courestiente</span> <span class='ocrx_word' id='word_1_259' title='bbox 286 2061 388 2129; x_wconf 84' lang='lat' dir='ltr'>putre)</span> <span class='ocrx_word' id='word_1_260' title='bbox 403 2061 544 2116; x_wconf 79' lang='lat' dir='ltr'>contrabit</span> <span class='ocrx_word' id='word_1_261' title='bbox 560 2062 694 2131; x_wconf 65' lang='lat' dir='ltr'>ruptim</span> <span class='ocrx_word' id='word_1_262' title='bbox 708 2063 838 2116; x_wconf 77' lang='lat' dir='ltr'>torretur</span> <span class='ocrx_word' id='word_1_263' title='bbox 853 2077 924 2130; x_wconf 79' lang='lat' dir='ltr'>quoe</span> <span class='ocrx_word' id='word_1_264' title='bbox 949 2077 1011 2115; x_wconf 91' lang='lat' dir='ltr'><strong>rum</strong></span> <span class='ocrx_word' id='word_1_265' title='bbox 1029 2062 1131 2131; x_wconf 87' lang='grc'><strong>221222,</strong></span> <span class='ocrx_word' id='word_1_266' title='bbox 1159 2069 1260 2132; x_wconf 88' lang='lat' dir='ltr'>restat,</span> <span class='ocrx_word' id='word_1_267' title='bbox 1279 2069 1311 2119; x_wconf 83' lang='lat' dir='ltr'><strong>et</strong></span> <span class='ocrx_word' id='word_1_268' title='bbox 1327 2063 1480 2132; x_wconf 83' lang='lat' dir='ltr'>videamus,</span> <span class='ocrx_word' id='word_1_269' title='bbox 1503 2079 1576 2135; x_wconf 86' lang='lat' dir='ltr'>quae</span> <span class='ocrx_word' id='word_1_270' title='bbox 1592 2079 1671 2120; x_wconf 84' lang='lat' dir='ltr'>arma</span> <span class='ocrx_word' id='word_1_271' title='bbox 1687 2071 1785 2119; x_wconf 81' lang='lat' dir='ltr'>contro</span> <span class='ocrx_word' id='word_1_272' title='bbox 1797 2031 1904 2122; x_wconf 42' lang='lat' dir='ltr'>ildeb-⁰¹</span> 
     </span>
     <span class='ocr_line' id='line_1_21' title="bbox 88 2143 1854 2221; baseline 0.002 -18"><span class='ocrx_word' id='word_1_273' title='bbox 88 2156 198 2221; x_wconf 82' lang='lat' dir='ltr'>epectot</span> <span class='ocrx_word' id='word_1_274' title='bbox 212 2147 362 2217; x_wconf 70' lang='grc'><strong>21222222,</strong></span> <span class='ocrx_word' id='word_1_275' title='bbox 385 2147 466 2200; x_wconf 78' lang='lat' dir='ltr'>tuber</span> <span class='ocrx_word' id='word_1_276' title='bbox 488 2148 573 2201; x_wconf 84' lang='lat' dir='ltr'>ctiam</span> <span class='ocrx_word' id='word_1_277' title='bbox 598 2149 799 2205; x_wconf 78' lang='lat' dir='ltr'>necesrrtctcm.</span> <span class='ocrx_word' id='word_1_278' title='bbox 835 2146 924 2217; x_wconf 84' lang='lat' dir='ltr'>Grop·</span> <span class='ocrx_word' id='word_1_279' title='bbox 950 2164 1001 2203; x_wconf 89' lang='lat' dir='ltr'><strong>nos</strong></span> <span class='ocrx_word' id='word_1_280' title='bbox 1018 2148 1171 2203; x_wconf 83' lang='lat' dir='ltr'>adversarii</span> <span class='ocrx_word' id='word_1_281' title='bbox 1188 2148 1307 2206; x_wconf 83' lang='lat' dir='ltr'>induunt</span> <span class='ocrx_word' id='word_1_282' title='bbox 1318 2164 1422 2220; x_wconf 80' lang='grc'><strong>222222</strong></span> <span class='ocrx_word' id='word_1_283' title='bbox 1440 2155 1538 2205; x_wconf 73' lang='lat' dir='ltr'>cenna</span> <span class='ocrx_word' id='word_1_284' title='bbox 1554 2164 1656 2205; x_wconf 84' lang='grc'><strong>222222</strong></span> <span class='ocrx_word' id='word_1_285' title='bbox 1673 2157 1784 2207; x_wconf 85' lang='lat' dir='ltr'>nostrae</span> <span class='ocrx_word' id='word_1_286' title='bbox 1796 2143 1854 2174; x_wconf 60' lang='grc' dir='ltr'><strong>Μ·</strong></span> 
     </span>
     <span class='ocr_line' id='line_1_22' title="bbox 89 2231 1785 2314; baseline 0.002 -26"><span class='ocrx_word' id='word_1_287' title='bbox 89 2251 171 2306; x_wconf 87' lang='lat' dir='ltr'>perus</span> <span class='ocrx_word' id='word_1_288' title='bbox 190 2233 221 2288; x_wconf 88' lang='lat' dir='ltr'><strong>in</strong></span> <span class='ocrx_word' id='word_1_289' title='bbox 237 2232 323 2314; x_wconf 78' lang='lat' dir='ltr'>instit</span> <span class='ocrx_word' id='word_1_290' title='bbox 335 2231 445 2288; x_wconf 79' lang='lat' dir='ltr'>Colou:</span> <span class='ocrx_word' id='word_1_291' title='bbox 465 2233 595 2287; x_wconf 84' lang='lat' dir='ltr'>Enoristi</span> <span class='ocrx_word' id='word_1_292' title='bbox 611 2251 744 2288; x_wconf 84' lang='lat' dir='ltr'>cononem</span> <span class='ocrx_word' id='word_1_293' title='bbox 759 2235 846 2304; x_wconf 84' lang='lat' dir='ltr'>plene</span> <span class='ocrx_word' id='word_1_294' title='bbox 859 2250 924 2287; x_wconf 87' lang='grc'><strong>2222-</strong></span> <span class='ocrx_word' id='word_1_295' title='bbox 950 2248 1041 2290; x_wconf 79' lang='lat' dir='ltr'>aruum</span> <span class='ocrx_word' id='word_1_296' title='bbox 1066 2233 1163 2290; x_wconf 88' lang='lat' dir='ltr'>bastss</span> <span class='ocrx_word' id='word_1_297' title='bbox 1190 2239 1399 2306; x_wconf 81' lang='lat' dir='ltr'>contorqueant</span> <span class='ocrx_word' id='word_1_298' title='bbox 1438 2235 1623 2291; x_wconf 88' lang='lat' dir='ltr'>Bellarmiuus</span> <span class='ocrx_word' id='word_1_299' title='bbox 1651 2236 1785 2292; x_wconf 81' lang='lat' dir='ltr'>advorsae</span> 
     </span>
     <span class='ocr_line' id='line_1_23' title="bbox 90 2318 1786 2393; baseline 0.001 -18"><span class='ocrx_word' id='word_1_300' title='bbox 90 2320 244 2376; x_wconf 70' lang='grc'><strong>2212212222</strong></span> <span class='ocrx_word' id='word_1_301' title='bbox 262 2335 424 2387; x_wconf 83' lang='lat' dir='ltr'>cuperemus</span> <span class='ocrx_word' id='word_1_302' title='bbox 442 2319 473 2371; x_wconf 87' lang='lat' dir='ltr'><strong>in</strong></span> <span class='ocrx_word' id='word_1_303' title='bbox 490 2318 637 2371; x_wconf 78' lang='lat' dir='ltr'>eccleciam</span> <span class='ocrx_word' id='word_1_304' title='bbox 659 2320 778 2375; x_wconf 82' lang='grc'><strong>22221112</strong></span> <span class='ocrx_word' id='word_1_305' title='bbox 796 2319 925 2388; x_wconf 65' lang='lat' dir='ltr'>pennati</span> <span class='ocrx_word' id='word_1_306' title='bbox 950 2320 1038 2390; x_wconf 87' lang='lat' dir='ltr'>pertis</span> <span class='ocrx_word' id='word_1_307' title='bbox 1062 2320 1219 2392; x_wconf 69' lang='lat' dir='ltr'>primipilus</span> <span class='ocrx_word' id='word_1_308' title='bbox 1248 2326 1345 2377; x_wconf 86' lang='grc'><strong>222222</strong></span> <span class='ocrx_word' id='word_1_309' title='bbox 1371 2339 1422 2378; x_wconf 91' lang='lat' dir='ltr'><strong>uos</strong></span> <span class='ocrx_word' id='word_1_310' title='bbox 1451 2328 1628 2393; x_wconf 70' lang='lat' dir='ltr'>pugnaturus</span> <span class='ocrx_word' id='word_1_311' title='bbox 1654 2321 1717 2376; x_wconf 85' lang='lat' dir='ltr'>libr.</span> <span class='ocrx_word' id='word_1_312' title='bbox 1748 2323 1786 2377; x_wconf 86' lang='lat' dir='ltr'><strong>de</strong></span> 
     </span>
     <span class='ocr_line' id='line_1_24' title="bbox 90 2403 1784 2476; baseline 0.002 -16"><span class='ocrx_word' id='word_1_313' title='bbox 90 2405 220 2461; x_wconf 84' lang='lat' dir='ltr'>reuocari</span> <span class='ocrx_word' id='word_1_314' title='bbox 238 2406 272 2459; x_wconf 90' lang='grc'><strong>22</strong></span> <span class='ocrx_word' id='word_1_315' title='bbox 291 2404 471 2458; x_wconf 76' lang='lat' dir='ltr'>clandertinu</span> <span class='ocrx_word' id='word_1_316' title='bbox 489 2405 670 2459; x_wconf 81' lang='lat' dir='ltr'>matrimonio</span> <span class='ocrx_word' id='word_1_317' title='bbox 692 2405 829 2460; x_wconf 82' lang='lat' dir='ltr'>tollenda.</span> <span class='ocrx_word' id='word_1_318' title='bbox 851 2403 924 2469; x_wconf 78' lang='lat' dir='ltr'>(Bol-</span> <span class='ocrx_word' id='word_1_319' title='bbox 950 2406 1067 2464; x_wconf 86' lang='lat' dir='ltr'>matrim.</span> <span class='ocrx_word' id='word_1_320' title='bbox 1091 2423 1115 2462; x_wconf 80' lang='grc'><strong>2</strong></span> <span class='ocrx_word' id='word_1_321' title='bbox 1145 2412 1185 2463; x_wconf 79' lang='lat' dir='ltr'>ro.</span> <span class='ocrx_word' id='word_1_322' title='bbox 1205 2405 1294 2476; x_wconf 90' lang='lat' dir='ltr'>primo</span> <span class='ocrx_word' id='word_1_323' title='bbox 1320 2407 1418 2463; x_wconf 89' lang='lat' dir='ltr'>nititur</span> <span class='ocrx_word' id='word_1_324' title='bbox 1434 2407 1624 2463; x_wconf 76' lang='lat' dir='ltr'>diceenmones</span> <span class='ocrx_word' id='word_1_325' title='bbox 1642 2409 1715 2462; x_wconf 88' lang='lat' dir='ltr'>inter</span> <span class='ocrx_word' id='word_1_326' title='bbox 1735 2425 1784 2463; x_wconf 90' lang='lat' dir='ltr'>no·</span> 
     </span>
     <span class='ocr_line' id='line_1_25' title="bbox 90 2488 1786 2573; baseline 0.001 -27"><span class='ocrx_word' id='word_1_327' title='bbox 90 2490 222 2547; x_wconf 77' lang='grc'><strong>122221222</strong></span> <span class='ocrx_word' id='word_1_328' title='bbox 242 2489 357 2561; x_wconf 82' lang='lat' dir='ltr'>excipit,</span> <span class='ocrx_word' id='word_1_329' title='bbox 387 2488 567 2558; x_wconf 77' lang='lat' dir='ltr'>Gropperum</span> <span class='ocrx_word' id='word_1_330' title='bbox 589 2507 647 2544; x_wconf 85' lang='lat' dir='ltr'><strong>non</strong></span> <span class='ocrx_word' id='word_1_331' title='bbox 670 2490 751 2560; x_wconf 76' lang='lat' dir='ltr'>toqui</span> <span class='ocrx_word' id='word_1_332' title='bbox 773 2492 809 2544; x_wconf 82' lang='lat' dir='ltr'><strong>de</strong></span> <span class='ocrx_word' id='word_1_333' title='bbox 826 2491 923 2573; x_wconf 77' lang='lat' dir='ltr'>mutri-</span> <span class='ocrx_word' id='word_1_334' title='bbox 950 2499 1023 2547; x_wconf 74' lang='grc'><strong>2222</strong></span> <span class='ocrx_word' id='word_1_335' title='bbox 1043 2491 1073 2547; x_wconf 88' lang='grc'><strong>12</strong></span> <span class='ocrx_word' id='word_1_336' title='bbox 1097 2491 1150 2547; x_wconf 86' lang='lat' dir='ltr'><strong>hac</strong></span> <span class='ocrx_word' id='word_1_337' title='bbox 1176 2492 1339 2563; x_wconf 75' lang='lat' dir='ltr'>quaestione</span> <span class='ocrx_word' id='word_1_338' title='bbox 1354 2492 1514 2562; x_wconf 81' lang='lat' dir='ltr'>ostendere,</span> <span class='ocrx_word' id='word_1_339' title='bbox 1542 2493 1661 2563; x_wconf 85' lang='lat' dir='ltr'>primum</span> <span class='ocrx_word' id='word_1_340' title='bbox 1679 2492 1786 2549; x_wconf 87' lang='lat' dir='ltr'>scilieet</span> 
     </span>
     <span class='ocr_line' id='line_1_26' title="bbox 91 2576 1785 2649; baseline 0.002 -17"><span class='ocrx_word' id='word_1_341' title='bbox 91 2578 192 2643; x_wconf 74' lang='lat' dir='ltr'>monio,</span> <span class='ocrx_word' id='word_1_342' title='bbox 210 2577 257 2631; x_wconf 86' lang='lat' dir='ltr'><strong>cui</strong></span> <span class='ocrx_word' id='word_1_343' title='bbox 274 2576 366 2629; x_wconf 86' lang='lat' dir='ltr'>solum</span> <span class='ocrx_word' id='word_1_344' title='bbox 383 2576 460 2629; x_wconf 81' lang='grc'><strong>212222</strong></span> <span class='ocrx_word' id='word_1_345' title='bbox 479 2584 801 2647; x_wconf 78' lang='lat' dir='ltr'>emnemmpcrcmum,</span> <span class='ocrx_word' id='word_1_346' title='bbox 819 2578 924 2631; x_wconf 80' lang='lat' dir='ltr'>redde</span> <span class='ocrx_word' id='word_1_347' title='bbox 950 2578 1081 2635; x_wconf 78' lang='lat' dir='ltr'>victoriae</span> <span class='ocrx_word' id='word_1_348' title='bbox 1100 2583 1207 2649; x_wconf 83' lang='lat' dir='ltr'>partem</span> <span class='ocrx_word' id='word_1_349' title='bbox 1232 2585 1373 2648; x_wconf 85' lang='lat' dir='ltr'>statuens,</span> <span class='ocrx_word' id='word_1_350' title='bbox 1400 2579 1424 2635; x_wconf 89' lang='lat' dir='ltr'><strong>si</strong></span> <span class='ocrx_word' id='word_1_351' title='bbox 1451 2580 1481 2635; x_wconf 88' lang='lat' dir='ltr'><strong>in</strong></span> <span class='ocrx_word' id='word_1_352' title='bbox 1508 2578 1606 2635; x_wconf 85' lang='grc'><strong>2222212</strong></span> <span class='ocrx_word' id='word_1_353' title='bbox 1634 2578 1785 2635; x_wconf 79' lang='lat' dir='ltr'>adversarii</span> 
     </span>
     <span class='ocr_line' id='line_1_27' title="bbox 90 2662 1785 2736; baseline 0 -17"><span class='ocrx_word' id='word_1_354' title='bbox 90 2680 135 2730; x_wconf 84' lang='lat' dir='ltr'>so,</span> <span class='ocrx_word' id='word_1_355' title='bbox 160 2665 240 2732; x_wconf 74' lang='lat' dir='ltr'>quod</span> <span class='ocrx_word' id='word_1_356' title='bbox 268 2662 367 2716; x_wconf 83' lang='lat' dir='ltr'>inreiir</span> <span class='ocrx_word' id='word_1_357' title='bbox 388 2663 557 2730; x_wconf 84' lang='lat' dir='ltr'>parentibus</span> <span class='ocrx_word' id='word_1_358' title='bbox 583 2663 757 2717; x_wconf 75' lang='lat' dir='ltr'><strong>contrahitur</strong></span> <span class='ocrx_word' id='word_1_359' title='bbox 786 2670 812 2716; x_wconf 88' lang='lat' dir='ltr'><strong>et</strong></span> <span class='ocrx_word' id='word_1_360' title='bbox 838 2663 923 2718; x_wconf 79' lang='grc'><strong>2122221</strong></span> <span class='ocrx_word' id='word_1_361' title='bbox 950 2663 1063 2719; x_wconf 89' lang='lat' dir='ltr'>hostiles</span> <span class='ocrx_word' id='word_1_362' title='bbox 1080 2664 1264 2721; x_wconf 72' lang='lat' dir='ltr'>dissensiones</span> <span class='ocrx_word' id='word_1_363' title='bbox 1277 2664 1392 2720; x_wconf 84' lang='lat' dir='ltr'>excitari</span> <span class='ocrx_word' id='word_1_364' title='bbox 1409 2666 1522 2736; x_wconf 82' lang='lat' dir='ltr'>possint.</span> <span class='ocrx_word' id='word_1_365' title='bbox 1539 2664 1716 2721; x_wconf 81' lang='lat' dir='ltr'>Contendunt</span> <span class='ocrx_word' id='word_1_366' title='bbox 1734 2664 1785 2731; x_wconf 77' lang='grc'><strong>112·</strong></span> 
     </span>
     <span class='ocr_line' id='line_1_28' title="bbox 90 2745 1785 2820; baseline -0.001 -15"><span class='ocrx_word' id='word_1_367' title='bbox 90 2749 295 2805; x_wconf 73' lang='lat' dir='ltr'>clandestinum</span> <span class='ocrx_word' id='word_1_368' title='bbox 303 2754 352 2801; x_wconf 89' lang='lat' dir='ltr'>eet.</span> <span class='ocrx_word' id='word_1_369' title='bbox 378 2745 601 2818; x_wconf 85' lang='lat' dir='ltr'>Respondemus:</span> <span class='ocrx_word' id='word_1_370' title='bbox 616 2747 704 2804; x_wconf 89' lang='grc'><strong>02222</strong></span> <span class='ocrx_word' id='word_1_371' title='bbox 713 2748 924 2813; x_wconf 85' lang='lat' dir='ltr'>matrimonium,</span> <span class='ocrx_word' id='word_1_372' title='bbox 950 2751 1022 2820; x_wconf 72' lang='lat' dir='ltr'>quit)</span> <span class='ocrx_word' id='word_1_373' title='bbox 1050 2752 1224 2818; x_wconf 73' lang='lat' dir='ltr'>edomuerit,</span> <span class='ocrx_word' id='word_1_374' title='bbox 1250 2751 1459 2806; x_wconf 72' lang='lat' dir='ltr'><strong>matrimonium</strong></span> <span class='ocrx_word' id='word_1_375' title='bbox 1485 2752 1599 2806; x_wconf 62' lang='lat' dir='ltr'>iritum</span> <span class='ocrx_word' id='word_1_376' title='bbox 1628 2767 1698 2816; x_wconf 86' lang='grc'><strong>2222,</strong></span> <span class='ocrx_word' id='word_1_377' title='bbox 1727 2751 1785 2804; x_wconf 85' lang='lat' dir='ltr'>miri</span> 
     </span>
     <span class='ocr_line' id='line_1_29' title="bbox 90 2832 1783 2907; baseline 0.001 -18"><span class='ocrx_word' id='word_1_378' title='bbox 90 2835 163 2907; x_wconf 78' lang='lat' dir='ltr'>qnod</span> <span class='ocrx_word' id='word_1_379' title='bbox 192 2832 366 2890; x_wconf 69' lang='lat' dir='ltr'>eonbuhitur</span> <span class='ocrx_word' id='word_1_380' title='bbox 391 2833 487 2889; x_wconf 88' lang='lat' dir='ltr'>inseiis</span> <span class='ocrx_word' id='word_1_381' title='bbox 511 2841 539 2889; x_wconf 87' lang='grc'><strong>22</strong></span> <span class='ocrx_word' id='word_1_382' title='bbox 561 2834 654 2889; x_wconf 85' lang='grc'><strong>1221212</strong></span> <span class='ocrx_word' id='word_1_383' title='bbox 679 2835 854 2904; x_wconf 85' lang='lat' dir='ltr'>parentibus,</span> <span class='ocrx_word' id='word_1_384' title='bbox 881 2841 925 2889; x_wconf 87' lang='grc'><strong>222</strong></span> <span class='ocrx_word' id='word_1_385' title='bbox 949 2839 1000 2901; x_wconf 70' lang='lat' dir='ltr'><strong>fiat</strong></span> <span class='ocrx_word' id='word_1_386' title='bbox 1017 2854 1079 2891; x_wconf 91' lang='lat' dir='ltr'><strong>cum</strong></span> <span class='ocrx_word' id='word_1_387' title='bbox 1093 2844 1244 2905; x_wconf 85' lang='lat' dir='ltr'>parentum</span> <span class='ocrx_word' id='word_1_388' title='bbox 1263 2854 1411 2907; x_wconf 83' lang='grc'><strong>2222222222,</strong></span> <span class='ocrx_word' id='word_1_389' title='bbox 1435 2840 1487 2891; x_wconf 84' lang='lat' dir='ltr'><strong>sed</strong></span> <span class='ocrx_word' id='word_1_390' title='bbox 1511 2838 1581 2907; x_wconf 80' lang='lat' dir='ltr'>quio</span> <span class='ocrx_word' id='word_1_391' title='bbox 1598 2855 1655 2891; x_wconf 90' lang='lat' dir='ltr'><strong>non</strong></span> <span class='ocrx_word' id='word_1_392' title='bbox 1672 2837 1783 2891; x_wconf 83' lang='lat' dir='ltr'>omnino</span> 
     </span>
     <span class='ocr_line' id='line_1_30' title="bbox 89 2919 1784 2993; baseline -0.003 -14"><span class='ocrx_word' id='word_1_393' title='bbox 89 2921 310 2992; x_wconf 75' lang='lat' dir='ltr'>dsudestiuam,</span> <span class='ocrx_word' id='word_1_394' title='bbox 338 2921 363 2974; x_wconf 88' lang='lat' dir='ltr'><strong>si</strong></span> <span class='ocrx_word' id='word_1_395' title='bbox 392 2920 437 2975; x_wconf 85' lang='grc'><strong>221</strong></span> <span class='ocrx_word' id='word_1_396' title='bbox 471 2925 583 2975; x_wconf 87' lang='lat' dir='ltr'>centum</span> <span class='ocrx_word' id='word_1_397' title='bbox 612 2926 697 2975; x_wconf 84' lang='grc'><strong>222222</strong></span> <span class='ocrx_word' id='word_1_398' title='bbox 727 2919 923 2993; x_wconf 70' lang='lat' dir='ltr'>adbibepntnr,</span> <span class='ocrx_word' id='word_1_399' title='bbox 948 2923 1021 2976; x_wconf 84' lang='lat' dir='ltr'>inter</span> <span class='ocrx_word' id='word_1_400' title='bbox 1038 2938 1069 2975; x_wconf 86' lang='grc'><strong>22</strong></span> <span class='ocrx_word' id='word_1_401' title='bbox 1085 2922 1229 2975; x_wconf 86' lang='lat' dir='ltr'>conuenire</span> <span class='ocrx_word' id='word_1_402' title='bbox 1244 2922 1382 2991; x_wconf 81' lang='lat' dir='ltr'>ridentur,</span> <span class='ocrx_word' id='word_1_403' title='bbox 1408 2939 1506 2978; x_wconf 87' lang='lat' dir='ltr'>eorum</span> <span class='ocrx_word' id='word_1_404' title='bbox 1523 2923 1677 2978; x_wconf 79' lang='grc'><strong>2222222122</strong></span> <span class='ocrx_word' id='word_1_405' title='bbox 1695 2923 1784 2975; x_wconf 80' lang='grc'><strong>22222·-</strong></span> 
     </span>
     <span class='ocr_line' id='line_1_31' title="bbox 89 3004 1783 3080; baseline -0.002 -17"><span class='ocrx_word' id='word_1_406' title='bbox 89 3009 154 3080; x_wconf 76' lang='lat' dir='ltr'>quis</span> <span class='ocrx_word' id='word_1_407' title='bbox 170 3012 312 3078; x_wconf 75' lang='lat' dir='ltr'>repugnat</span> <span class='ocrx_word' id='word_1_408' title='bbox 330 3005 389 3076; x_wconf 89' lang='lat' dir='ltr'>juri</span> <span class='ocrx_word' id='word_1_409' title='bbox 415 3004 541 3075; x_wconf 87' lang='lat' dir='ltr'>publico,</span> <span class='ocrx_word' id='word_1_410' title='bbox 569 3005 664 3061; x_wconf 76' lang='lat' dir='ltr'>divino</span> <span class='ocrx_word' id='word_1_411' title='bbox 681 3010 710 3061; x_wconf 88' lang='grc'><strong>22</strong></span> <span class='ocrx_word' id='word_1_412' title='bbox 726 3004 861 3074; x_wconf 82' lang='lat' dir='ltr'>humano,</span> <span class='ocrx_word' id='word_1_413' title='bbox 892 3012 924 3061; x_wconf 90' lang='grc'><strong>22</strong></span> <span class='ocrx_word' id='word_1_414' title='bbox 949 3016 992 3061; x_wconf 83' lang='lat' dir='ltr'><strong>ter</strong></span> <span class='ocrx_word' id='word_1_415' title='bbox 1009 3009 1174 3071; x_wconf 78' lang='lat' dir='ltr'>referemus.</span> <span class='ocrx_word' id='word_1_416' title='bbox 1210 3007 1447 3062; x_wconf 80' lang='lat' dir='ltr'>Primruoidetur</span> <span class='ocrx_word' id='word_1_417' title='bbox 1460 3008 1714 3076; x_wconf 74' lang='lat' dir='ltr'>fuieeeErurmue‚</span> <span class='ocrx_word' id='word_1_418' title='bbox 1733 3007 1783 3075; x_wconf 83' lang='lat' dir='ltr'><strong>qui</strong></span> 
     </span>
     <span class='ocr_line' id='line_1_32' title="bbox 90 3090 1785 3163; baseline -0.002 -14"><span class='ocrx_word' id='word_1_419' title='bbox 90 3093 203 3150; x_wconf 77' lang='lat' dir='ltr'>uterino</span> <span class='ocrx_word' id='word_1_420' title='bbox 230 3091 357 3162; x_wconf 86' lang='lat' dir='ltr'>pluribus</span> <span class='ocrx_word' id='word_1_421' title='bbox 382 3090 626 3146; x_wconf 80' lang='lat' dir='ltr'>demonstrabitur.</span> <span class='ocrx_word' id='word_1_422' title='bbox 668 3091 712 3146; x_wconf 81' lang='lat' dir='ltr'><strong>Aa</strong></span> <span class='ocrx_word' id='word_1_423' title='bbox 736 3092 759 3147; x_wconf 89' lang='lat' dir='ltr'><strong>si</strong></span> <span class='ocrx_word' id='word_1_424' title='bbox 776 3091 923 3147; x_wconf 83' lang='grc'><strong>2122212221·</strong></span> <span class='ocrx_word' id='word_1_425' title='bbox 949 3111 1007 3148; x_wconf 91' lang='lat' dir='ltr'><strong>rem</strong></span> <span class='ocrx_word' id='word_1_426' title='bbox 1027 3095 1056 3147; x_wconf 86' lang='lat' dir='ltr'><strong>in</strong></span> <span class='ocrx_word' id='word_1_427' title='bbox 1076 3094 1293 3147; x_wconf 71' lang='grc' dir='ltr'><strong>2222222αεί222</strong></span> <span class='ocrx_word' id='word_1_428' title='bbox 1310 3093 1428 3160; x_wconf 80' lang='lat' dir='ltr'>uocauit,</span> <span class='ocrx_word' id='word_1_429' title='bbox 1445 3094 1472 3147; x_wconf 90' lang='grc'><strong>12</strong></span> <span class='ocrx_word' id='word_1_430' title='bbox 1489 3095 1594 3163; x_wconf 76' lang='lat' dir='ltr'>dopmu</span> <span class='ocrx_word' id='word_1_431' title='bbox 1606 3094 1689 3162; x_wconf 75' lang='lat' dir='ltr'>titud,</span> <span class='ocrx_word' id='word_1_432' title='bbox 1707 3095 1785 3162; x_wconf 79' lang='lat' dir='ltr'>quod</span> 
     </span>
     <span class='ocr_line' id='line_1_33' title="bbox 89 3175 1783 3248; baseline -0.002 -13"><span class='ocrx_word' id='word_1_433' title='bbox 89 3197 155 3235; x_wconf 86' lang='lat' dir='ltr'>narn</span> <span class='ocrx_word' id='word_1_434' title='bbox 171 3177 408 3233; x_wconf 73' lang='lat' dir='ltr'>matrimonium</span> <span class='ocrx_word' id='word_1_435' title='bbox 428 3177 545 3233; x_wconf 84' lang='lat' dir='ltr'>consilio</span> <span class='ocrx_word' id='word_1_436' title='bbox 558 3176 723 3231; x_wconf 83' lang='lat' dir='ltr'>Tridentino</span> <span class='ocrx_word' id='word_1_437' title='bbox 743 3175 798 3231; x_wconf 86' lang='lat' dir='ltr'>fuit</span> <span class='ocrx_word' id='word_1_438' title='bbox 814 3175 923 3232; x_wconf 83' lang='lat' dir='ltr'>irritum</span> <span class='ocrx_word' id='word_1_439' title='bbox 949 3179 1157 3233; x_wconf 78' lang='lat' dir='ltr'>matrimonium</span> <span class='ocrx_word' id='word_1_440' title='bbox 1181 3179 1255 3231; x_wconf 86' lang='lat' dir='ltr'>inter</span> <span class='ocrx_word' id='word_1_441' title='bbox 1274 3195 1393 3248; x_wconf 90' lang='lat' dir='ltr'>puerum</span> <span class='ocrx_word' id='word_1_442' title='bbox 1418 3186 1446 3233; x_wconf 89' lang='grc'><strong>22</strong></span> <span class='ocrx_word' id='word_1_443' title='bbox 1464 3179 1593 3248; x_wconf 81' lang='lat' dir='ltr'>puellum</span> <span class='ocrx_word' id='word_1_444' title='bbox 1618 3179 1715 3234; x_wconf 76' lang='lat' dir='ltr'>inscito</span> <span class='ocrx_word' id='word_1_445' title='bbox 1738 3179 1783 3232; x_wconf 84' lang='lat' dir='ltr'><strong>oei</strong></span> 
     </span>
     <span class='ocr_line' id='line_1_34' title="bbox 89 3262 1783 3337; baseline -0.002 -17"><span class='ocrx_word' id='word_1_446' title='bbox 89 3264 298 3337; x_wconf 80' lang='lat' dir='ltr'>pronuntiatum</span> <span class='ocrx_word' id='word_1_447' title='bbox 321 3269 437 3334; x_wconf 81' lang='lat' dir='ltr'>propter</span> <span class='ocrx_word' id='word_1_448' title='bbox 453 3263 628 3317; x_wconf 88' lang='lat' dir='ltr'>incommoda</span> <span class='ocrx_word' id='word_1_449' title='bbox 644 3262 823 3334; x_wconf 83' lang='lat' dir='ltr'>gravissima,</span> <span class='ocrx_word' id='word_1_450' title='bbox 852 3278 923 3333; x_wconf 82' lang='lat' dir='ltr'>quae</span> <span class='ocrx_word' id='word_1_451' title='bbox 950 3266 1034 3319; x_wconf 87' lang='lat' dir='ltr'>etium</span> <span class='ocrx_word' id='word_1_452' title='bbox 1052 3264 1148 3317; x_wconf 84' lang='lat' dir='ltr'>inuitie</span> <span class='ocrx_word' id='word_1_453' title='bbox 1162 3263 1329 3331; x_wconf 82' lang='lat' dir='ltr'>parentibus</span> <span class='ocrx_word' id='word_1_454' title='bbox 1348 3271 1522 3319; x_wconf 75' lang='lat' dir='ltr'>contractum</span> <span class='ocrx_word' id='word_1_455' title='bbox 1538 3273 1634 3319; x_wconf 85' lang='lat' dir='ltr'>rutum</span> <span class='ocrx_word' id='word_1_456' title='bbox 1659 3265 1710 3332; x_wconf 88' lang='lat' dir='ltr'>rit,</span> <span class='ocrx_word' id='word_1_457' title='bbox 1732 3280 1783 3317; x_wconf 90' lang='lat' dir='ltr'><strong>nec</strong></span> 
     </span>
     <span class='ocr_line' id='line_1_35' title="bbox 91 3347 1784 3420; baseline -0.004 -12"><span class='ocrx_word' id='word_1_458' title='bbox 91 3369 123 3408; x_wconf 83' lang='lat' dir='ltr'>ex</span> <span class='ocrx_word' id='word_1_459' title='bbox 148 3351 206 3406; x_wconf 91' lang='lat' dir='ltr'>illis</span> <span class='ocrx_word' id='word_1_460' title='bbox 229 3349 369 3418; x_wconf 85' lang='lat' dir='ltr'>oriuntur,</span> <span class='ocrx_word' id='word_1_461' title='bbox 399 3355 432 3403; x_wconf 90' lang='grc'><strong>22</strong></span> <span class='ocrx_word' id='word_1_462' title='bbox 449 3347 634 3404; x_wconf 85' lang='lat' dir='ltr'>Bellsrminus</span> <span class='ocrx_word' id='word_1_463' title='bbox 660 3348 713 3403; x_wconf 91' lang='lat' dir='ltr'><strong>boc</strong></span> <span class='ocrx_word' id='word_1_464' title='bbox 736 3347 798 3403; x_wconf 92' lang='lat' dir='ltr'>looo</span> <span class='ocrx_word' id='word_1_465' title='bbox 815 3347 923 3411; x_wconf 85' lang='grc'><strong>2222212,</strong></span> <span class='ocrx_word' id='word_1_466' title='bbox 950 3359 1070 3404; x_wconf 84' lang='lat' dir='ltr'>naturae</span> <span class='ocrx_word' id='word_1_467' title='bbox 1093 3366 1189 3413; x_wconf 83' lang='lat' dir='ltr'>sensu,</span> <span class='ocrx_word' id='word_1_468' title='bbox 1218 3367 1268 3403; x_wconf 87' lang='grc'><strong>2222</strong></span> <span class='ocrx_word' id='word_1_469' title='bbox 1291 3357 1413 3403; x_wconf 84' lang='lat' dir='ltr'>ueterum</span> <span class='ocrx_word' id='word_1_470' title='bbox 1438 3350 1559 3420; x_wconf 74' lang='grc'><strong>12912222,</strong></span> <span class='ocrx_word' id='word_1_471' title='bbox 1587 3367 1638 3405; x_wconf 85' lang='lat' dir='ltr'><strong>nec</strong></span> <span class='ocrx_word' id='word_1_472' title='bbox 1664 3350 1702 3403; x_wconf 85' lang='grc'><strong>22</strong></span> <span class='ocrx_word' id='word_1_473' title='bbox 1720 3351 1784 3417; x_wconf 84' lang='lat' dir='ltr'>ipso</span> 
     </span>
     <span class='ocr_line' id='line_1_36' title="bbox 91 3431 1785 3510; baseline -0.004 -16"><span class='ocrx_word' id='word_1_474' title='bbox 91 3438 186 3510; x_wconf 85' lang='lat' dir='ltr'>utique</span> <span class='ocrx_word' id='word_1_475' title='bbox 204 3436 289 3492; x_wconf 85' lang='grc'><strong>2212222</strong></span> <span class='ocrx_word' id='word_1_476' title='bbox 306 3434 450 3491; x_wconf 87' lang='lat' dir='ltr'>debuisset</span> <span class='ocrx_word' id='word_1_477' title='bbox 468 3435 673 3489; x_wconf 88' lang='lat' dir='ltr'>matrimonium</span> <span class='ocrx_word' id='word_1_478' title='bbox 695 3433 844 3488; x_wconf 87' lang='lat' dir='ltr'>liberorum</span> <span class='ocrx_word' id='word_1_479' title='bbox 861 3434 925 3488; x_wconf 88' lang='lat' dir='ltr'>abs·</span> <span class='ocrx_word' id='word_1_480' title='bbox 951 3435 1066 3504; x_wconf 77' lang='lat' dir='ltr'>Mopre,</span> <span class='ocrx_word' id='word_1_481' title='bbox 1090 3450 1140 3488; x_wconf 88' lang='lat' dir='ltr'><strong>nec</strong></span> <span class='ocrx_word' id='word_1_482' title='bbox 1158 3431 1321 3503; x_wconf 74' lang='lat' dir='ltr'>mdnpelicu</span> <span class='ocrx_word' id='word_1_483' title='bbox 1338 3442 1388 3489; x_wconf 88' lang='lat' dir='ltr'><strong>out</strong></span> <span class='ocrx_word' id='word_1_484' title='bbox 1408 3436 1567 3505; x_wconf 85' lang='lat' dir='ltr'>apostolico</span> <span class='ocrx_word' id='word_1_485' title='bbox 1585 3435 1719 3490; x_wconf 81' lang='lat' dir='ltr'>doctrino</span> <span class='ocrx_word' id='word_1_486' title='bbox 1734 3452 1785 3503; x_wconf 79' lang='lat' dir='ltr'>up-</span> 
     </span>
     <span class='ocr_line' id='line_1_37' title="bbox 92 3519 1784 3595; baseline -0.002 -16"><span class='ocrx_word' id='word_1_487' title='bbox 92 3540 145 3595; x_wconf 88' lang='lat' dir='ltr'><strong>que</strong></span> <span class='ocrx_word' id='word_1_488' title='bbox 163 3527 311 3595; x_wconf 84' lang='lat' dir='ltr'>parentum</span> <span class='ocrx_word' id='word_1_489' title='bbox 325 3535 460 3575; x_wconf 84' lang='lat' dir='ltr'>consensu</span> <span class='ocrx_word' id='word_1_490' title='bbox 480 3525 654 3575; x_wconf 79' lang='grc'><strong>2222222222</strong></span> <span class='ocrx_word' id='word_1_491' title='bbox 675 3519 784 3574; x_wconf 88' lang='lat' dir='ltr'>irritum</span> <span class='ocrx_word' id='word_1_492' title='bbox 802 3535 924 3591; x_wconf 88' lang='lat' dir='ltr'>pronun·</span> <span class='ocrx_word' id='word_1_493' title='bbox 948 3521 1070 3590; x_wconf 81' lang='lat' dir='ltr'>probari</span> <span class='ocrx_word' id='word_1_494' title='bbox 1084 3520 1192 3577; x_wconf 80' lang='lat' dir='ltr'>scribit.</span> <span class='ocrx_word' id='word_1_495' title='bbox 1231 3520 1368 3575; x_wconf 75' lang='lat' dir='ltr'>Latiarem</span> <span class='ocrx_word' id='word_1_496' title='bbox 1395 3520 1425 3574; x_wconf 87' lang='grc'><strong>122</strong></span> <span class='ocrx_word' id='word_1_497' title='bbox 1446 3537 1529 3576; x_wconf 85' lang='lat' dir='ltr'>cerm.</span> <span class='ocrx_word' id='word_1_498' title='bbox 1552 3523 1589 3575; x_wconf 80' lang='lat' dir='ltr'><strong>rie</strong></span> <span class='ocrx_word' id='word_1_499' title='bbox 1605 3521 1784 3575; x_wconf 83' lang='lat' dir='ltr'>matrimonio</span> 
     </span>
     <span class='ocr_line' id='line_1_38' title="bbox 91 3604 1784 3678; baseline -0.002 -14"><span class='ocrx_word' id='word_1_500' title='bbox 91 3608 168 3678; x_wconf 83' lang='grc'><strong>21221,</strong></span> <span class='ocrx_word' id='word_1_501' title='bbox 189 3622 254 3663; x_wconf 87' lang='lat' dir='ltr'><strong>eum</strong></span> <span class='ocrx_word' id='word_1_502' title='bbox 269 3622 326 3661; x_wconf 91' lang='grc'><strong>222</strong></span> <span class='ocrx_word' id='word_1_503' title='bbox 344 3605 433 3661; x_wconf 85' lang='lat' dir='ltr'>solum</span> <span class='ocrx_word' id='word_1_504' title='bbox 453 3604 553 3659; x_wconf 84' lang='lat' dir='ltr'>divinis</span> <span class='ocrx_word' id='word_1_505' title='bbox 571 3605 679 3676; x_wconf 82' lang='lat' dir='ltr'>legibus</span> <span class='ocrx_word' id='word_1_506' title='bbox 699 3613 851 3677; x_wconf 78' lang='lat' dir='ltr'>repugnet,</span> <span class='ocrx_word' id='word_1_507' title='bbox 874 3604 924 3660; x_wconf 88' lang='lat' dir='ltr'><strong>sed</strong></span> <span class='ocrx_word' id='word_1_508' title='bbox 952 3625 1013 3661; x_wconf 89' lang='lat' dir='ltr'><strong>cum</strong></span> <span class='ocrx_word' id='word_1_509' title='bbox 1050 3604 1230 3660; x_wconf 82' lang='lat' dir='ltr'>distinctione</span> <span class='ocrx_word' id='word_1_510' title='bbox 1259 3606 1392 3675; x_wconf 80' lang='lat' dir='ltr'>loquitur.</span> <span class='ocrx_word' id='word_1_511' title='bbox 1453 3607 1530 3660; x_wconf 83' lang='lat' dir='ltr'>Nam</span> <span class='ocrx_word' id='word_1_512' title='bbox 1562 3615 1613 3660; x_wconf 88' lang='lat' dir='ltr'><strong>out</strong></span> <span class='ocrx_word' id='word_1_513' title='bbox 1642 3614 1713 3661; x_wconf 85' lang='lat' dir='ltr'>nato</span> <span class='ocrx_word' id='word_1_514' title='bbox 1743 3613 1784 3660; x_wconf 86' lang='lat' dir='ltr'><strong>eet</strong></span> 
     </span>
     <span class='ocr_line' id='line_1_39' title="bbox 94 3690 1784 3765; baseline -0.003 -14"><span class='ocrx_word' id='word_1_515' title='bbox 94 3695 176 3751; x_wconf 81' lang='grc'><strong>221222</strong></span> <span class='ocrx_word' id='word_1_516' title='bbox 203 3690 381 3748; x_wconf 79' lang='lat' dir='ltr'>incommodo</span> <span class='ocrx_word' id='word_1_517' title='bbox 405 3707 500 3746; x_wconf 87' lang='lat' dir='ltr'>secum</span> <span class='ocrx_word' id='word_1_518' title='bbox 529 3693 622 3746; x_wconf 83' lang='grc'><strong>2221222</strong></span> <span class='ocrx_word' id='word_1_519' title='bbox 646 3691 730 3762; x_wconf 78' lang='lat' dir='ltr'>louge</span> <span class='ocrx_word' id='word_1_520' title='bbox 756 3691 877 3761; x_wconf 84' lang='lat' dir='ltr'>plurima</span> <span class='ocrx_word' id='word_1_521' title='bbox 897 3694 926 3745; x_wconf 89' lang='lat' dir='ltr'><strong>et</strong></span> <span class='ocrx_word' id='word_1_522' title='bbox 948 3693 1047 3765; x_wconf 81' lang='lat' dir='ltr'>proice</span> <span class='ocrx_word' id='word_1_523' title='bbox 1073 3693 1104 3744; x_wconf 91' lang='lat' dir='ltr'><strong>in</strong></span> <span class='ocrx_word' id='word_1_524' title='bbox 1129 3691 1262 3759; x_wconf 73' lang='grc'><strong>22212212</strong></span> <span class='ocrx_word' id='word_1_525' title='bbox 1292 3697 1435 3746; x_wconf 67' lang='lat' dir='ltr'>contracto</span> <span class='ocrx_word' id='word_1_526' title='bbox 1462 3692 1523 3745; x_wconf 86' lang='lat' dir='ltr'>eine</span> <span class='ocrx_word' id='word_1_527' title='bbox 1542 3698 1696 3760; x_wconf 80' lang='lat' dir='ltr'>parentum</span> <span class='ocrx_word' id='word_1_528' title='bbox 1720 3710 1784 3746; x_wconf 84' lang='lat' dir='ltr'>cou-</span> 
     </span>
     <span class='ocr_line' id='line_1_40' title="bbox 92 3776 1787 3852; baseline -0.001 -19"><span class='ocrx_word' id='word_1_529' title='bbox 92 3778 276 3852; x_wconf 59' lang='grc' dir='ltr'><strong>222νωί22.)</strong></span> <span class='ocrx_word' id='word_1_530' title='bbox 313 3776 406 3848; x_wconf 74' lang='lat' dir='ltr'>Leges</span> <span class='ocrx_word' id='word_1_531' title='bbox 423 3776 576 3847; x_wconf 78' lang='lat' dir='ltr'>Hispaniae</span> <span class='ocrx_word' id='word_1_532' title='bbox 595 3792 650 3831; x_wconf 91' lang='lat' dir='ltr'><strong>non</strong></span> <span class='ocrx_word' id='word_1_533' title='bbox 670 3781 778 3832; x_wconf 90' lang='lat' dir='ltr'>tantum</span> <span class='ocrx_word' id='word_1_534' title='bbox 796 3794 847 3848; x_wconf 88' lang='lat' dir='ltr'>pro</span> <span class='ocrx_word' id='word_1_535' title='bbox 865 3777 926 3831; x_wconf 88' lang='lat' dir='ltr'>irri-</span> <span class='ocrx_word' id='word_1_536' title='bbox 951 3795 1046 3844; x_wconf 85' lang='lat' dir='ltr'>sensu,</span> <span class='ocrx_word' id='word_1_537' title='bbox 1074 3783 1124 3830; x_wconf 87' lang='lat' dir='ltr'><strong>out</strong></span> <span class='ocrx_word' id='word_1_538' title='bbox 1140 3777 1265 3830; x_wconf 83' lang='lat' dir='ltr'>noudum</span> <span class='ocrx_word' id='word_1_539' title='bbox 1282 3783 1322 3830; x_wconf 84' lang='lat' dir='ltr'><strong>set</strong></span> <span class='ocrx_word' id='word_1_540' title='bbox 1339 3783 1417 3830; x_wconf 83' lang='grc'><strong>222222.</strong></span> <span class='ocrx_word' id='word_1_541' title='bbox 1456 3776 1492 3830; x_wconf 83' lang='lat' dir='ltr'><strong>Si</strong></span> <span class='ocrx_word' id='word_1_542' title='bbox 1508 3784 1578 3831; x_wconf 85' lang='lat' dir='ltr'>nutu</span> <span class='ocrx_word' id='word_1_543' title='bbox 1601 3783 1655 3841; x_wconf 88' lang='grc'><strong>222,</strong></span> <span class='ocrx_word' id='word_1_544' title='bbox 1676 3778 1787 3840; x_wconf 77' lang='lat' dir='ltr'>firmum</span> 
     </span>
     <span class='ocr_line' id='line_1_41' title="bbox 92 3861 1787 3933; baseline -0.004 -12"><span class='ocrx_word' id='word_1_545' title='bbox 92 3866 127 3921; x_wconf 89' lang='grc'><strong>212</strong></span> <span class='ocrx_word' id='word_1_546' title='bbox 143 3863 252 3921; x_wconf 82' lang='lat' dir='ltr'>habeut</span> <span class='ocrx_word' id='word_1_547' title='bbox 270 3862 446 3917; x_wconf 87' lang='lat' dir='ltr'>matrimonia</span> <span class='ocrx_word' id='word_1_548' title='bbox 462 3863 522 3918; x_wconf 89' lang='lat' dir='ltr'>sine</span> <span class='ocrx_word' id='word_1_549' title='bbox 541 3869 688 3933; x_wconf 83' lang='lat' dir='ltr'>parentum</span> <span class='ocrx_word' id='word_1_550' title='bbox 705 3880 842 3919; x_wconf 88' lang='lat' dir='ltr'>consensu</span> <span class='ocrx_word' id='word_1_551' title='bbox 861 3880 925 3918; x_wconf 90' lang='grc'><strong>222-</strong></span> <span class='ocrx_word' id='word_1_552' title='bbox 952 3880 1011 3918; x_wconf 86' lang='lat' dir='ltr'>eree</span> <span class='ocrx_word' id='word_1_553' title='bbox 1031 3863 1110 3917; x_wconf 82' lang='lat' dir='ltr'>dedet</span> <span class='ocrx_word' id='word_1_554' title='bbox 1123 3861 1329 3915; x_wconf 86' lang='lat' dir='ltr'>matrimonium</span> <span class='ocrx_word' id='word_1_555' title='bbox 1332 3881 1345 3926; x_wconf 91' lang='lat'><strong>,·</strong></span> <span class='ocrx_word' id='word_1_556' title='bbox 1361 3862 1388 3915; x_wconf 86' lang='lat' dir='ltr'><strong>si</strong></span> <span class='ocrx_word' id='word_1_557' title='bbox 1400 3863 1524 3916; x_wconf 80' lang='lat' dir='ltr'>nondum</span> <span class='ocrx_word' id='word_1_558' title='bbox 1541 3869 1582 3916; x_wconf 89' lang='grc'><strong>222</strong></span> <span class='ocrx_word' id='word_1_559' title='bbox 1598 3869 1677 3926; x_wconf 84' lang='lat' dir='ltr'>nuto,</span> <span class='ocrx_word' id='word_1_560' title='bbox 1694 3862 1725 3915; x_wconf 88' lang='lat' dir='ltr'><strong>in</strong></span> <span class='ocrx_word' id='word_1_561' title='bbox 1734 3879 1787 3931; x_wconf 89' lang='lat' dir='ltr'><strong>po·</strong></span> 
     </span>
     <span class='ocr_line' id='line_1_42' title="bbox 93 3947 1787 4021; baseline -0.005 -13"><span class='ocrx_word' id='word_1_562' title='bbox 93 3956 192 4021; x_wconf 83' lang='grc'><strong>222222,</strong></span> <span class='ocrx_word' id='word_1_563' title='bbox 222 3949 273 4006; x_wconf 91' lang='lat' dir='ltr'><strong>sed</strong></span> <span class='ocrx_word' id='word_1_564' title='bbox 300 3955 330 4004; x_wconf 90' lang='lat' dir='ltr'><strong>et</strong></span> <span class='ocrx_word' id='word_1_565' title='bbox 352 3948 530 4021; x_wconf 83' lang='lat' dir='ltr'>gravissimas</span> <span class='ocrx_word' id='word_1_566' title='bbox 565 3965 669 4019; x_wconf 83' lang='lat' dir='ltr'>poenas</span> <span class='ocrx_word' id='word_1_567' title='bbox 698 3949 925 4006; x_wconf 72' lang='lat' dir='ltr'>connubentibus</span> <span class='ocrx_word' id='word_1_568' title='bbox 953 3957 1050 4005; x_wconf 85' lang='lat' dir='ltr'>testate</span> <span class='ocrx_word' id='word_1_569' title='bbox 1066 3956 1214 4017; x_wconf 82' lang='lat' dir='ltr'>parentum</span> <span class='ocrx_word' id='word_1_570' title='bbox 1233 3949 1287 4001; x_wconf 86' lang='lat' dir='ltr'>crit</span> <span class='ocrx_word' id='word_1_571' title='bbox 1303 3950 1472 4013; x_wconf 65' lang='lat' dir='ltr'>confirmare</span> <span class='ocrx_word' id='word_1_572' title='bbox 1491 3948 1535 4002; x_wconf 86' lang='lat' dir='ltr'><strong>oet</strong></span> <span class='ocrx_word' id='word_1_573' title='bbox 1555 3948 1673 4001; x_wconf 66' lang='lat' dir='ltr'>imitare</span> <span class='ocrx_word' id='word_1_574' title='bbox 1690 3947 1787 4016; x_wconf 68' lang='lat' dir='ltr'>conju</span> 
     </span>
     <span class='ocr_line' id='line_1_43' title="bbox 94 4032 1787 4110; baseline -0.005 -16"><span class='ocrx_word' id='word_1_575' title='bbox 94 4037 255 4110; x_wconf 87' lang='lat' dir='ltr'>imponunt;</span> <span class='ocrx_word' id='word_1_576' title='bbox 273 4033 350 4091; x_wconf 83' lang='lat' dir='ltr'>Galli</span> <span class='ocrx_word' id='word_1_577' title='bbox 369 4051 477 4105; x_wconf 87' lang='lat' dir='ltr'>semper</span> <span class='ocrx_word' id='word_1_578' title='bbox 494 4035 685 4090; x_wconf 83' lang='lat' dir='ltr'>detrectarunt</span> <span class='ocrx_word' id='word_1_579' title='bbox 702 4036 843 4091; x_wconf 84' lang='lat' dir='ltr'>decretum</span> <span class='ocrx_word' id='word_1_580' title='bbox 862 4053 925 4106; x_wconf 88' lang='lat' dir='ltr'>syn-</span> <span class='ocrx_word' id='word_1_581' title='bbox 953 4037 1037 4105; x_wconf 78' lang='lat' dir='ltr'>pium.</span> <span class='ocrx_word' id='word_1_582' title='bbox 1080 4035 1163 4089; x_wconf 83' lang='lat' dir='ltr'>Idem</span> <span class='ocrx_word' id='word_1_583' title='bbox 1185 4036 1267 4088; x_wconf 84' lang='lat' dir='ltr'>docet</span> <span class='ocrx_word' id='word_1_584' title='bbox 1288 4033 1443 4104; x_wconf 80' lang='lat' dir='ltr'>Pmtippue</span> <span class='ocrx_word' id='word_1_585' title='bbox 1472 4034 1641 4089; x_wconf 68' lang='lat' dir='ltr'>Melanthum</span> <span class='ocrx_word' id='word_1_586' title='bbox 1671 4033 1701 4087; x_wconf 87' lang='lat' dir='ltr'><strong>in</strong></span> <span class='ocrx_word' id='word_1_587' title='bbox 1733 4032 1787 4086; x_wconf 88' lang='lat' dir='ltr'>loc.</span> 
     </span>
     <span class='ocr_line' id='line_1_44' title="bbox 94 4118 1786 4189; baseline -0.005 -10"><span class='ocrx_word' id='word_1_588' title='bbox 94 4123 138 4179; x_wconf 89' lang='lat' dir='ltr'><strong>odi</strong></span> <span class='ocrx_word' id='word_1_589' title='bbox 153 4120 339 4178; x_wconf 74' lang='lat' dir='ltr'>Tridentium</span> <span class='ocrx_word' id='word_1_590' title='bbox 356 4120 517 4189; x_wconf 81' lang='lat' dir='ltr'>admittere,</span> <span class='ocrx_word' id='word_1_591' title='bbox 544 4137 579 4176; x_wconf 88' lang='grc'><strong>22</strong></span> <span class='ocrx_word' id='word_1_592' title='bbox 599 4121 692 4176; x_wconf 89' lang='lat' dir='ltr'>euriae</span> <span class='ocrx_word' id='word_1_593' title='bbox 711 4127 770 4176; x_wconf 89' lang='grc'><strong>2222</strong></span> <span class='ocrx_word' id='word_1_594' title='bbox 789 4120 926 4176; x_wconf 86' lang='lat' dir='ltr'>Purisien·</span> <span class='ocrx_word' id='word_1_595' title='bbox 953 4123 1081 4176; x_wconf 83' lang='lat' dir='ltr'>Bucerus</span> <span class='ocrx_word' id='word_1_596' title='bbox 1098 4118 1338 4177; x_wconf 61' lang='lat' dir='ltr'>inutilitatis.</span> <span class='ocrx_word' id='word_1_597' title='bbox 1355 4119 1485 4174; x_wconf 87' lang='lat' dir='ltr'>reuocari</span> <span class='ocrx_word' id='word_1_598' title='bbox 1496 4127 1575 4189; x_wconf 83' lang='lat' dir='ltr'>optut</span> <span class='ocrx_word' id='word_1_599' title='bbox 1587 4121 1664 4189; x_wconf 74' lang='lat' dir='ltr'>lepos</span> <span class='ocrx_word' id='word_1_600' title='bbox 1682 4118 1786 4182; x_wconf 83' lang='lat' dir='ltr'>ciuiles,</span> 
     </span>
     <span class='ocr_line' id='line_1_45' title="bbox 94 4204 1788 4279; baseline -0.004 -16"><span class='ocrx_word' id='word_1_601' title='bbox 94 4209 130 4263; x_wconf 89' lang='grc'><strong>212</strong></span> <span class='ocrx_word' id='word_1_602' title='bbox 152 4224 239 4279; x_wconf 86' lang='lat' dir='ltr'>qnam</span> <span class='ocrx_word' id='word_1_603' title='bbox 262 4205 403 4261; x_wconf 85' lang='lat' dir='ltr'>Tolosaua</span> <span class='ocrx_word' id='word_1_604' title='bbox 425 4206 592 4261; x_wconf 82' lang='lat' dir='ltr'>eontrarium</span> <span class='ocrx_word' id='word_1_605' title='bbox 621 4206 788 4263; x_wconf 88' lang='lat' dir='ltr'>definierunt</span> <span class='ocrx_word' id='word_1_606' title='bbox 817 4206 927 4278; x_wconf 88' lang='lat' dir='ltr'>adjecta</span> <span class='ocrx_word' id='word_1_607' title='bbox 954 4207 1097 4278; x_wconf 73' lang='grc'><strong>2212222121</strong></span> <span class='ocrx_word' id='word_1_608' title='bbox 1115 4207 1210 4279; x_wconf 79' lang='lat' dir='ltr'>cuceri</span> <span class='ocrx_word' id='word_1_609' title='bbox 1221 4206 1300 4273; x_wconf 86' lang='lat' dir='ltr'>dicit,</span> <span class='ocrx_word' id='word_1_610' title='bbox 1321 4222 1355 4258; x_wconf 87' lang='lat' dir='ltr'><strong>ne</strong></span> <span class='ocrx_word' id='word_1_611' title='bbox 1372 4207 1488 4274; x_wconf 73' lang='lat' dir='ltr'>nupubc</span> <span class='ocrx_word' id='word_1_612' title='bbox 1496 4207 1623 4271; x_wconf 78' lang='lat' dir='ltr'>filiorum</span> <span class='ocrx_word' id='word_1_613' title='bbox 1640 4204 1788 4258; x_wconf 85' lang='lat' dir='ltr'>rotoerint</span> 
     </span>
     <span class='ocr_line' id='line_1_46' title="bbox 95 4290 1787 4365; baseline -0.004 -16"><span class='ocrx_word' id='word_1_614' title='bbox 95 4296 170 4365; x_wconf 75' lang='lat' dir='ltr'>gravi</span> <span class='ocrx_word' id='word_1_615' title='bbox 190 4308 296 4364; x_wconf 84' lang='lat' dir='ltr'>poena,</span> <span class='ocrx_word' id='word_1_616' title='bbox 327 4291 430 4363; x_wconf 91' lang='lat' dir='ltr'>siquis</span> <span class='ocrx_word' id='word_1_617' title='bbox 447 4292 582 4364; x_wconf 79' lang='lat' dir='ltr'>relquae</span> <span class='ocrx_word' id='word_1_618' title='bbox 599 4298 745 4363; x_wconf 85' lang='lat' dir='ltr'>pareutum</span> <span class='ocrx_word' id='word_1_619' title='bbox 763 4309 926 4349; x_wconf 88' lang='lat' dir='ltr'>eonsensum</span> <span class='ocrx_word' id='word_1_620' title='bbox 953 4290 1423 4360; x_wconf 78' lang='lat' dir='ltr'>rinocoruenrupotrieuuturiuut</span> <span class='ocrx_word' id='word_1_621' title='bbox 1430 4291 1540 4361; x_wconf 83' lang='lat' dir='ltr'>procui.</span> <span class='ocrx_word' id='word_1_622' title='bbox 1560 4290 1787 4344; x_wconf 81' lang='lat' dir='ltr'>Brentiusinco-</span> 
     </span>
     <span class='ocr_line' id='line_1_47' title="bbox 96 4375 1788 4447; baseline -0.005 -10"><span class='ocrx_word' id='word_1_623' title='bbox 96 4378 270 4437; x_wconf 84' lang='lat' dir='ltr'>oontemserit</span> <span class='ocrx_word' id='word_1_624' title='bbox 294 4377 339 4434; x_wconf 84' lang='lat' dir='ltr'>vel</span> <span class='ocrx_word' id='word_1_625' title='bbox 366 4382 522 4435; x_wconf 88' lang='lat' dir='ltr'>eoutsmtus</span> <span class='ocrx_word' id='word_1_626' title='bbox 547 4385 643 4433; x_wconf 87' lang='grc'><strong>222222</strong></span> <span class='ocrx_word' id='word_1_627' title='bbox 668 4379 816 4447; x_wconf 86' lang='lat' dir='ltr'>exstiterit,</span> <span class='ocrx_word' id='word_1_628' title='bbox 846 4387 877 4434; x_wconf 89' lang='lat' dir='ltr'><strong>ut</strong></span> <span class='ocrx_word' id='word_1_629' title='bbox 893 4397 927 4435; x_wconf 85' lang='lat' dir='ltr'>or</span> <span class='ocrx_word' id='word_1_630' title='bbox 954 4379 1023 4435; x_wconf 82' lang='grc'><strong>2221.</strong></span> <span class='ocrx_word' id='word_1_631' title='bbox 1060 4377 1088 4431; x_wconf 85' lang='lat' dir='ltr'><strong>ei</strong></span> <span class='ocrx_word' id='word_1_632' title='bbox 1111 4375 1318 4432; x_wconf 78' lang='lat' dir='ltr'>matrimonium</span> <span class='ocrx_word' id='word_1_633' title='bbox 1335 4375 1396 4430; x_wconf 82' lang='lat' dir='ltr'>eine</span> <span class='ocrx_word' id='word_1_634' title='bbox 1418 4384 1568 4445; x_wconf 82' lang='lat' dir='ltr'>parentum</span> <span class='ocrx_word' id='word_1_635' title='bbox 1591 4392 1726 4430; x_wconf 70' lang='lat' dir='ltr'>consentu</span> <span class='ocrx_word' id='word_1_636' title='bbox 1745 4390 1788 4428; x_wconf 86' lang='lat' dir='ltr'><strong>ee·</strong></span> 
     </span>
     <span class='ocr_line' id='line_1_48' title="bbox 97 4461 1788 4536; baseline -0.007 -11"><span class='ocrx_word' id='word_1_637' title='bbox 97 4466 221 4525; x_wconf 73' lang='grc'><strong>11212222</strong></span> <span class='ocrx_word' id='word_1_638' title='bbox 242 4466 366 4536; x_wconf 83' lang='lat' dir='ltr'>Psepon.</span> <span class='ocrx_word' id='word_1_639' title='bbox 379 4471 408 4521; x_wconf 88' lang='lat' dir='ltr'><strong>et</strong></span> <span class='ocrx_word' id='word_1_640' title='bbox 425 4464 537 4521; x_wconf 75' lang='lat' dir='ltr'>Corneio</span> <span class='ocrx_word' id='word_1_641' title='bbox 551 4465 633 4522; x_wconf 90' lang='grc'><strong>(12222</strong></span> <span class='ocrx_word' id='word_1_642' title='bbox 643 4464 795 4521; x_wconf 71' lang='grc'><strong>2122122222</strong></span> <span class='ocrx_word' id='word_1_643' title='bbox 815 4467 851 4523; x_wconf 86' lang='lat' dir='ltr'><strong>de</strong></span> <span class='ocrx_word' id='word_1_644' title='bbox 864 4465 927 4535; x_wconf 87' lang='lat' dir='ltr'>jure</span> <span class='ocrx_word' id='word_1_645' title='bbox 953 4467 1091 4521; x_wconf 79' lang='lat' dir='ltr'>istratum</span> <span class='ocrx_word' id='word_1_646' title='bbox 1108 4463 1154 4532; x_wconf 85' lang='grc'><strong>212,</strong></span> <span class='ocrx_word' id='word_1_647' title='bbox 1165 4461 1247 4531; x_wconf 75' lang='lat' dir='ltr'>juber</span> <span class='ocrx_word' id='word_1_648' title='bbox 1262 4462 1298 4516; x_wconf 81' lang='lat' dir='ltr'><strong>id</strong></span> <span class='ocrx_word' id='word_1_649' title='bbox 1313 4462 1422 4525; x_wconf 82' lang='lat' dir='ltr'>referri</span> <span class='ocrx_word' id='word_1_650' title='bbox 1436 4464 1478 4516; x_wconf 85' lang='grc'><strong>221</strong></span> <span class='ocrx_word' id='word_1_651' title='bbox 1494 4463 1687 4530; x_wconf 79' lang='lat' dir='ltr'>mupr&#39;etratum</span> <span class='ocrx_word' id='word_1_652' title='bbox 1705 4467 1788 4529; x_wconf 73' lang='grc'><strong>222222</strong></span> 
     </span>
     <span class='ocr_line' id='line_1_49' title="bbox 96 4548 1787 4620; baseline -0.007 -11"><span class='ocrx_word' id='word_1_653' title='bbox 96 4552 212 4609; x_wconf 79' lang='grc'><strong>22222212.</strong></span> <span class='ocrx_word' id='word_1_654' title='bbox 230 4568 256 4608; x_wconf 86' lang='lat' dir='ltr'>e.</span> <span class='ocrx_word' id='word_1_655' title='bbox 275 4557 300 4608; x_wconf 84' lang='grc'><strong>3.</strong></span> <span class='ocrx_word' id='word_1_656' title='bbox 318 4556 385 4605; x_wconf 83' lang='lat' dir='ltr'>sest</span> <span class='ocrx_word' id='word_1_657' title='bbox 407 4556 446 4606; x_wconf 86' lang='lat'><strong>10.</strong></span> <span class='ocrx_word' id='word_1_658' title='bbox 466 4567 542 4605; x_wconf 88' lang='lat' dir='ltr'>num.</span> <span class='ocrx_word' id='word_1_659' title='bbox 561 4558 601 4607; x_wconf 82' lang='lat' dir='ltr'>m.</span> <span class='ocrx_word' id='word_1_660' title='bbox 954 4554 1016 4620; x_wconf 80' lang='lat' dir='ltr'>ejus</span> <span class='ocrx_word' id='word_1_661' title='bbox 1037 4549 1153 4619; x_wconf 84' lang='lat' dir='ltr'>judicio</span> <span class='ocrx_word' id='word_1_662' title='bbox 1184 4549 1407 4616; x_wconf 73' lang='lat' dir='ltr'>comfinnundum</span> <span class='ocrx_word' id='word_1_663' title='bbox 1438 4548 1483 4601; x_wconf 87' lang='lat' dir='ltr'><strong>uel</strong></span> <span class='ocrx_word' id='word_1_664' title='bbox 1514 4548 1688 4601; x_wconf 86' lang='lat' dir='ltr'>irritandum</span> <span class='ocrx_word' id='word_1_665' title='bbox 1718 4563 1787 4604; x_wconf 86' lang='lat' dir='ltr'>esse.</span> 
     </span>
     <span class='ocr_line' id='line_1_50' title="bbox 37 4622 1789 4711; baseline -0.005 -17"><span class='ocrx_word' id='word_1_666' title='bbox 37 4622 88 4711; x_wconf 60' lang='lat' dir='ltr'>in‘*</span> <span class='ocrx_word' id='word_1_667' title='bbox 129 4647 170 4697; x_wconf 83' lang='grc'><strong>11.</strong></span> <span class='ocrx_word' id='word_1_668' title='bbox 211 4639 346 4694; x_wconf 81' lang='lat' dir='ltr'>Octavam</span> <span class='ocrx_word' id='word_1_669' title='bbox 375 4641 404 4691; x_wconf 88' lang='grc'><strong>22</strong></span> <span class='ocrx_word' id='word_1_670' title='bbox 421 4636 547 4691; x_wconf 88' lang='lat' dir='ltr'>ultimam</span> <span class='ocrx_word' id='word_1_671' title='bbox 564 4637 681 4693; x_wconf 81' lang='lat' dir='ltr'>classem</span> <span class='ocrx_word' id='word_1_672' title='bbox 701 4643 926 4708; x_wconf 77' lang='lat' dir='ltr'>argumentorum</span> <span class='ocrx_word' id='word_1_673' title='bbox 955 4639 1031 4691; x_wconf 88' lang='lat' dir='ltr'>Nom</span> <span class='ocrx_word' id='word_1_674' title='bbox 1049 4632 1709 4702; x_wconf 59' lang='grc'><strong>21222122222112222212212,2222212221</strong></span> <span class='ocrx_word' id='word_1_675' title='bbox 1733 4650 1789 4686; x_wconf 84' lang='lat' dir='ltr'><strong>nou</strong></span> 
     </span>
     <span class='ocr_line' id='line_1_51' title="bbox 41 4688 1788 4788; baseline -0.006 -6"><span class='ocrx_word' id='word_1_676' title='bbox 41 4688 84 4768; x_wconf 56' lang='grc'><strong>111.</strong></span> <span class='ocrx_word' id='word_1_677' title='bbox 98 4726 244 4782; x_wconf 82' lang='grc'><strong>1212212222</strong></span> <span class='ocrx_word' id='word_1_678' title='bbox 261 4722 425 4777; x_wconf 78' lang='lat' dir='ltr'>deductiori</span> <span class='ocrx_word' id='word_1_679' title='bbox 441 4725 483 4776; x_wconf 81' lang='lat' dir='ltr'><strong>ud</strong></span> <span class='ocrx_word' id='word_1_680' title='bbox 502 4723 665 4778; x_wconf 80' lang='grc'><strong>2222222222.</strong></span> <span class='ocrx_word' id='word_1_681' title='bbox 706 4722 763 4777; x_wconf 84' lang='grc' dir='ltr'><strong>Ρ22·</strong></span> <span class='ocrx_word' id='word_1_682' title='bbox 790 4723 927 4779; x_wconf 85' lang='grc'><strong>222221222-</strong></span> <span class='ocrx_word' id='word_1_683' title='bbox 955 4723 1074 4776; x_wconf 80' lang='lat' dir='ltr'>deleant</span> <span class='ocrx_word' id='word_1_684' title='bbox 1092 4720 1166 4774; x_wconf 87' lang='lat' dir='ltr'>inire</span> <span class='ocrx_word' id='word_1_685' title='bbox 1182 4719 1316 4787; x_wconf 76' lang='lat' dir='ltr'>conjupiu</span> <span class='ocrx_word' id='word_1_686' title='bbox 1340 4719 1401 4773; x_wconf 85' lang='lat' dir='ltr'>eins</span> <span class='ocrx_word' id='word_1_687' title='bbox 1414 4727 1566 4788; x_wconf 83' lang='lat' dir='ltr'>parentum</span> <span class='ocrx_word' id='word_1_688' title='bbox 1584 4735 1727 4786; x_wconf 82' lang='grc'><strong>2222222222,</strong></span> <span class='ocrx_word' id='word_1_689' title='bbox 1745 4726 1788 4771; x_wconf 90' lang='lat' dir='ltr'><strong>tu·</strong></span> 
     </span>
     <span class='ocr_line' id='line_1_52' title="bbox 37 4776 1788 4878; baseline -0.006 -11"><span class='ocrx_word' id='word_1_690' title='bbox 37 4776 80 4824; x_wconf 48' lang='lat'><strong>³⁸*</strong></span> <span class='ocrx_word' id='word_1_691' title='bbox 98 4812 141 4867; x_wconf 88' lang='grc'><strong>212</strong></span> <span class='ocrx_word' id='word_1_692' title='bbox 156 4811 308 4866; x_wconf 84' lang='lat' dir='ltr'>liberorum</span> <span class='ocrx_word' id='word_1_693' title='bbox 333 4807 393 4865; x_wconf 89' lang='lat' dir='ltr'>sine</span> <span class='ocrx_word' id='word_1_694' title='bbox 416 4812 562 4878; x_wconf 80' lang='lat' dir='ltr'>parentum</span> <span class='ocrx_word' id='word_1_695' title='bbox 586 4824 722 4864; x_wconf 86' lang='grc'><strong>22222222</strong></span> <span class='ocrx_word' id='word_1_696' title='bbox 746 4807 817 4863; x_wconf 77' lang='lat' dir='ltr'>luite</span> <span class='ocrx_word' id='word_1_697' title='bbox 844 4814 866 4864; x_wconf 95' lang='grc'><strong>1.</strong></span> <span class='ocrx_word' id='word_1_698' title='bbox 884 4808 928 4865; x_wconf 85' lang='lat' dir='ltr'>lex</span> <span class='ocrx_word' id='word_1_699' title='bbox 954 4825 1015 4863; x_wconf 81' lang='lat' dir='ltr'><strong>men</strong></span> <span class='ocrx_word' id='word_1_700' title='bbox 1026 4804 1157 4861; x_wconf 86' lang='lat' dir='ltr'>nonnulli</span> <span class='ocrx_word' id='word_1_701' title='bbox 1170 4821 1253 4858; x_wconf 81' lang='grc'><strong>222222</strong></span> <span class='ocrx_word' id='word_1_702' title='bbox 1269 4812 1341 4874; x_wconf 75' lang='lat' dir='ltr'>eum,</span> <span class='ocrx_word' id='word_1_703' title='bbox 1359 4806 1390 4858; x_wconf 88' lang='lat' dir='ltr'><strong>in</strong></span> <span class='ocrx_word' id='word_1_704' title='bbox 1406 4805 1505 4874; x_wconf 71' lang='lat' dir='ltr'>quibus</span> <span class='ocrx_word' id='word_1_705' title='bbox 1517 4805 1677 4858; x_wconf 82' lang='grc'><strong>1122222222</strong></span> <span class='ocrx_word' id='word_1_706' title='bbox 1695 4820 1788 4872; x_wconf 80' lang='lat' dir='ltr'>opere,</span> 
     </span>
     <span class='ocr_line' id='line_1_53' title="bbox 98 4888 1788 4964; baseline -0.005 -13"><span class='ocrx_word' id='word_1_707' title='bbox 98 4896 187 4952; x_wconf 78' lang='lat' dir='ltr'>divina</span> <span class='ocrx_word' id='word_1_708' title='bbox 209 4895 247 4949; x_wconf 93' lang='lat' dir='ltr'><strong>ds</strong></span> <span class='ocrx_word' id='word_1_709' title='bbox 268 4893 435 4950; x_wconf 86' lang='lat' dir='ltr'>honorandis</span> <span class='ocrx_word' id='word_1_710' title='bbox 458 4892 621 4964; x_wconf 82' lang='lat' dir='ltr'>parentibus</span> <span class='ocrx_word' id='word_1_711' title='bbox 647 4893 782 4963; x_wconf 61' lang='lat' dir='ltr'>violatum</span> <span class='ocrx_word' id='word_1_712' title='bbox 809 4899 833 4950; x_wconf 92' lang='grc'><strong>2.</strong></span> <span class='ocrx_word' id='word_1_713' title='bbox 855 4895 928 4964; x_wconf 86' lang='lat' dir='ltr'>patri</span> <span class='ocrx_word' id='word_1_714' title='bbox 954 4894 992 4948; x_wconf 84' lang='lat' dir='ltr'>In</span> <span class='ocrx_word' id='word_1_715' title='bbox 1012 4893 1128 4948; x_wconf 79' lang='lat' dir='ltr'>eundem</span> <span class='ocrx_word' id='word_1_716' title='bbox 1152 4889 1318 4951; x_wconf 79' lang='lat' dir='ltr'>sententium</span> <span class='ocrx_word' id='word_1_717' title='bbox 1334 4891 1477 4945; x_wconf 81' lang='lat' dir='ltr'>descendit</span> <span class='ocrx_word' id='word_1_718' title='bbox 1496 4891 1586 4947; x_wconf 82' lang='lat' dir='ltr'>Mart.</span> <span class='ocrx_word' id='word_1_719' title='bbox 1611 4888 1788 4945; x_wconf 78' lang='lat' dir='ltr'>Obemnicinr</span> 
     </span>
     <span class='ocr_line' id='line_1_54' title="bbox 97 4975 1789 5052; baseline -0.006 -13"><span class='ocrx_word' id='word_1_720' title='bbox 97 4980 179 5039; x_wconf 81' lang='grc'><strong>122122</strong></span> <span class='ocrx_word' id='word_1_721' title='bbox 203 4981 286 5037; x_wconf 84' lang='grc'><strong>122222</strong></span> <span class='ocrx_word' id='word_1_722' title='bbox 306 4979 482 5052; x_wconf 74' lang='lat' dir='ltr'>agnoscitur3</span> <span class='ocrx_word' id='word_1_723' title='bbox 506 4984 529 5035; x_wconf 79' lang='lat'><strong>³.</strong></span> <span class='ocrx_word' id='word_1_724' title='bbox 549 4995 603 5048; x_wconf 84' lang='lat' dir='ltr'><strong>pax</strong></span> <span class='ocrx_word' id='word_1_725' title='bbox 622 4979 773 5041; x_wconf 80' lang='lat' dir='ltr'>domesticu</span> <span class='ocrx_word' id='word_1_726' title='bbox 790 4980 927 5050; x_wconf 87' lang='lat' dir='ltr'>turbatur,</span> <span class='ocrx_word' id='word_1_727' title='bbox 954 4986 982 5036; x_wconf 87' lang='grc'><strong>2.</strong></span> <span class='ocrx_word' id='word_1_728' title='bbox 995 4985 1073 5049; x_wconf 84' lang='lat' dir='ltr'>part.</span> <span class='ocrx_word' id='word_1_729' title='bbox 1093 4993 1181 5031; x_wconf 77' lang='lat' dir='ltr'>ecum.</span> <span class='ocrx_word' id='word_1_730' title='bbox 1199 4992 1276 5030; x_wconf 91' lang='lat' dir='ltr'>conc.</span> <span class='ocrx_word' id='word_1_731' title='bbox 1293 4994 1324 5044; x_wconf 82' lang='lat' dir='ltr'><strong>p.</strong></span> <span class='ocrx_word' id='word_1_732' title='bbox 1354 4978 1435 5031; x_wconf 77' lang='lat'>1273.</span> <span class='ocrx_word' id='word_1_733' title='bbox 1463 4975 1512 5028; x_wconf 85' lang='grc'><strong>2221</strong></span> <span class='ocrx_word' id='word_1_734' title='bbox 1529 4982 1622 5030; x_wconf 88' lang='lat' dir='ltr'>tumen</span> <span class='ocrx_word' id='word_1_735' title='bbox 1639 4976 1789 5041; x_wconf 85' lang='lat' dir='ltr'>confundit</span> 
     </span>
     <span class='ocr_line' id='line_1_55' title="bbox 98 5061 1789 5139; baseline -0.005 -17"><span class='ocrx_word' id='word_1_736' title='bbox 98 5069 159 5139; x_wconf 81' lang='lat' dir='ltr'>quin</span> <span class='ocrx_word' id='word_1_737' title='bbox 185 5083 275 5122; x_wconf 87' lang='lat' dir='ltr'>nurus</span> <span class='ocrx_word' id='word_1_738' title='bbox 296 5065 374 5137; x_wconf 81' lang='lat' dir='ltr'>opud</span> <span class='ocrx_word' id='word_1_739' title='bbox 405 5082 530 5122; x_wconf 86' lang='grc'><strong>22222222</strong></span> <span class='ocrx_word' id='word_1_740' title='bbox 558 5063 660 5119; x_wconf 86' lang='lat' dir='ltr'>debeat</span> <span class='ocrx_word' id='word_1_741' title='bbox 683 5081 742 5119; x_wconf 88' lang='lat' dir='ltr'>esso</span> <span class='ocrx_word' id='word_1_742' title='bbox 766 5065 927 5135; x_wconf 82' lang='grc'><strong>1222121122,</strong></span> <span class='ocrx_word' id='word_1_743' title='bbox 954 5062 1134 5119; x_wconf 76' lang='lat' dir='ltr'>matrimonio</span> <span class='ocrx_word' id='word_1_744' title='bbox 1156 5061 1287 5131; x_wconf 77' lang='lat' dir='ltr'>fitiorum</span> <span class='ocrx_word' id='word_1_745' title='bbox 1307 5062 1368 5114; x_wconf 83' lang='lat' dir='ltr'>rinc</span> <span class='ocrx_word' id='word_1_746' title='bbox 1393 5077 1529 5115; x_wconf 80' lang='lat' dir='ltr'>consensu</span> <span class='ocrx_word' id='word_1_747' title='bbox 1550 5070 1702 5130; x_wconf 81' lang='lat' dir='ltr'>parentum</span> <span class='ocrx_word' id='word_1_748' title='bbox 1725 5078 1789 5116; x_wconf 90' lang='lat' dir='ltr'>con-</span> 
     </span>
     <span class='ocr_line' id='line_1_56' title="bbox 98 5145 1789 5224; baseline -0.006 -13"><span class='ocrx_word' id='word_1_749' title='bbox 98 5170 164 5224; x_wconf 73' lang='grc'><strong>2222</strong></span> <span class='ocrx_word' id='word_1_750' title='bbox 180 5157 282 5209; x_wconf 78' lang='lat' dir='ltr'>conus</span> <span class='ocrx_word' id='word_1_751' title='bbox 298 5150 386 5222; x_wconf 89' lang='lat' dir='ltr'>ipsius</span> <span class='ocrx_word' id='word_1_752' title='bbox 398 5150 568 5206; x_wconf 83' lang='lat' dir='ltr'>voluntatem</span> <span class='ocrx_word' id='word_1_753' title='bbox 586 5149 710 5206; x_wconf 80' lang='lat' dir='ltr'>innodes</span> <span class='ocrx_word' id='word_1_754' title='bbox 728 5150 928 5215; x_wconf 70' lang='lat' dir='ltr'>irrtrodueiturr</span> <span class='ocrx_word' id='word_1_755' title='bbox 954 5157 1046 5204; x_wconf 86' lang='lat' dir='ltr'>tractu</span> <span class='ocrx_word' id='word_1_756' title='bbox 1073 5165 1135 5201; x_wconf 87' lang='lat' dir='ltr'><strong>cum</strong></span> <span class='ocrx_word' id='word_1_757' title='bbox 1153 5145 1341 5201; x_wconf 78' lang='lat' dir='ltr'>matrimoniis</span> <span class='ocrx_word' id='word_1_758' title='bbox 1364 5147 1564 5218; x_wconf 70' lang='lat' dir='ltr'>clandestine,</span> <span class='ocrx_word' id='word_1_759' title='bbox 1590 5155 1684 5217; x_wconf 78' lang='lat' dir='ltr'>potest</span> <span class='ocrx_word' id='word_1_760' title='bbox 1715 5148 1789 5201; x_wconf 85' lang='lat' dir='ltr'>enim</span> 
     </span>
     <span class='ocr_line' id='line_1_57' title="bbox 99 5230 1788 5307; baseline -0.005 -12"><span class='ocrx_word' id='word_1_761' title='bbox 99 5246 119 5295; x_wconf 87' lang='grc'><strong>1.</strong></span> <span class='ocrx_word' id='word_1_762' title='bbox 133 5238 210 5295; x_wconf 82' lang='lat' dir='ltr'>selus</span> <span class='ocrx_word' id='word_1_763' title='bbox 229 5235 388 5300; x_wconf 85' lang='lat' dir='ltr'>liberorum,</span> <span class='ocrx_word' id='word_1_764' title='bbox 408 5235 456 5306; x_wconf 89' lang='lat' dir='ltr'><strong>qui</strong></span> <span class='ocrx_word' id='word_1_765' title='bbox 469 5242 645 5306; x_wconf 80' lang='lat' dir='ltr'>potestatem</span> <span class='ocrx_word' id='word_1_766' title='bbox 658 5235 712 5289; x_wconf 88' lang='lat' dir='ltr'>sibi</span> <span class='ocrx_word' id='word_1_767' title='bbox 730 5237 927 5307; x_wconf 80' lang='lat' dir='ltr'>nondumpos·</span> <span class='ocrx_word' id='word_1_768' title='bbox 953 5236 1030 5304; x_wconf 75' lang='lat' dir='ltr'>sieri,</span> <span class='ocrx_word' id='word_1_769' title='bbox 1062 5241 1093 5287; x_wconf 85' lang='lat' dir='ltr'><strong>ut</strong></span> <span class='ocrx_word' id='word_1_770' title='bbox 1117 5233 1325 5286; x_wconf 79' lang='lat' dir='ltr'>matrimonium</span> <span class='ocrx_word' id='word_1_771' title='bbox 1349 5230 1385 5284; x_wconf 86' lang='lat' dir='ltr'><strong>eit</strong></span> <span class='ocrx_word' id='word_1_772' title='bbox 1409 5231 1616 5289; x_wconf 79' lang='lat' dir='ltr'>clandestinum</span> <span class='ocrx_word' id='word_1_773' title='bbox 1643 5241 1669 5287; x_wconf 90' lang='grc'><strong>22</strong></span> <span class='ocrx_word' id='word_1_774' title='bbox 1695 5240 1788 5287; x_wconf 83' lang='lat' dir='ltr'>tamen</span> 
     </span>
     <span class='ocr_line' id='line_1_58' title="bbox 98 5320 1790 5391; baseline -0.004 -11"><span class='ocrx_word' id='word_1_775' title='bbox 98 5331 158 5380; x_wconf 86' lang='grc'><strong>22222</strong></span> <span class='ocrx_word' id='word_1_776' title='bbox 176 5321 330 5391; x_wconf 83' lang='lat' dir='ltr'>consulere,</span> <span class='ocrx_word' id='word_1_777' title='bbox 349 5321 379 5376; x_wconf 88' lang='grc'><strong>12</strong></span> <span class='ocrx_word' id='word_1_778' title='bbox 394 5321 649 5391; x_wconf 69' lang='lat' dir='ltr'>praesentissimum</span> <span class='ocrx_word' id='word_1_779' title='bbox 675 5320 822 5376; x_wconf 86' lang='lat' dir='ltr'>discrimen</span> <span class='ocrx_word' id='word_1_780' title='bbox 839 5322 926 5378; x_wconf 74' lang='grc'><strong>211212-</strong></span> <span class='ocrx_word' id='word_1_781' title='bbox 955 5321 1156 5391; x_wconf 81' lang='lat' dir='ltr'>comparentis</span> <span class='ocrx_word' id='word_1_782' title='bbox 1173 5335 1307 5373; x_wconf 73' lang='lat' dir='ltr'>conteneo</span> <span class='ocrx_word' id='word_1_783' title='bbox 1322 5326 1503 5388; x_wconf 72' lang='lat' dir='ltr'>contractum,</span> <span class='ocrx_word' id='word_1_784' title='bbox 1521 5328 1665 5385; x_wconf 74' lang='lat' dir='ltr'>utcontra,</span> <span class='ocrx_word' id='word_1_785' title='bbox 1683 5327 1714 5374; x_wconf 90' lang='lat' dir='ltr'><strong>ut</strong></span> <span class='ocrx_word' id='word_1_786' title='bbox 1733 5337 1790 5374; x_wconf 90' lang='lat' dir='ltr'><strong>non</strong></span> 
     </span>
     <span class='ocr_line' id='line_1_59' title="bbox 97 5405 1790 5480; baseline -0.004 -16"><span class='ocrx_word' id='word_1_787' title='bbox 97 5410 178 5480; x_wconf 74' lang='lat' dir='ltr'>ritur3</span> <span class='ocrx_word' id='word_1_788' title='bbox 199 5416 225 5467; x_wconf 85' lang='grc'><strong>2.</strong></span> <span class='ocrx_word' id='word_1_789' title='bbox 246 5425 309 5463; x_wconf 87' lang='lat' dir='ltr'><strong>cum</strong></span> <span class='ocrx_word' id='word_1_790' title='bbox 328 5424 378 5478; x_wconf 91' lang='lat' dir='ltr'><strong>spe</strong></span> <span class='ocrx_word' id='word_1_791' title='bbox 395 5408 564 5462; x_wconf 85' lang='lat' dir='ltr'>matrimonii</span> <span class='ocrx_word' id='word_1_792' title='bbox 582 5408 686 5461; x_wconf 82' lang='lat' dir='ltr'>multoe</span> <span class='ocrx_word' id='word_1_793' title='bbox 703 5407 740 5462; x_wconf 87' lang='lat' dir='ltr'>od</span> <span class='ocrx_word' id='word_1_794' title='bbox 760 5415 858 5477; x_wconf 83' lang='lat' dir='ltr'>stupra</span> <span class='ocrx_word' id='word_1_795' title='bbox 874 5408 926 5463; x_wconf 91' lang='lat' dir='ltr'>illi·</span> <span class='ocrx_word' id='word_1_796' title='bbox 954 5409 991 5461; x_wconf 85' lang='lat' dir='ltr'><strong>rit</strong></span> <span class='ocrx_word' id='word_1_797' title='bbox 1011 5406 1231 5468; x_wconf 79' lang='grc'><strong>21222122212222,</strong></span> <span class='ocrx_word' id='word_1_798' title='bbox 1261 5405 1313 5458; x_wconf 80' lang='lat' dir='ltr'>eccl</span> <span class='ocrx_word' id='word_1_799' title='bbox 1331 5405 1477 5474; x_wconf 84' lang='lat' dir='ltr'>pullicum</span> <span class='ocrx_word' id='word_1_800' title='bbox 1501 5414 1528 5460; x_wconf 89' lang='lat' dir='ltr'><strong>et</strong></span> <span class='ocrx_word' id='word_1_801' title='bbox 1553 5423 1650 5461; x_wconf 84' lang='lat' dir='ltr'>coram</span> <span class='ocrx_word' id='word_1_802' title='bbox 1670 5405 1790 5459; x_wconf 79' lang='grc'><strong>22212212</strong></span> 
     </span>
     <span class='ocr_line' id='line_1_60' title="bbox 96 5490 1790 5565; baseline -0.006 -13"><span class='ocrx_word' id='word_1_803' title='bbox 96 5495 215 5565; x_wconf 77' lang='lat' dir='ltr'>cientur,</span> <span class='ocrx_word' id='word_1_804' title='bbox 240 5492 543 5549; x_wconf 80' lang='grc'><strong>12222222112121121222</strong></span> <span class='ocrx_word' id='word_1_805' title='bbox 567 5493 707 5564; x_wconf 59' lang='lat' dir='ltr'>inperitum</span> <span class='ocrx_word' id='word_1_806' title='bbox 735 5498 758 5548; x_wconf 85' lang='grc'><strong>2.</strong></span> <span class='ocrx_word' id='word_1_807' title='bbox 776 5492 928 5549; x_wconf 76' lang='lat' dir='ltr'>auctoritas</span> <span class='ocrx_word' id='word_1_808' title='bbox 955 5502 982 5547; x_wconf 88' lang='lat' dir='ltr'><strong>et</strong></span> <span class='ocrx_word' id='word_1_809' title='bbox 1008 5500 1116 5555; x_wconf 85' lang='lat' dir='ltr'>rutum.</span> <span class='ocrx_word' id='word_1_810' title='bbox 1130 5490 1229 5545; x_wconf 81' lang='lat' dir='ltr'>insciis</span> <span class='ocrx_word' id='word_1_811' title='bbox 1258 5498 1285 5543; x_wconf 89' lang='lat' dir='ltr'><strong>et</strong></span> <span class='ocrx_word' id='word_1_812' title='bbox 1311 5490 1408 5545; x_wconf 78' lang='lat' dir='ltr'>inuitis</span> <span class='ocrx_word' id='word_1_813' title='bbox 1431 5492 1608 5565; x_wconf 72' lang='lat' dir='ltr'>parentibus.</span> <span class='ocrx_word' id='word_1_814' title='bbox 1655 5490 1790 5546; x_wconf 79' lang='lat' dir='ltr'>Calvinus</span> 
     </span>
     <span class='ocr_line' id='line_1_61' title="bbox 96 5573 1789 5653; baseline -0.007 -14"><span class='ocrx_word' id='word_1_815' title='bbox 96 5588 240 5653; x_wconf 76' lang='grc'><strong>2222222222</strong></span> <span class='ocrx_word' id='word_1_816' title='bbox 255 5578 455 5645; x_wconf 69' lang='lat' dir='ltr'>labefactatum</span> <span class='ocrx_word' id='word_1_817' title='bbox 474 5585 499 5636; x_wconf 81' lang='lat'><strong>⁷.</strong></span> <span class='ocrx_word' id='word_1_818' title='bbox 516 5577 645 5637; x_wconf 89' lang='lat' dir='ltr'>bonsetss</span> <span class='ocrx_word' id='word_1_819' title='bbox 662 5577 777 5650; x_wconf 82' lang='lat' dir='ltr'>publiea</span> <span class='ocrx_word' id='word_1_820' title='bbox 795 5594 830 5634; x_wconf 84' lang='lat' dir='ltr'>ex</span> <span class='ocrx_word' id='word_1_821' title='bbox 847 5584 927 5633; x_wconf 87' lang='grc'><strong>2222-</strong></span> <span class='ocrx_word' id='word_1_822' title='bbox 953 5578 1003 5635; x_wconf 79' lang='lat' dir='ltr'>ru.</span> <span class='ocrx_word' id='word_1_823' title='bbox 1031 5581 1057 5633; x_wconf 83' lang='lat' dir='ltr'><strong>t.</strong></span> <span class='ocrx_word' id='word_1_824' title='bbox 1082 5576 1170 5633; x_wconf 86' lang='lat' dir='ltr'>instit.</span> <span class='ocrx_word' id='word_1_825' title='bbox 1199 5592 1223 5630; x_wconf 90' lang='lat' dir='ltr'>e.</span> <span class='ocrx_word' id='word_1_826' title='bbox 1248 5579 1293 5634; x_wconf 77' lang='lat' dir='ltr'><strong>tt.</strong></span> <span class='ocrx_word' id='word_1_827' title='bbox 1314 5573 1343 5651; x_wconf 60' lang='grc' dir='ltr'><strong>ξ.</strong></span> <span class='ocrx_word' id='word_1_828' title='bbox 1363 5577 1414 5633; x_wconf 82' lang='lat' dir='ltr'>ute.</span> <span class='ocrx_word' id='word_1_829' title='bbox 1438 5576 1512 5633; x_wconf 85' lang='lat' dir='ltr'>inter</span> <span class='ocrx_word' id='word_1_830' title='bbox 1536 5577 1611 5645; x_wconf 75' lang='lat' dir='ltr'>tepeo</span> <span class='ocrx_word' id='word_1_831' title='bbox 1626 5575 1789 5644; x_wconf 72' lang='lat' dir='ltr'>pontificum</span> 
     </span>
    </p>
   </div>
   <div class='ocr_carea' id='block_1_3' title="bbox 0 0 2021 6020">
    <p class='ocr_par' dir='ltr' id='par_1_3' title="bbox 0 0 2021 6020">
     <span class='ocr_line' id='line_1_62' title="bbox 0 0 2021 6020; baseline 0 0"><span class='ocrx_word' id='word_1_832' title='bbox 0 0 2021 6020; x_wconf 95' lang='lat' dir='ltr'><strong> </strong></span> 
     </span>
    </p>
   </div>
  </div>
 </body>
</html>
