4020 6022
256 284 317 344 220
829 276 952 336 Locus
968 266 1174 335 ttcasfflus'
1195 218 1366 343 adtritus

256 448 322 488 suae
342 431 548 489 conservandae
564 431 684 487 medium
703 433 732 487 in
751 432 899 503 adoptione
909 437 1088 505 quaererent3
1116 452 1143 504 q.
1161 437 1190 489 3:
1218 432 1297 486 [nter
1316 448 1377 501 sas,
1401 433 1451 503 qni
1472 440 1576 487 natnra
1600 440 1626 486 et
1645 432 1696 503 qni
1722 434 1879 504 artoptiane
1894 434 1954 504 fitis·

255 521 302 589 ine
319 524 413 575 minen
431 519 514 573 riade
531 517 688 589 adoptionis
705 517 812 575 formae
828 520 953 575 nonnihil
971 519 1086 585 addidit,
1115 527 1188 583 sant,
1211 522 1390 573 venerandae
1415 520 1489 588 tepea
1515 521 1659 573 Romanae
1683 521 1865 575 matrimonia
1892 538 1952 575 can·

256 605 330 660 unde
356 622 374 659 a
390 603 500 676 legibus
523 603 651 660 civilibus
671 606 790 677 primum
816 607 929 663 inventa
960 614 988 663 et
1005 607 1088 661 intro·
1115 606 1194 659 truln'
1215 624 1270 659 nan
1292 606 1464 675 permittant.
1507 605 1554 661 Sic
1577 622 1643 677 ergo
1667 607 1697 662 in
1723 606 1776 661 hac
1793 605 1879 679 legali
1899 624 1952 663 non

257 692 341 746 ducta
372 691 482 760 dicitur,
513 696 650 762 quatenus
681 692 789 748 scilicet
819 693 848 748 in
874 692 1034 749 solennibus
1062 697 1091 746 et
1117 692 1208 746 miuus
1231 708 1315 763 quam
1333 691 1453 748 naturali
1474 692 1702 747 adscendentium
1723 710 1757 747 ac
1783 694 1952 750 descendeu-

256 777 373 847 effectis,
397 794 464 848 quos
486 778 551 847 jure
571 777 646 833 civili
669 778 811 850 producit,
835 778 1033 847 consideratur,
1061 776 1089 854 5
1116 778 1185 833 tium
1209 779 1379 851 cognatione
1405 786 1530 835 cessante
1556 796 1641 835 causa
1665 796 1720 835 non
1745 786 1839 835 nmen
1865 788 1952 837 cassat

255 863 304 919 sed
321 863 344 917 si
363 878 425 934 qua.
472 862 538 919 lust
567 863 602 919 de
626 870 705 935 nupt
729 865 746 920 l.
771 881 821 936 per
847 865 1023 937 adoptionem
1050 872 1089 922 tt.
1117 864 1233 921 effectus
1253 872 1352 921 contra
1369 872 1476 921 textum
1495 865 1524 920 in
1541 882 1565 921 c.
1583 872 1709 921 cessante
1724 884 1750 921 r.
1769 866 1804 922 de
1822 867 1950 939 appellnt.

255 949 285 1006 ff.
315 949 350 1005 de
377 949 422 1005 rit.
453 953 531 1019 nupt.
562 955 590 1004 ct
620 950 721 1007 deiude
745 951 864 1023 probata
889 969 922 1009 ac
941 959 1054 1024 recepta
1072 972 1090 1009 a
1115 968 1201 1006 causa
1229 950 1303 1006 enim
1331 950 1527 1021 prohibitionis
1557 952 1717 1022 nuptiarum
1751 952 1826 1008 inter
1846 958 1950 1024 patrem

254 1034 340 1092 sacris
368 1034 529 1091 canonibus.
570 1052 593 1090 c.
622 1035 668 1091 lta
695 1036 811 1109 diligere
840 1054 864 1092 c.
907 1038 979 1095 illud
1005 1040 1089 1095 etiam
1115 1038 1294 1109 adoptantem
1328 1043 1357 1092 et
1384 1037 1471 1091 tiliam
1506 1037 1668 1108 adoptivam
1697 1044 1740 1094 est
1767 1040 1896 1111 adoptio,
1925 1048 1952 1096 at

255 1128 297 1177 30.
318 1139 344 1193 q.
372 1126 396 1178 ³.
417 1139 440 1177 c.
461 1120 535 1179 unic.
556 1130 623 1177 extr.
653 1123 688 1178 de
712 1141 789 1191 cogn.
815 1124 906 1197 legali.
961 1125 1088 1182 Ceterum
1115 1129 1210 1179 tumen
1242 1130 1370 1179 cessante
1401 1122 1550 1193 adoptione
1582 1140 1638 1177 uon
1666 1130 1759 1180 cessat
1792 1127 1949 1197 nuptiarum

255 1208 359 1279 duplex
380 1208 512 1263 statuitur
529 1210 664 1281 ejusmodi
695 1210 822 1281 adoptio,
845 1212 975 1281 specifica
994 1217 1022 1267 at
1041 1231 1088 1267 ar·
1115 1209 1278 1280 prohibitio,
1312 1209 1394 1280 cujus
1418 1210 1554 1265 rationem
1586 1217 1724 1281 quaeruut
1759 1212 1786 1266 in
1823 1213 1951 1285 reliqniis

254 1294 375 1363 repotia.
415 1294 540 1366 Adoptio
558 1296 686 1365 specifica
704 1304 746 1351 est
763 1305 842 1350 actm
860 1298 1013 1367 lepitimne,
1034 1317 1087 1368 qna
1112 1298 1233 1366 prataria
1249 1296 1371 1350 nominis
1385 1298 1514 1365 pater-ni,
1543 1314 1615 1367 quae
1643 1298 1727 1353 etiam
1752 1305 1818 1369 post
1835 1300 1949 1355 emanci-

248 1380 463 1449 filinrsamiiine
483 1399 544 1434 cnm
563 1399 699 1436 conterrere
709 1384 807 1452 petris
826 1384 873 1437 eni
894 1384 1035 1437 naturalis
1052 1384 1087 1435 ab
1114 1384 1253 1454 petionem
1271 1389 1300 1438 et
1312 1382 1431 1438 solutam
1446 1383 1624 1453 adoptionem
1636 1391 1793 1455 supersunt
1823 1384 1950 1441 Secunda

255 1485 308 1522 ano
334 1475 460 1522 materna
482 1468 525 1522 ael
544 1476 677 1523 extranea
701 1487 797 1525 caram
826 1471 975 1526 ordinaria
986 1470 1087 1540 jndice
1114 1475 1157 1525 est
1186 1469 1264 1541 quasi
1293 1469 1534 1538 transmeantium,
1565 1486 1636 1541 quac
1666 1471 1841 1527 contrahitur
1880 1471 1950 1527 iuter

255 1554 299 1607 ael
323 1555 493 1625 mapietratn
518 1554 548 1608 in
561 1556 658 1623 fiiinm
673 1558 837 1626 adaptatur.
878 1557 1027 1627 Arrogatio
1046 1566 1085 1610 cet
1113 1556 1276 1627 adoptatam
1303 1564 1331 1612 et
1356 1555 1427 1613 filios
1454 1556 1613 1627 adoptantis
1638 1556 1777 1628 legitimos
1795 1564 1824 1614 et
1839 1564 1949 1613 natura-

255 1647 335 1695 aetna
355 1641 506 1710 lepitimne,
532 1658 586 1710 qna
604 1644 643 1707 dr,
667 1643 717 1712 qni
732 1642 778 1695 ani
788 1643 867 1711 jwie
888 1651 936 1713 eet,
956 1661 1017 1697 cnm
1036 1662 1085 1697 an·
1114 1642 1163 1710 les,
1183 1649 1211 1698 et
1229 1642 1299 1699 haec
1318 1643 1401 1698 durat
1419 1643 1537 1699 durante
1554 1643 1704 1715 adoptione
1717 1650 1746 1701 et
1758 1644 1817 1700 filio
1830 1645 1948 1701 naturali

254 1728 383 1782 ctoritate
406 1729 549 1800 principis
574 1736 601 1782 et
626 1746 729 1783 canace
757 1730 913 1798 capnitiane
943 1730 972 1783 in
990 1731 1086 1799 fitium
1115 1728 1264 1784 exsistente
1290 1729 1319 1784 iu
1347 1735 1485 1799 potestate
1503 1730 1607 1800 patris,
1633 1729 1702 1785 aliae
1736 1748 1802 1787 sero
1829 1731 1949 1787 minime

255 1816 398 1888 recepitur.
456 1815 577 1885 objectis
612 1814 698 1887 igitur
732 1815 786 1872 hae
826 1817 899 1872 duae
928 1817 1085 1888 adoptionis
1113 1812 1141 1890 5.
1161 1816 1233 1871 inter
1252 1832 1299 1872 eas
1319 1815 1380 1871 inat.
1400 1816 1435 1870 de
1452 1821 1545 1885 nupt:
1576 1816 1611 1870 Si
1627 1834 1683 1887 qna
1693 1834 1749 1888 per
1767 1819 1949 1887 adaptionem

256 1902 361 1973 species
380 1902 513 1957 differunt
531 1918 563 1956 ac
581 1902 783 1974 quodammodo
802 1911 829 1957 at
846 1921 934 1958 cansa
948 1905 1084 1967 efficiente
1112 1904 1165 1957 titt
1187 1920 1271 1958 aanor
1298 1919 1357 1956 ease
1376 1904 1516 1973 caeperit,
1544 1904 1680 1973 ‹marradiu
1699 1905 1815 1973 qnidam
1841 1914 1949 1960 carratat

255 1998 282 2043 et
303 1991 409 2056 farma.
461 1989 491 2045 si
518 1989 591 2044 enim
615 1988 810 2044 filiusfamilias
835 1991 1011 2062 adoptandus
1034 1996 1085 2055 est,
1113 1989 1248 2059 adoptio,
1275 2004 1344 2042 sane
1368 1988 1442 2042 inter
1469 1995 1495 2041 ta
1522 1996 1548 2042 at
1571 2005 1632 2041 earn
1655 1992 1773 2058 ranptiae
1798 1992 1947 2045 canentem

255 2076 411 2148 requiritur,
429 2082 461 2131 ut
479 2094 542 2131 cum
562 2093 699 2132 consensu
715 2076 803 2147 patris
821 2078 864 2132 sni
883 2078 1017 2133 naturalis
1041 2077 1086 2133 vel
1113 2093 1169 2129 nan
1183 2083 1315 2146 possunt·
1333 2093 1395 2130 cnm
1414 2091 1545 2145 seraper
1564 2077 1817 2146 emancipationem
1830 2080 1948 2149 artoptae

254 2164 299 2219 avi
327 2162 455 2233 paterni,
478 2162 507 2217 in
534 2180 649 2234 quorum
679 2168 814 2234 potestate
845 2164 1010 2220 constitutus
1036 2170 1085 2234 cst,
1112 2163 1149 2216 ait
1180 2164 1334 2230 dissoluta,
1364 2161 1471 2232 poteria
1500 2177 1562 2215 eam
1589 2178 1705 2217 uxorem
1724 2164 1836 2217 deam.
1890 2164 1947 2219 Sed

254 2266 347 2305 coram
370 2249 465 2320 judice
492 2248 631 2304 ordinario
653 2244 689 2304 ab
715 2267 763 2315 eo,
794 2249 841 2321 qui
874 2256 903 2307 te
929 2251 1008 2305 annis
1035 2251 1084 2305 ad·
1112 2251 1140 2303 si
1168 2258 1198 2303 tn
1225 2249 1416 2319 emancipatas
1435 2249 1550 2316 saeris,
1571 2249 1643 2304 nidd
1672 2256 1712 2303 eet
1740 2250 1941 2319 impedimenta

254 2342 395 2409 optantem
421 2339 540 2390 aetatem
566 2336 706 2391 antecedit
743 2342 771 2392 et
803 2338 965 2392 naturaliter
983 2339 1020 2392 ad
1037 2356 1085 2410 ge·
1112 2336 1228 2407 nuptiis.
1269 2338 1308 2390 Et
1339 2336 1405 2389 idea
1432 2342 1554 2402 canstat,
1586 2336 1613 2389 ai
1639 2336 1703 2407 qnia
1728 2352 1864 2405 penarum
1882 2339 1947 2392 vetit

253 2423 406 2480 uerendum
428 2428 527 2492 potans
555 2428 597 2479 eet
623 2423 778 2494 adoptetur.
822 2423 851 2478 Si
869 2441 934 2480 vero
962 2426 1025 2495 quis
1043 2424 1084 2479 sui
1113 2425 1269 2494 adaptare,
1301 2424 1400 2477 dedere
1423 2438 1484 2476 enm
1508 2429 1592 2476 antea
1601 2422 1699 2489 filiam
1725 2440 1808 2478 mam
1826 2426 1948 2481 minaei·

250 2509 322 2581 juris
342 2515 503 2581 arrogatur,
520 2509 684 2580 requiritur,
713 2516 746 2564 ut
761 2526 812 2580 per
828 2511 992 2581 rescriptum
1012 2512 1085 2584 prin·
1110 2527 1200 2583 pare,
1218 2518 1245 2565 et
1261 2510 1289 2563 si
1304 2510 1367 2579 quaa
1384 2510 1450 2564 uelit
1470 2527 1571 2563 nurum
1589 2512 1747 2579 adaptare,
1766 2512 1871 2566 dedere
1890 2530 1949 2567 eum

254 2594 324 2667 cipis
356 2602 384 2651 et
417 2594 573 2650 sufficiente
604 2612 751 2650 causamn
780 2596 938 2668 cognitione
971 2605 999 2653 et
1023 2615 1085 2654 cum
1113 2606 1198 2653 antea
1215 2598 1310 2667 filinm
1336 2616 1417 2651 rernm
1440 2598 1626 2668 mnarrar'pare.
1673 2597 1753 2653 Idem
1772 2599 1909 2667 repetitur
1931 2600 1949 2655 l.

254 2700 388 2739 consensu
409 2682 558 2753 arrogandi
576 2682 626 2737 fiat
642 2683 793 2754 arrogatio.
812 2683 830 2739 l.
869 2684 966 2756 Neque
986 2685 1086 2740 absens
1112 2702 1162 2755 per
1181 2682 1359 2755 adoptionem
1393 2689 1432 2739 17.
1456 2683 1485 2738 ff.
1519 2683 1554 2738 de
1579 2684 1622 2740 rit.
1654 2688 1732 2754 nupt
1756 2701 1781 2740 c.
1805 2701 1858 2756 per
1885 2686 1949 2740 ado-

254 2770 273 2824 l.
300 2769 324 2824 si
351 2768 559 2841 paterfamilias.
585 2768 614 2825 ff.
640 2769 675 2823 do
694 2768 835 2840 adoption.
855 2767 884 2846 5.
911 2770 1022 2842 adoptio
1041 2773 1082 2826 In·
1112 2770 1235 2842 ptionem
1253 2775 1295 2826 30.
1313 2788 1340 2840 q.
1360 2778 1385 2826 3.
1407 2788 1430 2826 c.
1476 2770 1505 2827 si
1524 2787 1581 2840 qua
1606 2775 1674 2825 extr.
1696 2771 1732 2825 de
1751 2780 1864 2843 cognat
1881 2772 1948 2844 leg:

254 2856 309 2913 stit
330 2856 365 2911 de
384 2855 587 2927 adoptionibus.
606 2854 750 2920 ¹Quatuor
768 2857 854 2929 igitur
878 2857 907 2912 in
927 2857 1085 2913 universum
1115 2856 1150 2910 Si
1180 2874 1237 2925 qua
1260 2872 1315 2928 per
1341 2858 1520 2926 artoptioncm
1543 2856 1612 2909 mihi
1636 2872 1719 2909 ear-or
1737 2872 1797 2911 eeee
1818 2859 1950 2927 caeperit,

254 2942 427 2999 ffiffamdae
452 2947 517 2998 eunt
542 2943 614 2997 inter
631 2943 808 3013 adoptionem
831 2950 858 3000 et
875 2946 1086 3016 arrogationem,
1114 2944 1251 3013 quamdin
1271 2946 1358 2997 derat
1375 2944 1492 3012 adoptio
1511 2944 1583 2997 inter
1602 2960 1644 2996 me
1661 2952 1687 2996 at
1703 2943 1814 3011 ipsam,
1832 2946 1949 3021 neptae

258 3038 279 3089 l.
303 3047 359 3086 non
384 3034 476 3101 potest
500 3029 622 3101 arrogari
646 3029 699 3084 nisi
717 3030 764 3103 qui
785 3032 832 3085 sni
852 3032 933 3101 jnrr'a
952 3040 1005 3102 ert,
1036 3034 1086 3088 sed
1113 3031 1265 3085 considere
1283 3047 1338 3083 nan
1353 3038 1480 3100 pareunt.
1519 3028 1615 3084 Tertia
1633 3034 1676 3083 est
1692 3029 1831 3100 quaedam
1850 3030 1949 3104 legalis

167 3168 169 3173 .
253 3118 411 3189 adoptatur,
429 3117 477 3187 qui
505 3125 545 3169 est
573 3117 677 3186 alieni3
709 3124 732 3173 2.
759 3125 904 3190 arrogatas
934 3121 1035 3174 transit
1057 3122 1086 3173 r'n
1113 3117 1258 3185 affinitas,
1286 3132 1358 3186 quae
1377 3114 1548 3170 contrahitur
1566 3115 1638 3171 inter
1656 3131 1769 3170 uxorem
1788 3117 1950 3188 adoptantis

249 3212 417 3276 potestatem
433 3203 611 3272 arrapantr'r,
631 3202 679 3257 aed
699 3202 847 3274 adoptatas
867 3222 921 3259 non
941 3206 1039 3261 hausit
1058 3207 1086 3260 in
1113 3212 1141 3259 et
1156 3203 1330 3273 adoptatum,
1349 3210 1377 3257 et
1397 3202 1469 3257 inter
1488 3217 1603 3256 uxorem
1622 3201 1747 3272 adoptati
1767 3208 1797 3258 et
1811 3203 1949 3275 adoptan-

255 3296 422 3362 potestatcm
444 3289 604 3359 adoptantis
620 3290 638 3343 l.
659 3290 764 3359 penult.
785 3307 808 3344 c.
823 3292 857 3346 de
871 3293 979 3363 adapt;
998 3299 1021 3349 3.
1044 3311 1085 3347 ar·
1112 3296 1182 3358 tem,
1202 3306 1274 3359 quac
1294 3288 1401 3359 etipsa
1420 3293 1554 3358 perpetuo
1575 3287 1670 3356 durat,
1697 3287 1772 3342 sicut
1788 3288 1882 3359 prima
1900 3290 1950 3345 ud-

253 3384 365 3448 rogatue
384 3376 466 3429 habat
485 3376 638 3443 tapitimam
656 3376 685 3429 in
704 3375 783 3431 bonis
799 3378 981 3449 arrogatoris,
1011 3379 1085 3451 quod
1113 3375 1306 3431 scandentium
1324 3391 1358 3430 ac
1377 3374 1620 3437 descendentium,
1643 3373 1717 3428 unde
1735 3373 1876 3445 adoptans
1893 3395 1949 3433 nou

252 3464 281 3517 in
306 3462 441 3533 adoptato
466 3477 545 3515 secus
570 3460 676 3530 evenit3
706 3468 730 3516 l.
756 3464 895 3533 arrogatio
920 3482 975 3519 non
993 3470 1085 3535 potest
1111 3466 1206 3532 potest
1241 3461 1403 3517 contrahere
1440 3478 1504 3515 curn
1542 3477 1626 3515 uxore
1663 3458 1713 3514 filii
1748 3460 1876 3531 adoptivi
1915 3481 1949 3520 eo

252 3547 312 3604 fieri
330 3546 383 3601 nisi
397 3547 540 3618 principie
558 3549 735 3616 arictoritate,
754 3549 802 3604 sed
820 3548 933 3620 adoptio
946 3550 977 3604 fit
990 3558 1084 3607 aucto·
1111 3554 1234 3611 mortuo,
1261 3564 1312 3603 nec
1332 3547 1405 3601 filius
1425 3546 1572 3617 adoptivus
1593 3563 1656 3600 oum
1681 3562 1765 3601 uxore
1784 3547 1948 3619 adoptantis

252 3635 334 3690 ritate
353 3632 503 3704 cujuslibet
523 3633 702 3703 competentis
722 3634 907 3705 magistratus.
1109 3653 1142 3691 eo
1172 3640 1278 3691 mortuo
1308 3635 1326 3689 l.
1356 3633 1512 3704 Adoptivus
1556 3638 1596 3688 14.
1629 3631 1660 3687 ff.
1700 3632 1735 3687 de
1768 3632 1813 3687 rit
1850 3641 1948 3708 nupt:

287 3726 347 3777 att.
383 3718 497 3790 Legalis
515 3718 645 3791 cognatio
664 3736 697 3773 ex
715 3721 863 3792 adoptione
883 3729 943 3778 orta
967 3724 1082 3780 docendi
1109 3721 1270 3793 Adaptr‘ans
1286 3721 1368 3789 filins
1389 3721 1416 3773 si
1437 3720 1636 3789 emancipatur,
1660 3736 1735 3787 eam,
1756 3736 1831 3790 qnae
1848 3724 1948 3793 patrie

251 3824 335 3865 eausa
359 3807 461 3879 triplex
488 3807 571 3862 statui
599 3812 698 3877 potest.
744 3809 837 3864 Prima
864 3814 906 3865 est
935 3810 1012 3880 quasi
1033 3813 1084 3864 aad·
1110 3808 1239 3878 adoptivi
1254 3825 1325 3860 near
1343 3808 1409 3874 fnit,
1427 3808 1527 3860 dnaere
1544 3813 1712 3875 nanpateet,
1730 3807 1797 3875 qaia
1809 3825 1950 3865 nwereae

252 3895 443 3949 scandentium
468 3900 494 3947 et
523 3896 762 3962 descendentium,
791 3895 951 3966 adoptantis
979 3897 1086 3951 scilicet
1110 3896 1201 3950 lacem
1228 3895 1316 3947 inaltet.
1365 3892 1450 3946 item:
1491 3892 1526 3945 Si
1556 3893 1619 3959 qnia
1642 3888 1737 3958 filium
1756 3895 1948 3966 adaptaverit,

252 3987 280 4036 et
303 3981 429 4052 adoptati
453 3998 486 4035 ac
513 3980 739 4035 descendentium
765 3980 887 4051 abipso.
937 3982 1084 4037 Perillam
1108 3998 1222 4036 n‘tarem
1243 3982 1383 4049 ejnadem,
1404 3995 1476 4048 pente
1494 3996 1584 4031 nnana
1610 3978 1673 4033 laco
1693 3986 1747 4045 est,
1772 3997 1807 4034 ne
1831 3982 1949 4052 quidem

253 4069 326 4124 onim
358 4067 551 4139 cognationem
585 4065 657 4121 inter
689 4067 888 4123 adscendentes
917 4076 946 4124 at
973 4070 1084 4126 descen·
1107 4076 1173 4138 part
1192 4067 1443 4136 enmrrcipetianem
1455 4065 1516 4135 fitia·
1538 4067 1642 4118 atemere
1655 4067 1778 4135 poterit,
1808 4070 1948 4137 waiam

252 4156 349 4211 dentes
376 4152 528 4225 acquiritur
547 4154 596 4224 jus
619 4151 684 4222 filii,
712 4154 792 4223 cujus
822 4155 916 4226 vigore
935 4155 1086 4227 impeditur
1110 4156 1267 4224 aliprmnda
1285 4171 1372 4206 nrrrns
1390 4153 1418 4205 ei
1433 4152 1499 4217 snit.
1530 4150 1709 4207 Lancellotus
1730 4152 1779 4209 lib.
1799 4160 1825 4212 2.
1842 4156 1884 4213 tit
1908 4162 1947 4213 ta.

252 4240 456 4297 matrimonium
476 4238 707 4309 contrahendum,
732 4240 789 4294 sive
806 4240 898 4295 adhuc
917 4241 998 4296 drrret
1014 4241 1180 4309 illudfiduas
1209 4239 1307 4311 legalis
1335 4238 1508 4307 cognationis
1536 4238 1641 4307 species
1672 4238 1830 4309 constituit,
1863 4260 1947 4297 ernam

246 4330 307 4399 jus,
338 4327 396 4383 sive
415 4325 637 4396 emancipatione
654 4325 698 4381 sel
718 4325 772 4381 alio
798 4326 880 4381 modo
899 4327 935 4383 sit
954 4314 1097 4399 solutum,'
1111 4344 1183 4398 qnae
1211 4326 1391 4394 ternparalam
1421 4324 1590 4396 impediendi
1621 4325 1788 4380 matrimonii
1830 4344 1947 4385 causam

250 4416 325 4471 unde
350 4415 454 4486 siquis
479 4415 592 4484 adoptet
609 4414 731 4485 aliquam
750 4414 777 4466 in
798 4414 897 4483 filiam,
922 4415 1004 4469 etiam
1022 4410 1240 4493 posticontinet,
1256 4412 1371 4466 alteram
1383 4427 1456 4478 vero,
1478 4427 1549 4481 quae
1559 4419 1733 4482 perpetuam.
1765 4412 1812 4466 Ad
1824 4415 1949 4485 priorem

250 4503 368 4558 solutam
399 4501 575 4573 adoptionem
601 4505 630 4555 et
654 4500 914 4570 emancipationem,
945 4518 996 4556 nec
1021 4500 1194 4557 cumtrefert
1212 4497 1404 4570 cognationem
1426 4498 1674 4562 transmeantium,
1704 4497 1740 4552 ad
1765 4503 1950 4569 posteriorem

250 4590 305 4654 illa,
327 4606 378 4645 nec
397 4587 571 4659 cumulique
591 4588 652 4657 ejus
673 4586 857 4641 descendente
881 4588 1083 4643 matrimonium
1095 4584 1099 4639 l
1111 4604 1176 4642 sero
1194 4587 1422 4641 adscendentinm
1444 4595 1469 4639 et
1494 4585 1719 4640 descendentium
1742 4587 1949 4658 cognationem.

252 4675 414 4731 contrahere
436 4678 542 4746 potest,
569 4689 633 4728 cum
651 4673 707 4728 sint
726 4681 858 4745 tanquam
886 4675 1085 4731 adscendentes
1111 4674 1182 4729 Item
1201 4673 1320 4741 tapetem
1341 4672 1526 4739 affinitatem,
1550 4673 1600 4728 sed
1618 4688 1662 4727 res
1681 4672 1833 4747 utrobique
1850 4676 1950 4732 eodem

137 4770 180 4813 xv.
194 4770 240 4814 m.
254 4766 282 4817 et
302 4761 509 4818 descendentes.
539 4756 566 4833 5.
611 4760 686 4829 Ergo
711 4777 766 4816 non
792 4776 894 4817 omnes.
922 4767 945 4819 2.
961 4763 1031 4832 ginst.
1050 4763 1086 4817 de
1112 4759 1192 4815 redit
1747 4820 1750 4824 ,

252 4855 345 4920 nupt:
380 4850 460 4902 inter
488 4864 535 4902 aas
557 4862 712 4917 pesonae,
745 4864 816 4917 qnae
840 4855 991 4916 parentam
1020 4849 1087 4902 tibe-
1149 4852 1207 4901 ate.
1242 4846 1287 4901 Dc
1311 4844 1363 4899 hoc
1385 4845 1551 4901 matrimonii
1575 4845 1772 4916 impedimento
1795 4849 1950 4905 concilium

251 4951 379 4989 rarnmac
399 4936 491 4988 taceam
516 4936 588 4987 inter
615 4949 644 4986 aa
661 4933 799 5003 attinent,
826 4936 955 4989 contrahi
972 4936 1086 5005 nuptiae
1111 4933 1305 4989 Tridentinum
1324 4933 1393 4989 nihil
1410 4932 1543 4987 definivit.
1575 4932 1760 4988 Bellarminus
1771 4936 1950 5003 paucissimis

252 5039 308 5076 nan
333 5030 467 5091 pareunt,
493 5029 520 5076 et
544 5023 613 5076 haec
630 5023 703 5075 adea
721 5038 789 5075 aera
809 5030 886 5089 ararat,
912 5031 942 5074 nt
959 5024 1086 5091 quamuis
1112 5020 1183 5075 illud
1213 5020 1326 5091 attingit
1349 5020 1384 5076 de
1408 5020 1525 5075 matrim.
1554 5036 1576 5073 c.
1597 5026 1639 5076 30.
1688 5020 1826 5087 Cepnatio
1845 5022 1952 5092 tepolis

247 5126 302 5180 per
321 5109 502 5177 adaptionem
520 5116 667 5177 parentum
686 5108 1010 5163 liberarumaelocaeida'
1027 5106 1223 5178 esee·(inquit)
1251 5107 1326 5161 inter
1352 5106 1551 5176 impedimenta
1582 5106 1755 5160 matrimonii
1785 5111 1888 5163 merito
1914 5112 1950 5165 nb

251 5195 409 5265 caepem'nt,
442 5212 498 5248 nan
518 5195 630 5266 paraint
649 5196 722 5249 inter
744 5211 773 5248 ee
793 5194 970 5249 matrimonia
990 5197 1085 5266 jnnpi,
1112 5183 1232 5249 ecelesia
1254 5195 1393 5262 refertur,
1423 5195 1492 5264 qnia
1520 5201 1640 5262 pnetraor
1666 5194 1791 5247 rationes
1812 5212 1873 5264 pra
1898 5200 1951 5251 ad·

251 5283 282 5335 in
299 5288 413 5347 mnium,
433 5288 463 5334 nt
481 5281 565 5335 etiam
583 5282 721 5335 dissoluta
741 5282 894 5350 adoptione
920 5281 993 5335 idem
1006 5282 1249 5352 jurie'stmtenda
1271 5280 1407 5335 ecclesiae
1432 5279 1623 5349 prohibitirme
1650 5280 1679 5333 in
1704 5284 1951 5349 comanpninitote

251 5375 370 5422 manem.
401 5366 500 5436 Itaque
517 5384 587 5435 cam,
607 5384 678 5436 qnae
696 5369 810 5437 tidiper
829 5368 1009 5436 adaptionem
1016 5370 1084 5438 filia
1097 5304 1100 5433 i
1113 5378 1139 5423 et
1155 5368 1298 5434 affinitate
1315 5383 1403 5437 neque
1420 5367 1462 5419 nd
1477 5367 1638 5437 septimam,
1654 5374 1756 5437 postea
1774 5384 1843 5423 aero
1860 5387 1950 5442 usqae

251 5454 296 5509 ael
315 5454 406 5524 neptia
425 5470 483 5507 cese
502 5455 635 5523 caeperit,
654 5455 828 5525 nanpatcrie
844 5456 1084 5522 taxaremdnaera
1112 5458 1153 5510 ad
1182 5464 1314 5527 quartum
1343 5455 1464 5523 pradum
1497 5454 1581 5507 etiam
1611 5454 1640 5507 in
1668 5454 1758 5524 lepati
1778 5459 1951 5524 aspectione

253 5541 379 5613 mamete
414 5558 476 5597 eam
505 5542 737 5611 emancipaveris.
763 5556 789 5597 c.
816 5540 856 5597 ita
884 5541 1007 5614 diligere.
1042 5549 1083 5600 30.
1111 5545 1204 5599 laartm
1223 5558 1257 5596 aa
1274 5541 1329 5595 aim
1345 5540 1475 5596 obtinent.
1508 5538 1563 5596 Sed
1581 5540 1649 5612 quid
1667 5540 1773 5597 roboris
1791 5557 1828 5597 aa
1846 5542 1950 5601 sirium
