4020 6022
766 212 819 271 Dii
839 211 1039 275 corworo.
1686 226 1748 285 269

56 379 79 429 t.
97 372 170 431 mm.
190 374 215 443 i,
234 390 261 431 v.
281 377 305 429 8.
324 372 484 444 cumprimis
502 388 567 429 vero
581 370 745 443 spiritualia,
762 369 891 425 informa
917 368 1093 429 Justinianus
1104 370 1228 429 reddidit
1244 390 1299 429 acu
1315 372 1587 445 pictus,0smpensia
1604 374 1690 428 ueiuh'
1707 381 1748 428 tc·

51 459 160 516 tionem
173 458 204 513 in
214 458 279 531 lege
287 458 407 528 Domini,
419 459 647 516 condonationem
659 462 843 525 peccatorum,
851 455 892 509 in·
912 466 1009 527 petum
1020 461 1136 515 eneruis
1150 468 1177 514 ct
1188 462 1266 515 mnis
1277 468 1418 516 commone
1429 478 1498 530 suns,
1504 459 1647 532 Pagninns
1660 459 1750 514 coriis

53 546 256 602 habitationem
265 552 294 601 et
302 546 534 618 gubernationem
542 544 662 616 Spiritus
672 543 769 610 sancti,
777 542 890 614 promis·
916 544 1749 618 membrs'sdecoratusrumineturoperispbrppionicitffl

52 635 161 689 sionem
179 633 253 689 vitae
270 640 407 689 astemus.
435 640 459 688 8.
475 634 515 686 Et
529 632 654 685 mutio
674 639 724 683 tua
742 628 892 684 custodiuit
915 631 1029 703 interpr.
1050 639 1191 690 verterunt
1207 638 1254 689 aul
1265 636 1282 703 si
1294 633 1445 697 intercute
1456 654 1521 705 μου,
1535 633 1663 705 legerunt
1675 638 1749 688 enim

52 720 188 791 sphiram
221 738 318 775 meum,
368 718 451 774 LXX
490 718 602 789 interpr.
632 716 648 785 ἡ
679 712 814 783 inconcus}
839 732 891 769 σου
917 710 1017 793 'filiii
1047 720 1083 775 ob
1109 721 1250 776 literarum
1276 726 1336 777 lei
1359 721 1378 770 Ἶ
1399 720 1614 777 similitudinem.
1660 717 1751 773 Addit

52 802 182 879 ἔφύλαεέ
204 826 261 880 μου
287 810 318 860 τό
349 808 471 875 πνεῦμα.
509 805 609 879 Plini}
628 802 769 875 significat
796 802 892 857 etsoa·
916 810 1025 871 autem,
1051 824 1081 861 se
1105 824 1164 863 ease
1190 807 1338 863 formatum
1356 814 1384 863 et
1402 812 1576 878 compactum
1596 807 1625 859 in
1643 804 1749 859 accubo

53 894 169 958 tionem,
187 893 396 963 impactionem,
410 891 635 961 praefecturam,
653 906 724 961 quae
743 888 892 945 omniahic
917 898 943 944 et
960 892 990 945 in
1014 894 1201 958 inferioribus
1226 904 1332 964 terne,
1357 893 1386 947 id
1406 898 1448 948 est
1471 892 1500 946 in
1520 898 1598 947 utero
1618 896 1750 960 materno,

55 978 148 1034 locum
172 977 277 1035 habere
304 986 425 1049 possunt.
479 977 556 1031 Dens
573 976 648 1030 enirn
672 975 806 1047 singulari
823 938 946 1055 curaiin
973 978 1075 1033 abditis
1101 988 1241 1037 maternae
1267 981 1322 1035 alvi
1350 978 1487 1044 claustris,
1514 980 1543 1034 in
1572 978 1633 1033 loco
1662 976 1750 1048 magis

55 1082 91 1121 ac
105 1064 252 1137 vigilantia
264 1065 386 1120 custodit
397 1064 523 1135 spiritum
536 1061 665 1131 hominis,
681 1060 734 1117 hoc
745 1066 787 1116 est
797 1060 891 1128 vitam,
916 1062 1095 1130 abscondito,
1121 1084 1204 1139 quam
1230 1074 1272 1123 est
1300 1068 1386 1122 ullum
1412 1071 1503 1121 terrae
1526 1072 1643 1121 antrum.
1690 1063 1749 1119 hta·

55 1152 140 1221 cujus
165 1152 276 1223 signum
302 1160 345 1208 est
372 1151 529 1222 respiratio,
556 1150 652 1204 visitat
676 1148 814 1204 hominem
839 1166 891 1217 per
919 1150 1039 1221 taphora
1066 1151 1152 1207 ducta
1175 1160 1217 1209 est
1234 1152 1279 1207 vel
1307 1170 1325 1207 a
1345 1152 1479 1222 metallis,
1506 1151 1624 1224 quaein
1645 1150 1750 1203 intimis

56 1240 197 1293 matutino
215 1239 273 1294 sive
291 1238 413 1310 quotidie
425 1235 489 1292 Job.
509 1243 533 1301 i,
552 1254 576 1290 v.
600 1240 638 1291 18.
652 1252 685 1290 ac
702 1235 788 1289 instar
799 1232 906 1329 vigilis⁸
920 1243 1011 1292 terrae
1029 1238 1182 1294 visceribus
1199 1246 1375 1312 generantur,
1394 1240 1439 1296 sel
1457 1256 1475 1295 a
1495 1238 1623 1310 frugibus
1642 1243 1750 1293 eterra

55 1322 192 1395 praefecti
210 1340 355 1394 persuum
373 1323 574 1395 providentiam
602 1321 695 1376 omnia
730 1337 813 1392 quam
831 1318 1109 1399 dili-{nascentibus
1146 1326 1219 1381 sicut
1257 1334 1285 1382 et
1309 1326 1451 1381 Abraham
1487 1334 1585 1395 petrae
1620 1340 1653 1379 ac
1681 1323 1751 1378 Sara

56 1410 221 1481 gratissime
245 1409 387 1474 observat,
418 1424 488 1463 neve
506 1414 563 1463 rita
581 1408 699 1464 hominis
721 1405 828 1476 aliquid
844 1404 1055 1465 de-lccsernoe
1074 1413 1152 1482 putei
1173 1419 1350 1484 compassus
1368 1413 1431 1469 Esa.
1452 1418 1493 1475 51,
1509 1428 1536 1465 v.
1557 1417 1579 1467 1.
1615 1410 1749 1482 Phrygio·

57 1495 182 1551 trimenti
200 1496 303 1566 capiat,
323 1496 519 1566 benignissime
535 1501 708 1566 praeservat,
736 1492 820 1564 idque
836 1510 892 1547 non
903 1532 906 1539 ,
918 1514 966 1552 nes
984 1513 1039 1552 non
1058 1499 1201 1553 oculorum
1220 1498 1324 1567 solum,
1349 1500 1398 1553 sed
1417 1498 1500 1554 etiam
1518 1502 1630 1552 ermeno
1647 1495 1751 1550 lumine

58 1582 149 1638 solum
169 1598 203 1637 eo
220 1589 352 1652 tempore,
368 1598 422 1651 quo
440 1580 521 1637 homo
540 1581 631 1635 adhuc
648 1584 727 1635 utero
745 1542 906 1645 conclusuri
920 1584 956 1638 ad
973 1582 1091 1638 artificia
1110 1601 1161 1639 sua
1183 1583 1369 1656 praetexenda
1386 1583 1522 1655 indigent,
1539 1582 1589 1639 sed
1601 1582 1677 1637 Deus
1693 1587 1752 1636 tam

58 1674 180 1731 tenetur,
202 1668 251 1723 sed
268 1685 318 1739 per
334 1673 423 1722 toturn
440 1667 514 1722 vitae
525 1672 643 1738 tempus,
664 1666 789 1737 quamvis
809 1664 892 1735 longe
918 1676 1016 1741 potens
1034 1686 1068 1725 ac
1086 1671 1196 1742 sapiens
1215 1670 1314 1725 artifex
1333 1677 1389 1736 eat,
1413 1669 1461 1740 qui
1478 1670 1561 1725 etiam
1588 1668 1616 1723 in
1633 1667 1751 1723 tenebri-

56 1753 211 1811 mirabilior
231 1754 267 1808 sit
287 1754 344 1808 vita
361 1752 478 1808 hominis
496 1754 525 1807 in
546 1759 625 1808 ntero
648 1759 787 1821 materno,
816 1752 892 1804 undo
921 1773 985 1811 ooso
1004 1757 1076 1811 uteri
1094 1757 1215 1813 claustm
1225 1756 1380 1813 mirabilem
1391 1756 1467 1811 illam
1480 1754 1601 1826 corporis
1614 1760 1751 1810 texturam

56 1843 95 1898 ad
112 1858 175 1897 eam
193 1840 342 1912 praecipue
357 1839 402 1894 hic
419 1840 496 1894 locus
513 1838 681 1894 referendus.
917 1842 1060 1899 absolvere
1084 1850 1182 1914 potest.
1224 1843 1271 1897 Ad
1296 1844 1366 1897 illud
1390 1841 1614 1898 conformationis
1640 1845 1749 1910 tempus

10 1930 17 1962 ¹
92 1934 153 1985 445.
188 1927 252 1984 Non
275 1927 380 1982 minore
405 1924 552 1981 verborum
578 1925 699 1999 ἔμφιὶσει
719 1942 752 1979 ac
769 1924 892 1995 pondere
917 1927 1001 1983 ctiam
1021 1928 1074 1986 hoc
1092 1931 1221 2001 pertinet,
1237 1931 1312 2003 quod
1331 1946 1400 1985 vers.
1419 1936 1443 1983 5.
1456 1928 1531 1993 dicit,
1548 1936 1625 1983 retro
1641 1934 1666 1981 et
1685 1934 1750 1981 ante

10 2003 26 2073 't
58 2014 199 2087 propheta
230 2013 324 2085 regius
356 2013 391 2068 de
420 2012 610 2083 conceptionis
640 2027 674 2066 sc
707 2008 891 2083 generationis
914 2015 1052 2080 formasti
1082 2034 1124 2071 me
1151 2025 1179 2072 et
1205 2019 1331 2090 posuisti
1353 2032 1439 2086 super
1462 2032 1505 2069 me
1528 2031 1641 2069 nanum
1666 2022 1749 2082 tuan

57 2118 142 2174 opere
169 2093 279 2156 dissent
312 2099 415 2157 Psalm.
445 2104 501 2156 139.
548 2100 699 2170 Postquam
724 2096 797 2152 enim
838 2093 891 2150 Del
917 2101 1076 2171 qnodidem
1090 2109 1140 2172 est,
1154 2103 1229 2175 quod
1240 2102 1330 2159 debus
1345 2102 1420 2170 dicit,
1435 2101 1749 2164 munustuuesecerunt

58 2186 261 2257 providentiam
278 2186 353 2242 circa
371 2187 445 2239 uitae
462 2186 600 2240 tunsunoe
611 2202 795 2255 propressum
812 2199 890 2253 pras·
917 2206 959 2241 me
979 2189 1009 2241 in
1026 2189 1161 2258 circuitu,
1190 2188 1326 2262 quidquid
1345 2206 1414 2253 sum,
1433 2204 1478 2243 me
1495 2193 1598 2257 totum,
1617 2192 1748 2257 quantus-

57 2274 216 2342 dicnverat,
242 2270 389 2342 adipsum
410 2272 656 2342 uisaes'npressurn
682 2269 891 2341 retrograditur,
917 2282 1036 2345 quantus
1062 2292 1137 2340 sum,
1164 2280 1196 2329 tn
1223 2276 1361 2345 formasti,
1388 2274 1521 2330 interiora
1551 2280 1580 2329 et
1607 2270 1750 2340 exteriore,

56 2363 134 2417 circa
151 2376 233 2431 quem
251 2357 406 2413 mirabilem
426 2357 480 2413 Dei
506 2356 708 2429 providentiam
727 2374 782 2411 non
800 2355 890 2409 minus
915 2362 1054 2417 anterima
1090 2368 1118 2418 et
1152 2362 1305 2433 posteriora
1332 2378 1394 2417 mea
1423 2360 1548 2417 membra
1583 2367 1648 2414 sunt
1680 2376 1749 2430 opus

56 2446 263 2520 agnoscendam
287 2450 315 2499 et
342 2445 559 2516 praedicandam
586 2444 666 2500 nobis
684 2443 821 2515 proponit.
857 2442 890 2495 ln
916 2466 1048 2504 manuum
1068 2456 1193 2517 tuarum,
1223 2466 1276 2505 nec
1293 2448 1382 2503 solum
1402 2465 1445 2504 me
1461 2448 1490 2502 in
1515 2454 1592 2503 utero
1616 2445 1750 2512 formasti,

55 2549 159 2607 genere
172 2532 240 2588 dicit
250 2550 275 2588 v.
297 2539 340 2588 14:
359 2530 515 2596 Cosstitedor
527 2532 586 2599 tibi,
603 2532 661 2585 aive
673 2530 796 2584 laudabo
810 2537 843 2593 te,
858 2545 890 2582 eo
918 2536 1068 2592 sedetiam
1089 2551 1138 2606 per
1156 2540 1245 2589 totum
1262 2535 1338 2589 vitae
1353 2533 1500 2590 decursum
1517 2550 1560 2589 me
1573 2532 1749 2595 conservasti,

55 2623 135 2691 quod
145 2619 315 2675 terribsiihne
327 2618 446 2689 (multis)
460 2620 627 2683 mirificatus
637 2635 698 2671 eunt
715 2615 891 2671 mirabilibus
917 2623 946 2677 id
973 2622 1047 2678 enim
1065 2623 1213 2692 interprete
1232 2622 1346 2693 Lyrano
1363 2638 1414 2692 per
1440 2620 1604 2692 positionem
1622 2619 1666 2674 vel
1685 2636 1749 2688 sup·

55 2708 188 2778 operibus
223 2708 292 2773 tuis,
326 2711 358 2761 ut
389 2710 500 2762 vertunt
531 2704 674 2775 Pugninus
708 2702 805 2771 Arias,
841 2701 890 2758 aed
917 2709 1079 2780 positionem
1104 2725 1202 2763 manus
1227 2707 1400 2779 intelligitur.
1423 2726 1448 2783 y.
1471 2711 1515 2763 13:
1537 2708 1581 2760 Tu
1596 2705 1751 2776 possedisti

55 2793 142 2850 LXX
159 2795 272 2864 interpr.
292 2800 321 2848 et
339 2810 385 2848 eos
404 2802 515 2849 secum·
528 2792 667 2848 Lutherua
684 2790 832 2845 dilucidius
850 2789 890 2843 aio
915 2812 997 2850 renea
1019 2812 1107 2860 meos,
1125 2794 1218 2849 teeeete'
1234 2811 1276 2848 me
1302 2795 1332 2848 in
1352 2802 1431 2848 cetero
1459 2794 1559 2847 enutris
1578 2808 1672 2859 meae,
1694 2808 1749 2862 quo

55 2881 194 2937 reddunt:
220 2880 377 2947 Cossfitebor
394 2880 463 2947 tibi,
483 2880 561 2949 qascd
572 2878 741 2932 mirabiliter
758 2876 890 2946 mirifico·
917 2881 985 2938 dicit
1015 2882 1151 2952 quomodo
1193 2880 1389 2951 cogitationes,
1424 2880 1541 2935 affectus
1571 2886 1599 2934 et
1628 2877 1750 2932 actiones

55 2976 111 3031 tm,
130 2966 183 3021 ¹100
199 2972 242 3020 eti
260 2964 393 3020 formam
414 2982 484 3028 tum,
502 2955 615 3038 ”iiiiii
636 2963 819 3031 itrrifflilms
837 2962 890 3019 h⁰⁰
916 2985 994 3024 meae
1019 2968 1146 3024 notitiam
1176 2975 1252 3024 tuam
1272 2968 1415 3039 fugerent,
1439 2984 1501 3023 cum
1523 2982 1602 3021 renes
1620 2962 1750 3019 interiora

57 3061 104 3108 est
120 3051 289 3116 terribiliter,
303 3052 438 3123 φοβερῶς,
449 3052 515 3121 quia
531 3049 646 3105 ablativi
661 3051 735 3121 apud
748 3049 891 3106 Hebraeos
916 3056 966 3111 illa
991 3055 1098 3111 viscera
1124 3054 1152 3107 in
1177 3070 1292 3124 corpore
1318 3052 1509 3109 delitescentia
1535 3049 1692 3123 possederis
1715 3066 1749 3104 ac

58 3146 230 3211 usurpantur
249 3156 300 3210 pro
321 3137 468 3205 adverbiis,
486 3154 519 3191 ac
535 3136 694 3193 terribiliter
710 3136 822 3207 ponitur
840 3154 890 3208 pro
917 3141 1010 3197 sedem
1029 3141 1104 3195 illam
1122 3140 1273 3196 affectuum
1291 3138 1467 3206 formaveris,
1496 3154 1595 3208 meque
1622 3136 1651 3190 in
1670 3142 1749 3191 utero

56 3245 104 3291 co,
124 3226 200 3299 quod
219 3230 263 3281 est
281 3224 458 3293 mirabiliter,
483 3240 555 3295 quae
572 3223 645 3278 enim
661 3222 799 3277 mirabilia
818 3230 892 3293 sunt,
917 3228 1014 3282 matris
1032 3226 1132 3282 texeris
1162 3226 1244 3281 coriis
1276 3230 1305 3280 et
1322 3223 1481 3281 secundinis
1492 3222 1658 3279 involvendo
1686 3227 1750 3276 eta

55 3322 192 3370 terrorem
210 3329 244 3366 80
262 3312 388 3367 timorem
408 3310 533 3365 intulere
552 3310 648 3365 wlent·
686 3293 792 3383 'iiiiii
813 3311 890 3363 oriri·
916 3314 1000 3368 variis
1042 3313 1153 3369 casibus
1193 3312 1314 3383 benigne
1349 3310 1528 3383 protegendo.
1591 3308 1750 3365 Secundum

48 3404 160 3470 Jicctus
170 3417 241 3469 sum,
250 3398 302 3453 hoc
311 3404 354 3454 est
362 3396 524 3453 mirabiliter
533 3395 768 3465 formatus„LXX
777 3396 890 3467 interpr.
917 3405 1027 3471 tempus
1039 3406 1082 3455 est
1092 3398 1355 3468 concamerationis
1363 3398 1420 3451 siue
1430 3398 1543 3470 primae
1554 3395 1751 3469 conceptionis.

55 3486 240 3543 reddiderunt
260 3481 487 3554 iouvpucroitnc,
507 3483 556 3540 sed
574 3481 701 3539 inHebr.
722 3488 891 3553 attiners.
919 3486 1157 3552 Quemadmodum
1180 3486 1254 3540 euim
1272 3484 1361 3541 Jobus
1386 3485 1415 3538 in
1434 3482 1622 3555 praedicando
1647 3482 1748 3538 torma·

56 3574 215 3631 Mirobiiia
238 3582 302 3627 sunt
326 3590 413 3644 opera
439 3579 489 3625 tua
512 3568 681 3640 (cumprimis
707 3569 776 3624 illud
793 3570 891 3625 forma-
917 3574 1001 3631 tionis
1019 3590 1102 3644 opere
1120 3572 1298 3644 progreditur
1315 3576 1497 3635 συνθετικῶς,
1524 3577 1555 3624 ut
1573 3571 1601 3623 in
1619 3568 1749 3641 praeced.

54 3662 144 3717 tionis
172 3664 253 3732 opus)
282 3668 308 3715 et
340 3660 436 3714 anima
462 3674 525 3712 meu
555 3657 606 3712 icc
636 3657 776 3725 capnoecit
807 3656 892 3711 ualde
918 3658 946 3734 ξ
964 3660 1107 3732 apparuit,
1133 3660 1173 3714 ite
1198 3656 1342 3729 psalmista
1366 3657 1394 3711 in
1414 3657 1538 3727 ejusdem
1566 3655 1750 3726 descriptione

56 3758 145 3819 etque
162 3765 197 3803 ex
216 3748 265 3803 illa
283 3746 516 3818 contemplatione
533 3744 569 3800 ad
589 3743 700 3799 laudem
729 3750 757 3797 et
775 3744 892 3815 gloriam
918 3747 1094 3820 progreditur
1112 3743 1289 3812 ἀναλυτικοῖς,
1307 3760 1325 3798 a
1342 3743 1542 3814 gubernatione
1560 3741 1665 3796 scilicet
1677 3742 1751 3795 vitae

58 3835 166 3891 nomini
184 3840 234 3890 tuo
251 3834 397 3889 dicendam
410 3831 539 3903 assurgit.
573 3830 606 3884 ld
618 3830 708 3900 ipsum
727 3845 761 3883 er
776 3836 893 3884 naturae
918 3836 1055 3890 humanae
1075 3832 1111 3886 ad
1129 3832 1322 3887 formationem
1336 3828 1454 3885 hominis
1472 3829 1502 3883 in
1514 3838 1601 3893 utero,
1621 3826 1750 3883 aforma-

58 3922 166 3977 lumine
200 3919 403 3992 quodammodo
440 3920 523 3973 eiiam
558 3917 675 3988 gentiles
713 3923 893 3987 agnoverunt,
919 3922 994 3977 tione
1021 3920 1057 3974 ad
1085 3918 1202 3990 primam
1231 3916 1447 3989 conceptionem.
1499 3916 1629 3979 Informc
1654 3932 1750 3982 means,

58 4008 128 4063 inde
155 4007 301 4062 Avicenna
329 4004 517 4078 generationis
554 4010 583 4059 et
616 4001 793 4077 formationis¹
824 4018 894 4072 opus
919 4008 1023 4079 inquit,
1051 4007 1182 4060 ciderunt
1208 4004 1285 4058 oculi
1305 4004 1355 4059 tui.
1391 3986 1445 4078 0¹23
1473 4001 1584 4073 proprie
1612 3999 1751 4073 significat

56 4098 144 4151 vocat
159 4112 295 4148 murnum
311 4102 432 4147 naturae
448 4091 624 4145 miraculum.
659 4088 782 4144 Galenus
800 4087 827 4142 in
846 4087 895 4144 lib.
920 4095 1102 4166 glomeravit,
1122 4091 1356 4161 scriptumst-asie,
1376 4090 1527 4159 consciret,
1545 4088 1618 4143 sicut
1635 4086 1750 4159 pellium

57 4200 101 4237 an
118 4197 212 4237 omnes
230 4179 384 4251 particulae
397 4178 479 4233 simul
491 4176 569 4247 fiant,
586 4176 643 4233 soli
654 4179 718 4231 Deo
738 4183 895 4229 uncturae
921 4179 1092 4236 convolvitur
1122 4186 1146 4235 2.
1176 4178 1246 4250 Reg.
1277 4183 1308 4243 t,
1340 4195 1365 4233 v.
1398 4182 1421 4233 8.
1455 4176 1522 4231 inde
1541 4159 1612 4249 :23
1637 4175 1752 4243 plantes,

55 4271 114 4324 tce
139 4284 209 4339 opsu
235 4267 375 4336 eopnoum
395 4282 454 4319 esse
479 4264 589 4320 fatetur.
638 4264 741 4319 Postea
758 4277 776 4316 a
793 4277 894 4331 penore
921 4266 1201 4339 91mn,quodper
1218 4263 1408 4336 metaphoram
1419 4262 1622 4335 applicaturad
1635 4276 1752 4315 mamam

58 4354 240 4427 progreditur
259 4352 352 4407 David
378 4354 419 4406 ad
445 4352 563 4422 speciem
582 4367 616 4406 ac
633 4349 895 4421 contemplationem
921 4355 998 4410 illam
1031 4353 1171 4409 muliebris
1202 4370 1235 4407 ac
1264 4350 1351 4406 virilis
1377 4350 1488 4405 seminis
1512 4348 1541 4403 in
1574 4348 1664 4419 prima
1688 4363 1751 4401 con·

57 4440 140 4496 illam
157 4442 186 4495 in
206 4440 261 4494 tria
277 4447 403 4511 tempora
421 4438 576 4509 distinguit.
627 4438 749 4492 Primum
771 4444 814 4493 est
831 4454 896 4492 con·
922 4442 1050 4513 ceptione
1075 4439 1308 4512 conglomeratum
1331 4446 1358 4493 et
1382 4436 1573 4509 coagulatam,
1604 4443 1752 4506 numquam

55 4526 254 4596 formationis,
274 4526 383 4596 dequo
402 4524 547 4595 subjungit
572 4541 597 4581 v.
619 4530 658 4580 15.
677 4542 733 4578 sicu
750 4526 808 4587 fuit
832 4543 851 4577 a
870 4530 896 4578 tc
921 4530 962 4583 vis
980 4528 1113 4593 πλαστικὴ
1136 4526 1172 4581 ad
1190 4526 1376 4581 membrorum
1399 4523 1597 4595 effigiationem
1617 4528 1751 4592 assurgat,

57 4614 200 4673 ocmdtum
218 4630 320 4683 corpus
337 4628 442 4677 metm,
465 4612 578 4679 quassas
602 4629 621 4663 a
638 4617 665 4664 te
681 4612 777 4675 factus
801 4612 849 4674 fui
865 4613 895 4664 in
920 4615 1005 4684 Terg.
1025 4612 1146 4667 reddidit
1164 4600 1246 4687 'iiiiii
1267 4626 1370 4681 corpses
1388 4628 1485 4665 ineunt
1531 4608 1614 4663 LXX
1635 4608 1748 4679 interpr.

58 4700 181 4769 occulto,
194 4701 274 4753 uarie
292 4706 451 4768 compactus
469 4714 530 4751 aum
547 4698 577 4751 in
595 4698 660 4751 imis
678 4705 778 4752 turae.
816 4696 894 4764 :pb
920 4702 951 4757 τὸ
970 4698 1177 4774 ἀκαιέργαστὸν
1200 4720 1264 4771 μου,
1296 4696 1478 4769 Symmachus
1497 4692 1670 4769 ἀμόρφωιὸν
1686 4714 1752 4767 μου,

58 4786 175 4861 proprie
191 4784 333 4857 significat
351 4802 405 4838 ocu
430 4784 529 4853 pinse,
556 4800 609 4838 acu
628 4784 671 4839 vel
685 4790 796 4839 textura
806 4784 1213 4862 varios1Vulg.inspersectum
1229 4802 1327 4853 merem,
1340 4784 1515 4840 iustinianus
1525 4788 1554 4839 et
1564 4782 1753 4853 Hieronymus

57 4874 168 4931 colores
202 4873 297 4943 sicque
325 4872 416 4926 sarias
432 4868 537 4941 figurae
557 4874 586 4925 et
610 4870 732 4941 picturas
751 4871 781 4925 in
798 4856 1044 4942 amaeaiinforme
1061 4891 1163 4942 meunt,
1187 4872 1329 4943 Pagninus
1348 4872 1519 4939 emtrponem
1543 4886 1645 4935 meum,
1672 4869 1752 4925 Cam·

59 4968 94 5019 et
112 4958 217 5032 tapetia
234 4958 403 5028 introduxit,
433 4957 610 5013 Schindlerus
630 4957 658 5011 in
679 4958 732 5014 lar.
751 4920 911 5028 elegantia-i
922 4964 1015 5033 pensis
1044 4980 1106 5017 nem
1132 4961 1204 5015 rude
1233 4960 1326 5013 adhuc
1352 4966 1378 5011 et
1408 4958 1529 5026 informe
1555 4966 1625 5013 essu
1653 4973 1753 5022 sunm,

59 5049 135 5103 sima
148 5046 235 5119 igitur
251 5045 414 5116 metaphora
427 5062 496 5115 opus
508 5043 689 5113 formationis,
708 5062 763 5116 quo
776 5044 898 5117 corporis
909 5062 911 5085 ι
923 5052 997 5103 unde
1012 5049 1175 5103 nasciturus
1195 5062 1272 5100 erum
1278 5067 1289 5113 ,·
1308 5059 1379 5114 quae
1391 5042 1530 5099 verrimes
1541 5060 1636 5099 omnes
1656 5042 1753 5100 eodem

10 5144 45 5189 ιι
59 5148 216 5205 compages
239 5149 273 5187 ex
300 5133 383 5186 variis
408 5130 537 5188 memhris
555 5142 582 5185 et
599 5130 741 5201 partibus,
770 5150 802 5187 er
819 5134 897 5188 venis
923 5136 1053 5203 redeunt,
1080 5150 1177 5190 sensus
1201 5132 1274 5187 enim
1298 5138 1353 5195 est,
1382 5129 1456 5200 quod
1474 5146 1527 5185 nec
1545 5130 1669 5201 ,primum
1689 5148 1752 5185 con·

60 5220 181 5287 scilicet,
201 5219 318 5290 menis,
337 5220 437 5286 uersis,
455 5218 629 5286 membranis,
646 5219 812 5289 ligamentis,
833 5221 897 5275 ossi·
923 5222 1058 5295 captionis
1090 5226 1202 5276 nostrae
1236 5218 1357 5280 initium,
1397 5234 1451 5289 quo
1479 5217 1584 5272 semina
1613 5217 1642 5273 in
1670 5234 1753 5273 unam

58 5310 127 5379 bns,
145 5323 238 5376 carne,
254 5313 318 5363 cute
339 5306 508 5376 contexitur,
533 5305 609 5377 operi
627 5304 814 5377 phrygionum
834 5322 898 5362 con·
924 5326 1043 5365 massam
1068 5306 1226 5379 perdisceri
1253 5311 1281 5360 et
1298 5303 1390 5359 calore
1418 5303 1538 5359 naturali
1556 5305 1698 5377 coagulari
1714 5304 1753 5357 in·

59 5398 161 5455 seen.
207 5392 330 5450 Tentura
348 5394 421 5449 enisu
441 5394 490 5447 illa
507 5391 622 5447 mirifica
639 5391 752 5446 humani
776 5395 898 5463 conseris
924 5397 1039 5468 cipiunt,
1057 5393 1116 5449 Deo
1134 5392 1218 5447 fuerit
1235 5388 1438 5449 absconditum.
1477 5391 1549 5446 lluic
1566 5391 1660 5463 phrasi
1677 5390 1753 5465 apud

61 5497 176 5539 ornnem
195 5480 379 5552 phrygiorum
398 5481 563 5536 industriam
575 5479 734 5551 longissime
747 5489 905 5550 exsuperat,
924 5483 1027 5539 Jobum
1051 5478 1198 5550 respondet
1223 5477 1292 5532 illud
1313 5494 1403 5531 nonne
1430 5479 1502 5533 sicut
1519 5480 1566 5533 icc
1583 5478 1754 5549 mussanti,
1834 5528 1839 5539 ,
