4028 6030
859 280 912 338 Du
931 280 1132 341 contusio.
1782 292 1843 347 465

138 437 210 507 bais,
230 437 284 492 unc
303 435 387 491 bausit
404 435 531 505 liriacum
549 449 597 504 gar
616 434 720 506 [stitis
741 436 862 506 statuit,
881 437 933 506 bai
952 450 978 492 st
1009 437 1154 506 adjunctis
1183 442 1209 491 et
1235 435 1402 505 soumarias,
1427 439 1528 500 restat,
1561 442 1593 490 ut
1618 436 1756 491 coronidis
1782 438 1844 492 loco

137 525 185 579 tes
202 524 246 578 toi
265 523 356 587 mette,
377 522 431 577 unt
451 520 523 590 ttiid
542 521 598 576 eim
618 522 712 577 antae
732 523 829 592 nebme,
849 523 904 579 unt
923 523 979 591 atto
1006 539 1085 575 saum
1102 522 1187 589 iuius
1204 522 1263 576 tcci
1279 538 1313 575 ac
1331 521 1522 590 definitionem
1542 523 1672 592 conjugii
1691 522 1844 594 snbjunge-

137 610 224 679 lsinsn
241 607 409 675 iiiutbtuillen
435 608 483 663 ute
499 610 578 662 anter
595 608 651 662 bem
667 608 754 665 medei
782 609 827 664 bei
846 610 980 680 iledtcai,
1006 624 1076 661 mus.
1124 607 1199 665 Usus
1225 606 1309 678 hujus
1338 606 1392 662 loci
1415 611 1458 661 est
1479 608 1622 677 pennulis
1645 624 1678 663 ac
1700 610 1841 678 specialia

138 698 206 751 bean
226 695 303 765 iside
322 693 436 749 biberet
455 693 530 762 telget
547 706 596 759 cn,
629 693 678 761 bai
696 707 723 747 et
742 693 809 765 aitbt
839 698 892 749 cui
914 692 981 750 idel
1006 691 1151 748 Generalis
1174 696 1215 747 cd
1233 710 1327 748 omnes
1348 693 1472 748 homines
1489 693 1620 763 pertinet,
1646 695 1705 750 sive
1732 696 1843 752 incon·

137 783 185 835 tei
212 780 372 850 abstrudi,
408 779 518 846 iontem
551 782 605 834 aas
633 778 698 836 usit
732 781 786 835 unt
811 781 869 850 ipat
901 793 980 849 gagen
1003 779 1086 850 jugia
1106 779 1164 833 sive
1182 786 1260 834 extra
1277 779 1439 850 conjugium
1452 779 1559 841 vivant;
1580 780 1638 835 sive
1656 780 1691 834 ad
1704 781 1843 837 hocvitee

138 867 190 933 trin
222 865 349 934 bimait,
390 866 444 919 ant
479 868 532 920 aui
551 864 612 933 tait
639 865 692 921 aab
712 867 822 936 &ituit
847 881 878 936 ,11
895 866 979 921 einen
1007 881 1095 935 genus
1115 863 1301 928 reconferre,
1321 865 1425 919 sivein
1443 865 1582 921 coelibatu
1601 866 1748 936 persistere
1767 867 1843 937 cogi-

139 954 239 1007 aabstn
266 953 293 1020 lo
322 949 451 1020 ntutgtiq
474 949 515 1005 bit
541 950 721 1021 bbtbtctbttiu
751 952 839 1023 tutta,
872 954 926 1008 aab
952 952 978 1020 io
1005 956 1073 1005 tent.
1107 950 1213 1021 Estque
1232 949 1276 1005 vel
1294 950 1468 1021 theoreticus,
1490 951 1535 1004 vel
1555 952 1711 1021 practicus.
1751 952 1842 1008 Theo-

138 1036 220 1107 gierig
252 1037 307 1092 eius
333 1037 428 1090 aubert
451 1035 540 1105 luebat.
591 1040 615 1091 1.
633 1037 757 1090 Nocenti
773 1055 858 1106 aspre
884 1055 978 1091 conce·
1005 1035 1160 1090 reticusest
1173 1036 1217 1091 vel
1236 1036 1439 1099 didascalicae,
1455 1037 1501 1092 vel
1518 1037 1672 1092 eleneticus.
1704 1037 1841 1092 Didasca-

138 1124 234 1176 denda
261 1128 302 1176 est
319 1139 455 1175 siccarum
472 1121 638 1190 nuptiarum
658 1129 803 1191 potestas,
831 1131 979 1192 antequam
1005 1120 1088 1188 licus,
1115 1126 1148 1175 ut
1175 1121 1279 1175 ordinis
1305 1121 1461 1192 conjugalis
1489 1121 1690 1178 iustitutionem
1720 1123 1842 1179 divinam

136 1210 269 1261 innocens
298 1208 340 1261 cel
368 1208 494 1260 secunda
523 1214 588 1260 cota
625 1215 759 1264 transeat.
811 1207 895 1264 Ratio
927 1215 978 1275 est,
1006 1207 1186 1277 ejusdemque
1206 1207 1387 1278 dignitatem,
1410 1206 1560 1262 utilitatem
1585 1225 1619 1262 ac
1647 1209 1841 1264 necessitatem

137 1294 205 1365 quia
233 1293 337 1363 pendet
367 1291 458 1346 adhuc
489 1291 691 1360 reconciliatio,
729 1294 809 1363 cujus
839 1294 914 1364 prior
943 1310 977 1348 ac
1005 1308 1039 1346 ex
1055 1290 1140 1346 verbo
1159 1291 1214 1347 Dei
1230 1293 1375 1348 discamus.
1418 1293 1592 1360 Elencticus,
1618 1302 1650 1348 ut
1672 1293 1842 1366 ὀρθοδσξίαν

137 1380 230 1450 potior
248 1395 357 1447 semper
385 1376 469 1433 debet
487 1395 547 1433 csse
566 1394 641 1434 cura.
687 1378 809 1450 Reliqua
836 1378 892 1434 huc
914 1395 977 1451 spe·
1004 1376 1032 1432 in
1051 1376 1103 1431 hoc
1123 1378 1240 1434 articulo
1263 1395 1296 1433 ex
1313 1379 1397 1434 verbo
1418 1379 1470 1434 Dei
1495 1379 1635 1451 cognitam
1654 1386 1751 1436 contra
1769 1400 1840 1437 erro·

135 1464 242 1520 ctantia
261 1481 293 1519 ex
308 1462 513 1534 jurisconsultis
529 1468 670 1533 petentur.
1003 1480 1047 1517 res
1066 1462 1285 1533 Pontificicrum,
1303 1465 1551 1535 Anabaptistarum
1570 1471 1598 1520 et
1615 1465 1732 1521 aliorum
1750 1468 1841 1538 ἑτερα-

80 1551 92 1573 ”
173 1553 231 1603 too.
263 1550 309 1602 De
321 1567 390 1602 casu
401 1549 560 1603 malitiosae
572 1548 978 1606 desertionishinotandisunt
1004 1545 1182 1603 incasualiter
1209 1568 1372 1606 asseramus.
1420 1550 1563 1605 Practicus
1593 1551 1716 1606 revocari
1749 1559 1841 1623 potest

112 1621 124 1632 ’
137 1649 269 1690 mones:
297 1642 321 1690 1.
339 1635 381 1690 'Si
400 1652 528 1704 persona
549 1637 663 1688 deserta
682 1653 701 1689 a
718 1636 861 1692 malitioso
882 1641 976 1691 deser-
1004 1635 1040 1689 ad
1059 1637 1201 1703 παιδείαν,
1226 1643 1258 1691 ut
1275 1652 1326 1706 pro
1344 1636 1467 1707 conjugii
1486 1635 1661 1691 institutione
1680 1653 1712 1691 ae
1731 1654 1840 1694 conser-

75 1722 85 1796 ζ
137 1729 197 1773 tore
217 1721 290 1790 petit
316 1737 345 1775 ss
372 1721 494 1774 liberari
510 1727 537 1774 et
557 1738 694 1775 nouarum
720 1722 883 1792 nuptiarum
897 1732 975 1796 pate·
1002 1720 1113 1776 vatione
1137 1722 1199 1776 Deo
1225 1723 1329 1793 gratias
1362 1739 1478 1793 minus
1506 1722 1681 1794 eundemque
1710 1741 1760 1793 pro
1786 1725 1840 1795 piis

137 1813 236 1860 statem
254 1806 309 1860 sibi
328 1807 457 1871 concedi,
478 1814 543 1862 ante
560 1808 655 1863 omnia
674 1809 852 1879 inquiratur,
871 1828 910 1863 cn
929 1812 976 1863 de·
1003 1807 1170 1878 conjugibus
1187 1814 1216 1862 et
1232 1813 1367 1878 perpetua
1384 1807 1473 1862 sancti
1487 1806 1571 1878 hujus
1582 1807 1687 1863 ordinis
1704 1809 1741 1863 ad
1755 1808 1839 1864 finem

138 1898 214 1944 serta
231 1893 362 1962 pessimis
387 1894 446 1946 sues
471 1893 594 1947 moribus
611 1901 637 1946 et
655 1894 824 1963 quotidiana
841 1895 976 1965 importn-
1003 1909 1091 1963 usque
1119 1893 1217 1947 mundi
1244 1893 1454 1948 conservatione
1483 1909 1625 1963 rogemus,
1663 1911 1697 1948 ac
1727 1894 1838 1964 ipsimet

136 1978 225 2030 nitate
243 1980 390 2047 efficacem
416 1996 534 2033 causam
552 1981 708 2035 assertioni
719 1981 898 2050 praetuerit,
921 1998 975 2053 quo
1001 1978 1075 2033 hunc
1102 1979 1176 2034 vitae
1206 1985 1308 2034 statum
1338 1996 1357 2034 a
1380 1978 1442 2033 Deo
1469 1979 1627 2033 institutum
1654 1997 1705 2049 pro
1730 1981 1837 2036 ratione

136 2063 166 2116 in
185 2068 258 2127 casu!
272 2062 407 2134 jubeatur
424 2065 593 2120 desertorem
612 2064 752 2136 inquirere
769 2071 798 2120 et
816 2067 976 2121 reconcilia·
1003 2065 1156 2119 vocationis
1181 2071 1322 2132 tueamur;
1347 2072 1375 2120 et
1396 2065 1433 2118 ad
1451 2064 1657 2134 inardescam,
1681 2073 1713 2121 ut
1738 2082 1838 2121 acon·

135 2146 240 2202 tionem
252 2165 315 2203 cum
333 2150 395 2220 ipso
409 2149 563 2206 instituere.
600 2153 627 2203 2.
642 2152 781 2205 Desertor
788 2168 845 2221 per
853 2152 975 2206 edictum
1002 2150 1123 2205 tumeliis
1140 2157 1169 2207 et
1185 2150 1330 2205 calumniis
1350 2149 1483 2204 adversus
1507 2149 1581 2204 hunc
1599 2150 1723 2205 ordinem
1741 2152 1838 2208 sedulo

133 2235 278 2302 pubiicum
301 2236 391 2289 tribus
417 2237 558 2291 distinctis
584 2238 690 2292 uicibus
714 2238 925 2307 prunulpatum
949 2247 975 2292 et
1001 2251 1157 2305 caveamus,
1173 2242 1330 2291 reverenter
1342 2236 1377 2291 de
1390 2236 1437 2290 illo
1449 2241 1545 2306 utpote
1559 2236 1653 2290 divina
1665 2238 1838 2295 institutione

136 2320 167 2373 in
185 2322 275 2375 tribue
294 2323 435 2376 distinctis
454 2324 608 2379 territoriis
626 2341 641 2377 e
658 2332 790 2393 suggestu
798 2325 976 2394 praelectum
1002 2322 1108 2375 munito
1127 2323 1277 2377 sentiamus
1291 2339 1324 2377 ac
1344 2321 1499 2393 loquamur,
1518 2321 1629 2392 generis
1648 2322 1761 2378 humani
1774 2340 1837 2394 pro·

135 2407 179 2459 cei
205 2410 326 2475 officum
357 2409 474 2478 citetur,
505 2425 538 2464 ac
566 2409 715 2481 diligenter
735 2409 904 2482 inquiratur,
939 2428 975 2465 an
1002 2407 1247 2478 pagationemnon
1267 2407 1388 2462 fortuitis
1406 2407 1526 2475 casibus,
1545 2425 1596 2462 nec
1609 2407 1707 2464 fictitio
1725 2410 1837 2465 cuidam

75 2492 238 2547 usualicubi
263 2492 388 2548 locorum
413 2494 531 2549 inveniri
554 2501 583 2549 et
609 2503 660 2566 per
685 2495 879 2566 magistratum
900 2496 975 2550 illius
1002 2492 1135 2558 Genisto,
1162 2492 1267 2548 iunoni
1294 2493 1339 2546 vel
1357 2493 1495 2555 Lucinae,
1522 2493 1571 2548 sed
1593 2495 1644 2548 soli
1661 2496 1837 2565 praepotenti

134 2577 189 2631 loci
208 2579 245 2632 ad
264 2580 385 2634 reditum
404 2581 531 2651 compelli
546 2581 653 2651 possit,
671 2588 821 2653 antequam
838 2581 868 2636 in
885 2582 975 2638 deser·
1003 2580 1063 2634 Deo
1080 2578 1243 2635 tribuamus.
1279 2578 1414 2648 Specialis
1432 2580 1597 2648 spectatvel
1616 2584 1657 2634 cd
1674 2599 1728 2648 eoa,
1746 2583 1838 2650 quiin

134 2664 217 2718 tionis
236 2682 303 2720 casu
320 2667 461 2737 separatio
474 2683 541 2722 voce
566 2667 668 2736 judicis
686 2667 856 2726 instituatur.
898 2673 925 2725 3.
943 2669 977 2723 Si
1001 2665 1133 2733 conj-apio
1151 2666 1261 2728 vicunt,
1286 2665 1330 2719 vel
1354 2664 1402 2735 qui
1428 2666 1469 2718 cd
1493 2665 1571 2719 iliud
1587 2667 1746 2735 adspirant.
1783 2666 1838 2731 Qui

131 2750 245 2821 publice
260 2752 363 2805 citatus
374 2769 537 2822 comparere
556 2755 738 2822 recusaverit,
754 2754 868 2823 iudices
877 2755 976 2809 matri·
1002 2751 1030 2804 in
1052 2751 1104 2805 boc
1129 2756 1204 2805 statu
1224 2751 1329 2818 vivunt,
1358 2751 1413 2813 illis
1441 2754 1555 2822 prodest
1578 2753 1704 2807 doctrina
1720 2753 1756 2807 da
1774 2769 1837 2807 con·

134 2837 273 2890 moniales
293 2839 482 2893 consideratis
508 2839 650 2893 absentiae
676 2841 770 2894 causis
788 2848 815 2894 et
831 2841 975 2910 utriusque
997 2836 1078 2907 jugio
1099 2843 1121 2894 1.
1142 2836 1179 2891 ad
1197 2838 1388 2905 διδασκαλίαν,
1407 2843 1439 2893 ut
1458 2839 1632 2910 intelligant,
1651 2856 1681 2893 se
1698 2840 1791 2893 vivere
1808 2839 1838 2892 in

130 2937 274 2990 personae
292 2931 350 2976 tum
370 2925 539 2992 desereretis,
559 2932 618 2978 tum
644 2927 772 2979 desertae
791 2926 975 2995 quantitatibus
1000 2923 1050 2978 tali
1076 2928 1167 2991 statu,
1195 2923 1223 2976 in
1250 2940 1305 2994 quo
1323 2924 1431 2994 possint
1448 2924 1508 2979 Deo
1527 2925 1654 2995 placere,
1680 2925 1753 2979 bona
1773 2940 1836 2979 con·

135 3023 170 3060 ac
191 3009 411 3063 circumstantiis
436 3009 602 3063 senteutiam
624 3012 735 3076 feram,
764 3029 820 3082 qua
841 3012 973 3068 innocens
1000 3009 1116 3064 scicntia
1135 3008 1224 3063 eidem
1244 3009 1362 3078 urvire,
1387 3025 1421 3064 sc
1438 3010 1462 3064 si
1480 3009 1508 3063 in
1525 3025 1591 3063 vera
1611 3010 1716 3065 Christi
1733 3009 1788 3064 fide
1808 3016 1837 3064 et
1897 3026 1900 3033 ’

135 3093 269 3147 servitute
287 3094 343 3158 illa,
363 3101 395 3150 ut
407 3096 551 3167 apostolus
568 3096 701 3166 loquitur,
721 3094 853 3152 liberetur
867 3105 895 3152 et
908 3098 973 3153 novi
1000 3096 1092 3151 studio
1126 3094 1239 3164 pietatis
1272 3102 1430 3150 constantes
1465 3096 1682 3165 perseverarint,
1719 3096 1836 3150 salntem
1849 3099 1904 3144 m.
1916 3099 1961 3144 ²81·

134 3178 301 3233 matrimonii
318 3186 442 3251 potestas
464 3181 505 3236 illi
525 3183 701 3238 concedatur.
740 3188 764 3238 1.
786 3186 906 3253 Tempus
926 3186 973 3238 ab·
1000 3187 1141 3237 aeternam
1170 3198 1282 3250 sperare
1312 3188 1340 3237 et
1373 3180 1510 3246 obtinere,
1547 3187 1569 3237 1.
1587 3181 1658 3237 Tim.
1684 3187 1716 3245 2,
1744 3199 1768 3238 v.
1796 3187 1836 3236 15.

136 3267 252 3333 sentiae,
270 3267 345 3337 quod
364 3268 400 3322 ad
418 3267 582 3324 desertionis
599 3269 711 3339 culpam
728 3268 859 3338 sufficiat,
877 3287 894 3325 a
914 3272 974 3342 qui-
1002 3274 1026 3323 2.
1044 3267 1091 3323 Ad
1109 3269 1251 3337 παιδείαν,
1280 3273 1313 3322 ut
1333 3273 1390 3322 tam
1417 3266 1531 3321 maritus
1557 3283 1641 3337 quam
1659 3284 1728 3321 uxor
1745 3267 1838 3323 officia

135 3349 254 3405 busdam
272 3354 404 3409 statuitur
419 3356 647 3424 quadriennium,
660 3373 677 3409 a
689 3356 856 3426 quibusdam
867 3365 975 3427 septen·
1002 3362 1061 3409 tum
1080 3354 1191 3426 utrique
1211 3353 1375 3419 communia,
1392 3360 1452 3407 tum
1470 3352 1597 3407 alterutri
1614 3353 1728 3422 propria
1741 3354 1838 3409 sedulo

134 3437 220 3502 nium,
238 3438 288 3492 sed
305 3445 338 3492 ut
354 3440 482 3510 superius
495 3440 579 3495 etiarn
591 3441 757 3505 monuimus,
786 3441 822 3497 ob
839 3442 974 3496 infinitam
1002 3439 1131 3495 observet
1154 3447 1183 3495 et
1198 3440 1281 3510 juxta
1300 3438 1376 3509 leges
1395 3437 1606 3492 matrimonialis
1629 3439 1733 3493 ordinis
1754 3440 1838 3494 actio·

135 3524 976 3600 casuumaccircumstantiarumvarietatemvixacnevixqui-
1002 3545 1050 3582 noe
1070 3532 1098 3581 et
1114 3525 1201 3580 vitam
1225 3523 1384 3580 conformet.
1422 3528 1448 3578 3.
1469 3523 1517 3577 Ad
1543 3522 1731 3593 παράκλησιν,
1759 3530 1791 3577 ut
1810 3524 1839 3579 in

137 3609 200 3664 dem
211 3615 304 3679 potest
310 3616 416 3666 certum
428 3611 541 3683 aliquod
552 3612 685 3682 temporis
694 3613 814 3683 spatium
827 3613 976 3684 praefiniri,
1002 3611 1131 3666 omnibus
1145 3610 1360 3665 adversitatibus
1373 3615 1401 3664 et
1412 3609 1562 3671 aerumnis,
1576 3626 1647 3680 quae
1659 3610 1687 3662 in
1700 3607 1753 3663 hoc
1764 3610 1838 3665 vitae

136 3695 185 3750 sed
196 3696 381 3751 conscientiae
394 3697 706 3769 acprudentiaejudicis
718 3698 788 3754 illud
805 3700 976 3755 estcommit·
1002 3713 1104 3769 genere
1121 3697 1188 3767 ipsis
1206 3695 1364 3766 obtingunt,
1387 3701 1409 3751 1.
1424 3694 1486 3752 Cor.
1504 3702 1528 3764 1,
1545 3713 1571 3748 v.
1591 3700 1633 3750 28.
1651 3711 1712 3750 sese
1729 3695 1839 3766 erigant
1875 3768 1879 3775 Ι

136 3782 260 3850 tendum,
273 3789 361 3853 utpro
375 3784 697 3855 personarumqualitate
709 3801 743 3840 ac
754 3785 976 3841 circumstantia·
1005 3783 1186 3837 meditatione
1204 3781 1315 3836 divinae
1333 3779 1528 3848 institutionis,
1548 3796 1604 3851 qua
1621 3779 1666 3835 bic
1685 3780 1752 3835 ordo
1770 3797 1839 3851 gau·

136 3885 197 3921 rum
219 3868 354 3924 varietate
377 3870 503 3925 desertae
521 3887 608 3925 novas
625 3871 737 3942 nuptias
756 3872 800 3927 vel
821 3872 911 3939 citius,
932 3872 1066 3932 vel·det‚
1096 3885 1129 3923 ac
1162 3867 1319 3921 divinarum
1355 3866 1566 3937 promissionum
1602 3865 1637 3920 de
1673 3866 1838 3937 praesentia,

135 3953 242 4008 tardius
252 3955 395 4011 concedat
419 3958 576 4011 5.Deserta
584 3958 817 4026 personaseduio
829 3961 977 4024 monenda,
1002 3954 1106 4011 auxilio
1125 3960 1153 4008 et
1169 3952 1339 4008 liberatione.
1374 3959 1398 4008 4.
1419 3952 1466 4005 Ad
1483 3951 1686 4025 ἐπανόρθωσιν,
1706 3969 1740 4006 ne
1758 3951 1839 4006 mari·

135 4048 165 4091 ut
185 4048 319 4108 mantum
345 4041 457 4110 quidem
483 4041 543 4095 sine
560 4042 746 4097 conscientias
763 4045 894 4112 periculo
909 4047 978 4115 fieri
1002 4048 1047 4096 tus
1064 4045 1204 4110 potestate
1229 4038 1349 4093 maritali
1372 4038 1401 4092 in
1421 4054 1534 4093 uxorem
1551 4038 1604 4092 sibi
1622 4054 1753 4092 concessa
1770 4036 1839 4092 abu·

131 4131 232 4193 potest,
250 4143 269 4178 a
281 4126 361 4179 nocis
372 4127 480 4194 nuptiis
498 4129 607 4181 tamdiu
616 4129 766 4198 abstineat,
783 4132 871 4184 donec
883 4133 975 4184 deser-
1002 4132 1084 4195 tatur,
1105 4125 1192 4180 Sirac.
1211 4131 1236 4193 1,
1256 4141 1281 4179 v.
1300 4127 1342 4178 35.
1354 4138 1406 4177 nec
1425 4123 1562 4193 despiciat
1578 4124 1686 4177 sociam
1697 4124 1839 4193 foederis,

135 4219 181 4263 tor
199 4211 371 4279 poenitentia
389 4214 489 4265 eluctus
505 4215 620 4282 redeat,
643 4214 687 4267 ael
706 4217 741 4269 de
761 4216 853 4286 ipsius
869 4223 976 4271 scorta-
1001 4212 1073 4267 inter
1100 4230 1183 4281 quam
1210 4218 1237 4265 et
1262 4211 1355 4279 s'prsum
1373 4210 1455 4262 Deus
1473 4210 1634 4274 testificatus
1658 4218 1710 4277 est,
1736 4217 1761 4262 et
1786 4209 1841 4264 isac

135 4297 256 4349 tionibus
282 4306 330 4350 aret
351 4298 427 4351 obitu
453 4305 559 4352 certum
576 4301 698 4368 aliquod
714 4302 840 4354 nuntium
858 4304 900 4355 ad
914 4318 976 4354 eam
1001 4299 1113 4353 ratione
1131 4298 1266 4366 lacrymas
1285 4296 1469 4366 espeniacus
1483 4296 1575 4350 altare
1589 4296 1710 4349 Domini
1721 4297 1839 4365 repleat,

136 4383 294 4444 ‹teser-aser.
331 4384 450 4453 Saepius
468 4384 541 4438 enim
563 4393 734 4455 compertum
753 4393 808 4455 est,
829 4386 976 4442 desertoris
987 4413 989 4477 3
1002 4384 1067 4439 Mal.
1083 4389 1107 4448 2,
1120 4401 1146 4436 v.
1161 4387 1201 4438 13.
1209 4388 1238 4436 et
1253 4388 1290 4438 11.
1299 4398 1368 4436 neve
1382 4397 1450 4434 uxor
1462 4381 1561 4434 marito
1575 4379 1624 4434 fiat
1637 4379 1799 4435 refractaria
1810 4387 1840 4436 st

134 4466 258 4521 animum
279 4470 323 4523 vel
347 4485 397 4537 per
420 4469 482 4540 pias
509 4476 538 4524 et
558 4472 705 4524 continuas
729 4471 854 4527 desertae
880 4489 975 4540 preces
987 4482 989 4597 J
1002 4469 1181 4539 adversatrix,
1201 4469 1282 4523 Prov.
1307 4474 1345 4535 19,
1365 4472 1446 4524 v.13.
1465 4473 1544 4533 eti,
1562 4483 1587 4519 v.
1609 4471 1646 4521 15.
1667 4467 1838 4520 seinvicem

135 4554 171 4606 ad
191 4553 282 4608 Deum
299 4555 384 4618 fusas,
402 4555 447 4610 vel
465 4573 515 4625 per
533 4556 709 4626 inopinatum
728 4557 843 4627 aliquod
858 4558 975 4613 infortu-
1002 4575 1031 4611 se
1062 4557 1236 4621 defraudent
1259 4554 1318 4606 nisi
1339 4555 1416 4615 forte
1443 4569 1476 4605 eu
1493 4569 1628 4606 comenses
1653 4555 1695 4605 aei
1720 4559 1838 4621 tempus.

137 4640 214 4693 nium
232 4640 319 4695 fuisse
333 4647 478 4709 mutatum,
496 4641 644 4711 ipsumque
663 4643 976 4699 conscientiaestimulis
1005 4650 1026 4699 1.
1045 4643 1106 4698 Cor.
1124 4650 1154 4707 1,
1180 4658 1207 4694 v.
1228 4647 1251 4695 5.
1278 4646 1329 4694 etc.
1375 4639 1429 4703 Qui
1461 4639 1497 4693 ad
1516 4638 1569 4694 hoc
1588 4638 1663 4693 vitae
1682 4655 1769 4710 genus
1788 4638 1838 4692 ad·

139 4727 269 4781 adactum
290 4729 326 4782 ad
359 4728 514 4799 conjugalis
532 4727 650 4784 foederis
666 4729 771 4783 nefarie
786 4730 904 4800 disrupti
914 4730 974 4785 red·
1002 4729 1116 4801 spirant,
1134 4727 1189 4781 illis
1206 4720 1302 4780 itidem
1320 4725 1433 4796 prodest
1451 4731 1472 4780 1.
1490 4725 1526 4778 ud
1545 4726 1737 4789 διδασκαλίαν,
1753 4728 1786 4777 ut
1804 4739 1838 4777 ex

134 4813 348 4882 integrationem
377 4814 489 4868 tandem
515 4815 638 4870 rediisse.
687 4814 808 4885 Reliqua
834 4831 866 4868 ex
890 4816 973 4885 juris·
1001 4815 1085 4870 verbo
1115 4813 1170 4868 Dei
1209 4812 1331 4880 discant,
1362 4827 1418 4883 quo
1447 4811 1543 4866 ordine
1573 4811 1710 4883 quibusve
1739 4808 1838 4863 mediis

133 4898 322 4953 consultorum
340 4898 441 4953 scholis
462 4900 603 4956 discenda.
1000 4901 1140 4972 agendum
1159 4899 1209 4966 sit;
1229 4905 1253 4953 2.
1272 4898 1308 4951 ad
1326 4899 1469 4961 παιδείαν,
1487 4902 1519 4950 ut
1538 4897 1566 4951 in
1586 4914 1651 4951 vcro
1667 4896 1723 4950 Dei
1740 4896 1840 4949 timore

985 4990 1029 5042 tet
1052 4984 1210 5056 praemissis
1235 4983 1313 5039 seriis
1338 4983 1374 5037 ad
1398 4983 1490 5038 Deum
1514 4982 1643 5054 precibus
1670 4981 1840 5052 adjutorium

1000 5079 1148 5144 quaerant,
1178 5078 1201 5126 3.
1219 5070 1256 5124 ad
1283 5067 1491 5141 ἐπανόρθωσιν,
1516 5087 1552 5124 ne
1579 5072 1677 5122 contra
1693 5073 1840 5136 parentum

405 5154 475 5215 CA
493 5156 517 5216 P
534 5156 605 5216 UT
641 5156 701 5218 XI·
999 5174 1164 5212 consensum
1190 5155 1395 5210 matrimonium
1421 5154 1600 5222 contrahant,
1629 5170 1698 5208 neve
1724 5154 1752 5207 in
1776 5167 1839 5222 gra·

282 5295 349 5358 DE
378 5294 477 5362 USU
498 5295 663 5362 HUJUS
694 5294 822 5362 LOCL
985 5314 987 5349 ἰ
1000 5243 1167 5398 3321&th
1169 5240 1273 5382 t(cliniae
1290 5240 1337 5305 vel
1354 5239 1517 5309 provinciali
1534 5238 1679 5310 prohibitis
1691 5238 1839 5308 conjugem

75 5448 86 5477 ι
170 5435 227 5484 rur.
264 5429 405 5499 Expositis
430 5430 554 5503 conjugii
572 5430 676 5499 causis,
700 5430 840 5497 efficiente
859 5429 974 5493 scilicet,

75 5499 96 5580 ζ’
135 5517 269 5584 materia,
299 5517 396 5576 forma
423 5525 450 5571 et
475 5518 548 5584 παν,
572 5516 694 5588 itemque
717 5516 843 5586 ejusdem
861 5516 974 5585 effectes,

188 5610 291 5652 Gsrlmrdl
305 5609 356 5653 loci.
374 5610 421 5653 vn.
