4020 6022
272 170 311 230 82
851 160 974 220 Locus
991 151 1195 218 uouemus
1213 161 1383 228 QUINTUS

274 320 399 373 tudinem
416 318 565 374 retinendi.
602 319 715 372 Idcirco
738 325 811 372 recte
830 317 975 385 asseritur,
991 316 1106 389 rupitias
1131 316 1313 372 verecundiae
1330 333 1363 371 ac
1379 314 1479 386 pudori
1495 315 1650 388 puellarum
1666 316 1736 371 haec
1753 315 1892 370 modestia
1902 330 1966 369 con·

272 421 347 472 esse,
370 405 469 474 quibem
489 404 629 474 scorpitis
645 420 717 458 usos
733 413 759 458 et
775 404 938 472 rotificutur
950 402 1103 472 promissio
1132 401 1256 458 donetur.
1294 404 1420 458 Alciatus
1437 403 1498 460 libr.
1520 409 1543 459 1.
1561 419 1670 475 purerg.
1688 421 1712 458 c.
1734 409 1757 458 2.
1793 401 1860 456 Piso
1877 399 1966 456 Soac-

266 492 351 559 prius
365 494 456 558 sactu.
489 493 584 559 Lonpe
603 491 676 544 euim
693 490 828 544 aliudest
840 491 1100 560 promitterequum
1131 489 1190 543 cius
1219 490 1254 545 de
1279 506 1371 560 spons.
1390 495 1460 559 part
1492 495 1514 545 1.
1542 505 1608 559 pag.
1637 497 1662 545 a.
1690 486 1922 558 Desponsationis
1951 503 1968 540 a

271 579 378 644 fucere,
397 583 423 630 et
442 578 524 646 ionpe
542 576 626 629 aliter
638 575 831 645 jssdicondum
849 583 890 630 est
903 579 938 630 de
954 576 1104 646 promissis
1130 576 1293 645 parentibus
1323 576 1414 631 iactae
1444 575 1599 646 exemplum
1630 576 1793 647 proponitur
1822 574 1895 629 Gen.
1926 578 1966 640 tt,

270 664 379 732 nuptiis
395 680 478 734 mom
502 665 537 716 de
561 660 713 726 notificatis
735 670 762 716 et
787 664 991 717 coummmctis.
1031 662 1104 724 Quo·
1130 679 1156 718 r.
1177 668 1220 717 st.
1245 662 1294 717 nbi
1317 663 1451 719 Eleazaro
1474 663 1589 733 petenti,
1614 661 1768 718 Rebeccam
1794 661 1893 715 Isaaco
1911 659 1968 714 filio

267 754 389 818 propter
404 765 469 802 uere
486 749 592 801 dictum
610 747 809 802 essseaistimo
823 750 859 802 de
878 764 1011 803 consensu
1022 766 1104 818 spou-
1131 748 1234 802 domini
1261 749 1304 803 sni
1323 767 1436 805 uxorem
1454 750 1530 814 dari,
1553 748 1671 803 Bethuel
1699 765 1800 818 parens
1819 753 1849 801 et
1867 746 1967 801 Laban

271 835 394 888 solium:
429 851 577 888 consenesce
600 851 687 886 causa
713 843 752 889 est
777 837 954 905 nuptiarum,
980 836 1032 888 sed
1049 852 1105 888 nom
1131 835 1216 890 frater
1234 835 1346 905 puellae
1363 836 1546 906 respondent:
1567 837 1615 889 En
1631 835 1967 902 Rebeccncoramteest,

270 928 346 987 totu,·
369 927 393 973 et
418 936 518 973 mersus
543 934 606 972 uere
634 919 757 973 dicitssr:
785 937 933 974 consensus
950 921 1025 986 fucit
1041 937 1104 973 con·
1131 921 1199 975 tolle
1225 939 1287 976 eom
1307 932 1334 975 et
1350 923 1546 991 proficiscere,
1570 930 1597 975 et
1621 923 1659 975 sit
1683 938 1756 974 uuor
1779 921 1836 983 filii
1859 922 1969 973 domini

263 1006 388 1075 jupium,
401 1023 463 1059 cum
477 1008 667 1074 deconseusrs,
680 1005 768 1075 quiin
781 1008 888 1077 nuptiis
896 1010 941 1076 fit,
956 1007 1104 1076 loquimur.
1130 1009 1179 1062 tui.
1214 1008 1283 1063 Tob.
1312 1015 1343 1072 7,
1361 1026 1386 1062 v.
1409 1015 1449 1063 15.
1471 1007 1581 1079 Ragucl
1603 1006 1815 1079 apprehendens
1842 1005 1967 1060 derbem

269 1091 412 1163 Cypraens
434 1091 469 1147 de
487 1109 578 1164 spons.
598 1108 623 1147 c.
641 1090 706 1168 t.§.
729 1099 750 1148 1.
770 1109 847 1151 num.
861 1101 894 1150 t:
912 1093 1025 1163 Reputo
1044 1092 1104 1161 illu,
1130 1093 1205 1148 filiae
1234 1111 1300 1149 suae
1325 1095 1442 1150 dextrae
1468 1094 1574 1149 Tobiae
1602 1092 1718 1148 tradidit
1745 1093 1854 1147 dicens:
1887 1093 1968 1145 Deus

269 1181 347 1247 quod
363 1179 478 1248 nuptias
494 1197 551 1233 non
568 1180 730 1233 ementitus
748 1181 853 1248 faciat,
879 1181 931 1233 sed
948 1194 1105 1245 consenesce,
1132 1180 1294 1246 Abrabam,
1312 1183 1391 1234 Deus
1409 1180 1495 1233 Isaac
1519 1188 1546 1233 et
1563 1182 1643 1232 Deus
1660 1180 1753 1233 Jacob
1772 1179 1914 1232 suburam
1931 1178 1967 1229 sit

270 1264 455 1334 intellipendn
483 1273 524 1319 est
551 1283 605 1319 nou
624 1260 668 1319 'de
693 1266 896 1335 promissione,
923 1283 995 1335 perae
1013 1268 1051 1334 fit
1076 1266 1105 1318 in
1132 1275 1159 1319 et
1191 1267 1251 1336 ipse
1282 1284 1332 1320 uos
1362 1268 1515 1335 conjuuput
1546 1265 1713 1334 impleatque
1748 1263 1968 1317 benedictionem

268 1351 523 1419 sposuolitus,⁴ubi
538 1352 655 1415 futuras
672 1353 785 1422 nuptias
806 1351 1035 1421 quis'promittit,
1054 1351 1106 1402 sed
1131 1370 1211 1405 suom
1242 1355 1272 1405 in
1303 1353 1387 1405 uobis
1434 1351 1492 1409 Ubi
1519 1351 1697 1422 proponimus
1727 1350 1800 1404 hane
1826 1348 1966 1420 regulam

269 1438 305 1490 de
324 1452 460 1492 conmnsu
476 1438 635 1507 conjupati,
655 1437 706 1491 boc
727 1447 768 1490 est
795 1438 895 1491 mariti
914 1436 1105 1510 promittentis
1133 1417 1200 1493 lll'ee
1216 1439 1328 1494 demum
1346 1437 1465 1492 filiorum
1484 1454 1517 1492 ao
1529 1436 1649 1492 filiarum
1661 1435 1890 1506 desponsationes
1903 1442 1968 1489 suut

268 1531 295 1576 ct
313 1515 510 1578 contemnentia
535 1525 642 1595 nuptiis
664 1524 863 1593 praesentibus
889 1523 1104 1594 accipientisque
1131 1525 1308 1594 benedictae,
1335 1541 1407 1597 quae
1423 1524 1495 1580 fiunt
1514 1542 1531 1580 a
1549 1524 1724 1596 parentibus,
1753 1523 1801 1594 qui
1820 1522 1875 1578 Dei
1893 1522 1967 1576 vices

268 1611 299 1663 iu
315 1627 430 1664 uxorem
449 1611 612 1681 copulatam
629 1619 654 1664 et
673 1611 819 1674 meditem,
838 1619 866 1664 et
882 1627 916 1664 es
933 1626 965 1665 eo
983 1618 1105 1679 tempore
1131 1611 1183 1665 hac
1200 1611 1229 1666 in
1248 1620 1326 1682 parte
1345 1620 1453 1683 gerunt.
1490 1613 1530 1668 Ut
1546 1611 1619 1666 onim
1633 1611 1710 1665 Dens
1724 1609 1825 1680 ipsein
1838 1609 1967 1680 paradiso

266 1697 458 1766 possidentis,·
485 1696 560 1750 uude
589 1695 671 1752 etiam
697 1695 837 1751 concludit
862 1692 889 1770 ξ.
910 1701 952 1752 31.
982 1712 1011 1750 n.
1027 1701 1051 1751 t.
1074 1695 1104 1748 iu
1130 1697 1217 1751 Evam
1234 1698 1352 1769 primam
1377 1714 1506 1768 sponsam
1525 1697 1635 1752 Adamo
1653 1695 1770 1752 adduxit
1796 1712 1830 1750 ac
1847 1696 1965 1764 despon-

268 1782 375 1853 nuptiis
398 1784 536 1851 peminum
559 1781 662 1854 requiri
685 1799 864 1845 consensum.
896 1781 1051 1852 sponsalem
1077 1786 1104 1834 et
1131 1782 1186 1847 dit.
1213 1784 1254 1838 ita
1286 1784 1377 1838 adhuc
1394 1802 1445 1855 per
1467 1790 1595 1855 parentes
1622 1791 1650 1840 et
1671 1781 1806 1839 ecclesiae
1824 1780 1964 1834 ministros

268 1868 453 1940 conjugalem.
499 1872 525 1926 t.
552 1871 596 1922 Eu
613 1869 693 1937 juris
722 1868 913 1938 dispositione.
958 1865 1104 1938 Sponsalia
1130 1878 1261 1939 sponsum
1287 1887 1321 1924 ac
1340 1887 1469 1940 sponsam
1488 1871 1615 1941 copulat,
1638 1876 1671 1925 ut
1686 1869 1723 1924 sit
1740 1868 1919 1938 desponsatio
1936 1874 1964 1920 et

269 1955 340 2010 sicut
358 1956 473 2026 nuptiae
492 1971 629 2010 consensu
647 1954 868 2011 chutrahentium
886 1952 971 2019 fiunt,
990 1959 1019 2009 et
1038 1951 1102 2007 idco
1130 1956 1270 2025 copulatio
1286 1955 1339 2025 ipsi
1358 1961 1439 2026 grata
1456 1962 1484 2010 et
1503 1956 1657 2013 benedicta
1690 1954 1808 2010 Rabinis
1822 1953 1965 2024 sponsalia

267 2041 340 2094 sicut
358 2041 473 2111 nuptiis,
492 2042 534 2095 ito
553 2040 734 2112 sponsalibus
746 2041 973 2110 filiumfamilias
990 2055 1102 2092 consen·
1129 2040 1258 2096 dicuntur
1296 2031 1408 2109 l'it'ifflt,
1447 2059 1465 2096 s
1488 2041 1661 2097 sanctissimo
1691 2041 1813 2112 conjugii
1842 2040 1963 2107 foedere,

267 2128 321 2182 tire
350 2137 478 2200 oportet,
508 2128 548 2182 ait
576 2126 707 2184 Julianus
729 2128 747 2181 1.
769 2126 917 2198 sponsalia.
943 2131 982 2183 11.
1012 2125 1041 2180 ff.
1067 2123 1102 2179 de
1128 2128 1203 2198 quod
1220 2127 1249 2181 in
1267 2127 1322 2182 illis
1342 2129 1481 2200 pangitur.

268 2213 452 2285 sponsalibus.
478 2202 515 2268 in
532 2213 710 2284 sponsalibus
721 2226 869 2267 consensus
883 2229 979 2266 sorum
993 2211 1099 2280 enipeu-
1148 2218 1222 2269 ⁴126.
1257 2213 1466 2284 Sponsaliorum
1494 2230 1594 2269 nomen
1626 2215 1655 2269 in
1677 2217 1742 2286 jure
1773 2213 1848 2269 civili
1877 2213 1962 2268 variis

271 2302 325 2354 dus
344 2307 391 2367 est,
410 2317 528 2369 quorum
546 2301 577 2353 in
599 2300 708 2368 nuptiis
728 2299 921 2367 decideretur,
939 2298 979 2352 ait
996 2296 1101 2352 Paulus
1127 2301 1215 2355 modis
1233 2301 1376 2371 accipitur.
1406 2301 1546 2356 Dicuntur
1563 2302 1639 2356 enim
1656 2301 1796 2371 sponsalia
1816 2306 1838 2356 1.
1856 2301 1961 2354 arrhas

266 2386 332 2442 lin
349 2384 525 2456 sponsalibus
549 2385 609 2441 eod.
648 2384 753 2456 Utique
778 2400 845 2457 ergo
868 2385 939 2440 alius
957 2389 1000 2439 est
1018 2401 1100 2453 spon·
1126 2387 1321 2456 sponsalitiae,
1341 2404 1413 2458 quae
1430 2405 1446 2442 a
1464 2404 1564 2457 sponso
1583 2388 1685 2441 dantur
1702 2402 1828 2457 sponsae,
1848 2387 1867 2441 l
1887 2389 1909 2442 1.
1929 2386 1959 2441 0.

267 2472 413 2536 saliorum,
438 2470 510 2526 alius
535 2471 694 2542 nuptiarum
718 2486 873 2526 cousensus.
904 2474 929 2526 t‘.
946 2471 992 2524 Eu
1009 2470 1100 2523 multi·
1127 2472 1238 2542 einupt.
1254 2488 1287 2526 ex
1301 2473 1426 2543 rescript.
1439 2480 1494 2544 pet.
1520 2478 1543 2528 2.
1563 2474 1691 2527 Donatio
1701 2482 1822 2542 propter
1834 2474 1959 2542 nuptias,

264 2559 338 2629 plici
351 2560 392 2612 od
408 2558 562 2610 obetedom
580 2557 755 2614 deductione.
779 2556 877 2613 Sinon
895 2556 1019 2613 differret
1035 2572 1100 2611 con·
1127 2558 1145 2611 1.
1166 2563 1187 2614 2.
1203 2559 1233 2615 O.
1251 2560 1287 2614 de
1303 2559 1415 2614 secund.
1434 2566 1510 2629 nupt.
1530 2565 1553 2614 3.
1566 2560 1690 2613 Munera
1701 2559 1882 2628 sponsalitia,
1903 2560 1921 2616 l.
1937 2565 1960 2612 3.

268 2658 366 2700 sensus
386 2641 565 2714 sponsalitins
583 2641 740 2714 anuptiali,
759 2643 828 2697 nihil
846 2643 1012 2698 discriminis
1029 2651 1102 2699 esset
1126 2645 1157 2700 C.
1177 2646 1218 2720 de,
1235 2647 1329 2700 donat.
1349 2654 1404 2702 ant.
1426 2653 1514 2717 nupt.⁴
1532 2646 1575 2701 vel
1596 2652 1708 2716 propter
1723 2651 1801 2716 nupt.
1818 2653 1847 2700 et
1866 2663 1958 2716 spons.

266 2731 339 2785 inter
346 2728 551 2804 μνηστεύεσθαι
564 2737 592 2785 et
603 2734 713 2806 γᾳμιῐν,
725 2729 798 2785 inter
806 2728 1100 2800 affectionemsponsa·
1128 2731 1176 2786 uhi
1195 2731 1326 2802 quacius
1349 2731 1377 2785 in
1400 2748 1456 2802 par.
1499 2738 1521 2787 1.
1548 2731 1681 2785 Conuiuia
1704 2733 1885 2802 sponsalitiae
1907 2734 1958 2784 od

265 2816 319 2871 lem
333 2815 532 2883 etmeritalem,
542 2816 614 2870 inter
622 2830 734 2870 uxorem
743 2815 905 2887 promissam
917 2823 945 2871 et
954 2815 1103 2884 traditam
1126 2819 1227 2883 tabita,
1253 2817 1350 2873 Cicero
1374 2817 1421 2871 lib.
1442 2824 1465 2873 2.
1486 2818 1558 2888 epist
1583 2820 1619 2873 ad
1638 2818 1770 2882 Quintum
1787 2818 1902 2872 fratrem
1921 2817 1958 2871 lo-

266 2920 369 2975 sponsa
387 2909 481 2974 posset
492 2909 521 2957 et
534 2902 647 2958 deberet
663 2918 766 2974 sponso
777 2903 924 2958 carnaliter
935 2901 1101 2973 cohabitare,
1127 2921 1213 2976 quens
1234 2903 1461 2975 desponsalibus
1481 2904 1583 2976 inquit:
1601 2905 1677 2958 Huic
1694 2906 1819 2960 conuiuio
1839 2905 1959 2967 Quintus

266 2990 467 3062 sponsalianon
475 2997 588 3061 possent
596 2989 783 3060 propteralias
790 3007 888 3045 musas
896 2989 1009 3044 dissolri
1017 3006 1101 3061 quam
1127 2992 1227 3055 defuit.
1274 2997 1296 3046 5.
1316 2989 1432 3060 Proprie
1457 2997 1485 3045 et
1504 2990 1569 3046 huio
1585 2991 1645 3046 loco
1665 2991 1860 3046 convenienter
1877 3007 1958 3061 spon-

266 3076 470 3131 matrimonium
489 3082 781 3145 consummatum,nec
797 3074 870 3131 inter
880 3075 1037 3146 impuberes
1049 3093 1101 3131 nec
1126 3077 1195 3131 salia
1228 3077 1368 3131 solennem
1399 3077 1564 3140 futurarum
1590 3077 1753 3146 nuptiarum
1782 3076 1958 3145 sparsionem

267 3174 330 3217 cum
348 3161 505 3217 conditione
517 3160 650 3231 contrahi,
670 3160 737 3234 quia
753 3161 957 3217 matrimonium
974 3178 1007 3217 eo
1018 3161 1100 3217 modo
1126 3168 1224 3217 notant
1245 3178 1278 3216 ac
1298 3160 1478 3231 deliniuntur,
1504 3161 1580 3232 quod
1606 3162 1663 3216 sint
1687 3163 1841 3217 mentione
1859 3181 1957 3232 repro·

268 3247 430 3303 contrahere
445 3264 501 3302 non
517 3247 583 3301 licet
594 3252 647 3302 etc.
662 3264 733 3318 quae
752 3247 844 3302 omnia
860 3251 926 3302 sunt
942 3247 1063 3303 absurda
1073 3254 1101 3302 et
1126 3251 1220 3303 missso
1237 3250 1404 3314 futurorum
1419 3248 1591 3317 nuptiarum,
1609 3248 1628 3305 l.
1644 3255 1667 3304 1.
1685 3247 1713 3304 ff.
1726 3249 1761 3302 de
1774 3250 1956 3319 sponsalibus.

266 3331 412 3388 ἄσύσταια.
442 3332 529 3387 Plura
546 3331 693 3387 afferemus
710 3331 762 3387 snb
773 3331 856 3388 tinem
867 3333 950 3404 hujus
962 3333 1098 3388 sectionis.
1126 3353 1149 3391 c.
1167 3335 1317 3392 Nostrates.
1338 3339 1380 3390 ³0.
1404 3352 1430 3403 q.
1450 3340 1474 3388 5.
1499 3333 1548 3388 ubi
1570 3335 1673 3389 mentio
1693 3336 1767 3389 idem
1783 3341 1864 3390 notat
1883 3335 1957 3407 quod

172 3453 240 3482 on·-
304 3424 360 3476 125.
396 3419 552 3473 Praemisso
570 3417 659 3472 isthac
674 3418 858 3483 distinctione,
873 3437 945 3490 quae
963 3419 999 3474 ad
1015 3419 1099 3490 pluri·
1125 3422 1317 3493 interrogatio,
1341 3421 1494 3491 promissio
1519 3436 1584 3476 vero
1606 3438 1655 3476 seu
1682 3423 1867 3492 repromissio
1885 3422 1956 3475 idem

193 3556 206 3584 0
267 3522 374 3560 marum
402 3505 595 3576 quaestionum
622 3505 750 3557 intimem
777 3503 903 3559 adhiberi
929 3510 1035 3576 potest,
1062 3506 1099 3560 ad
1125 3508 1200 3581 quod
1218 3509 1374 3578 responsio,
1402 3509 1453 3578 mci
1468 3509 1541 3561 enim
1554 3511 1656 3578 poscit,
1676 3510 1839 3563 mentionem
1852 3511 1958 3576 facere

271 3591 471 3664 sponsaliorum
507 3596 635 3644 naturam
677 3590 872 3645 declarandam
906 3589 1099 3647 descendimus
1125 3597 1238 3659 dicitur,
1258 3594 1309 3663 qui
1325 3597 1483 3662 respondet,
1499 3596 1700 3663 repromittere.
1736 3593 1860 3649 Alberie.
1880 3593 1957 3650 Gen·

148 3657 174 3686 '¹¹
189 3659 210 3690 ⁶'
268 3676 348 3732 initio
366 3676 539 3732 tractationis
556 3677 631 3732 iacto
651 3676 687 3732 ab
705 3674 909 3751 duopmoiuytp
953 3677 1101 3749 Spousalia
1125 3681 1180 3737 tilis
1198 3679 1246 3736 lib.
1264 3686 1288 3735 t.
1306 3679 1341 3735 de
1361 3686 1439 3749 nupt.
1458 3695 1481 3733 c.
1503 3683 1525 3733 1.
1536 3677 1656 3749 ldejerus
1675 3679 1704 3732 in
1721 3678 1820 3750 colleg.
1839 3680 1956 3752 Argent

269 3763 383 3819 Verrius
411 3763 542 3833 Flaccus,
566 3769 599 3818 ut
625 3769 668 3819 est
687 3763 763 3835 apud
788 3761 952 3834 Pompeium
979 3764 1100 3830 Festum,
1124 3767 1161 3823 ad
1180 3766 1223 3820 tit.
1239 3765 1268 3819 ff.
1289 3765 1325 3821 de
1342 3783 1435 3836 spons.
1448 3783 1474 3819 n.
1493 3771 1514 3820 1.
1544 3764 1668 3819 Vocatur
1679 3771 1772 3820 autem
1783 3765 1833 3820 ills
1844 3769 1957 3836 sponsio

267 3851 332 3906 iude
350 3851 426 3906 dicta
446 3849 598 3920 existimat,
626 3853 703 3920 qrsod
724 3866 844 3920 speum
865 3859 891 3904 et
908 3868 1012 3921 sponso
1031 3852 1099 3905 olim
1124 3853 1288 3920 nuptiarum
1314 3854 1478 3915 futurarum
1505 3850 1693 3920 repromissio,
1720 3851 1786 3922 quia
1811 3853 1957 3922 promissio

268 3937 392 3998 smerdis
409 3937 584 4007 interpositis
602 3938 685 3990 retusa
702 3937 807 3991 diuinis
817 3939 969 4006 facerent,·
987 3938 1100 4009 quidam
1126 3936 1209 3992 debet
1227 3953 1288 3992 esse
1312 3942 1409 3990 mutua
1426 3942 1454 3990 et
1473 3935 1627 4005 reciproca,
1651 3950 1707 3990 non
1726 3936 1798 3990 enim
1816 3939 1959 4008 sponsalia

270 4025 413 4081 deducunt
435 4042 455 4077 u
471 4030 583 4094 sponte,
608 4023 682 4095 quod
707 4021 777 4079 tales
800 4023 992 4096 stipulationes
1013 4025 1100 4079 futuri
1125 4023 1208 4086 fiunt,
1237 4024 1262 4078 si
1280 4024 1322 4076 vir
1340 4031 1456 4094 accepta
1474 4023 1595 4077 mulieris
1623 4038 1707 4076 manu
1727 4022 1816 4088 dicat,
1843 4028 1882 4079 do
1908 4028 1960 4079 tibi

266 4111 390 4183 conjugii
418 4109 538 4165 debeant
555 4125 616 4163 esse
632 4113 815 4179 spontaneae3
831 4110 880 4164 sed
903 4111 1005 4166 rectius
1026 4111 1101 4166 dicta
1120 4113 1210 4180 fidem
1235 4112 1271 4163 de
1290 4118 1316 4162 te
1333 4110 1364 4163 in
1380 4127 1494 4163 unorem
1511 4111 1693 4180 accipiendo,
1722 4110 1776 4164 nisi
1799 4111 1884 4165 etiam
1911 4113 1960 4166 illa

267 4205 415 4253 censentur
442 4213 460 4249 o
486 4197 664 4265 spondendo,
692 4195 758 4266 quia
785 4208 842 4250 uon
860 4203 990 4266 parentes
1013 4199 1100 4252 solum
1124 4197 1209 4251 tacite
1226 4201 1276 4250 aut
1291 4212 1418 4265 expresse
1434 4195 1670 4265 idempromittet
1687 4195 1777 4252 Thad.
1796 4196 1958 4254 PisoSoac·

182 4327 185 4337 ,
266 4291 294 4339 et
314 4282 362 4355 qni
381 4297 476 4337 eorum
493 4281 555 4335 loco
573 4287 653 4346 sunt,
670 4280 758 4336 filium
775 4297 809 4336 ac
826 4281 1033 4337 filiumfamilias
1050 4283 1099 4338 ds-
1124 4282 1237 4336 eiusde
1257 4282 1377 4351 sponsal.
1397 4287 1468 4350 part.
1490 4287 1512 4337 1.
1531 4289 1637 4352 quaest
1673 4283 1746 4348 Quid
1764 4282 1821 4338 sint
1838 4286 1958 4355 sponsal

265 4369 412 4440 spondent,
432 4368 485 4421 sed
502 4382 620 4437 monaca
632 4368 718 4422 etium
737 4369 868 4434 futuram
884 4369 1029 4438 comjrcpem
1046 4370 1102 4423 sibi
1125 4386 1200 4424 num.
1222 4373 1243 4422 1.
1268 4383 1321 4422 neo
1348 4373 1439 4421 tamen
1463 4367 1500 4420 ob
1517 4366 1547 4420 id
1572 4368 1766 4437 necessarium,
1783 4375 1816 4424 ut
1834 4379 1959 4425 correcto

265 4456 421 4527 amputatur
436 4463 463 4508 st
483 4455 610 4523 sponde,
628 4456 701 4507 ands
714 4457 1100 4525 sponsiocsponsoenomcn
1124 4461 1202 4509 textu
1224 4454 1336 4524 legatur
1357 4469 1408 4522 pro
1431 4453 1569 4508 mentione
1589 4464 1686 4508 mutua
1702 4457 1903 4525 repromissio,
1928 4466 1959 4512 nt

268 4543 380 4596 esstitit.
425 4539 563 4611 Ulpianus
588 4540 607 4596 l.
625 4539 771 4612 sponsalia.
800 4546 825 4596 2.
850 4541 879 4598 ff.
905 4541 940 4597 de
965 4543 1100 4613 sponsal:
1125 4542 1315 4596 Hotomanuus
1333 4539 1362 4593 iu
1379 4540 1431 4596 lex.
1451 4539 1697 4596 et'Weseubecius
1715 4541 1744 4595 in
1761 4549 1849 4613 parat
1862 4543 1958 4615 dispa-

268 4627 424 4698 liponsaiiu
443 4628 521 4682 dictu
540 4635 604 4680 sum
622 4642 641 4681 o
658 4629 838 4697 spondendo,
855 4642 921 4681 nom
940 4630 1026 4683 moris
1036 4631 1101 4698 suit
1125 4635 1193 4696 tant,
1212 4627 1279 4697 qnia
1298 4625 1402 4680 mentio
1418 4631 1498 4681 notat
1513 4627 1602 4691 talem
1620 4628 1867 4699 compellationem,
1884 4649 1959 4702 quac

265 4717 402 4769 retamim
426 4715 564 4784 stipulari
583 4722 609 4767 et
625 4714 765 4782 spondere
784 4715 840 4768 siti
857 4730 957 4769 osores
974 4718 1099 4780 futuros.
1126 4713 1349 4786 pollicitationem
1361 4710 1446 4767 habet
1458 4728 1490 4767 ex
1502 4719 1582 4783 parte
1595 4714 1793 4785 compellantis,
1808 4731 1843 4770 ea
1854 4717 1960 4788 quippe

266 4802 443 4857 Florentinus
470 4801 489 4855 1.
515 4805 539 4855 3.
569 4800 629 4855 eod
656 4797 731 4855 unde
755 4805 783 4853 et
808 4800 903 4871 sponsi
928 4816 1100 4874 sponsaeque
1124 4798 1260 4870 rogationi
1277 4814 1385 4868 semper
1395 4798 1488 4876 pinosi,
1515 4806 1547 4854 ut
1569 4800 1707 4870 quidquid
1734 4809 1826 4872 rogat,
1856 4820 1889 4858 ex
1908 4822 1961 4860 sua

267 4888 417 4958 appellatio
455 4894 522 4942 nata
551 4893 602 4943 est.
653 4887 798 4957 conjunge
828 4885 950 4942 Gellium
979 4887 1042 4942 libr.
1074 4895 1098 4945 t,
1124 4893 1203 4957 parte
1220 4902 1251 4940 se
1271 4893 1398 4956 paratum
1423 4885 1568 4956 significet.
1604 4885 1757 4957 Hilligerus
1786 4889 1816 4942 in
1845 4889 1960 4945 Donell.

266 4980 340 5029 noer.
363 4973 440 5028 ains
461 4991 484 5028 c.
503 4980 528 5029 ι.
555 4972 603 5028 uni
630 4989 663 5027 ex
684 4973 778 5028 servio
796 4972 914 5043 salpiam
939 4959 1296 5043 circumluuntur.
1317 4976 1355 5026 ιι.
1375 4989 1399 5027 0.
1421 4977 1459 5028 rs.
1477 4973 1516 5027 nt.
1535 4972 1568 5026 a.
1626 4994 1638 5018 ·

266 5058 363 5115 Prisco
391 5067 498 5115 veteres
525 5059 725 5132 sponsaliorum
754 5059 824 5112 ritus
856 5059 979 5114 adducit
1028 5046 1113 5123 Quiri
1163 5065 1219 5116 121.
1256 5058 1351 5112 Causa
1376 5059 1503 5126 efficiens
1525 5059 1725 5129 sponsaliorum
1744 5067 1788 5116 est
1805 5078 1960 5119 consensus
1974 5082 1995 5123 a

151 5149 195 5193 xv.
209 5150 255 5196 1³0.
268 5161 334 5200 vero
355 5146 490 5216 spondere
504 5147 615 5217 proprie
632 5145 741 5208 dicitur,
762 5145 810 5215 qui
829 5161 880 5215 pro
898 5145 952 5199 alio
965 5126 1113 5215 promittit'
1124 5152 1184 5200 trrm
1202 5144 1430 5214 contrahentium,
1450 5152 1510 5199 tum
1528 5162 1622 5200 eorum
1643 5147 1800 5217 inquorum
1818 5155 1961 5218 potestate
1974 5136 2004 5226 {¹}

267 5249 323 5287 non
338 5233 435 5302 jussus
453 5232 497 5286 vel
515 5240 636 5303 rogatus,
655 5232 704 5286 sed
723 5236 831 5301 sponte,
848 5237 880 5284 ut
899 5237 997 5286 notant
1015 5232 1099 5287 inter·
1125 5240 1198 5288 sunt.
1233 5231 1369 5301 Ulpianus
1389 5232 1408 5286 l.
1428 5238 1451 5286 4.
1471 5231 1500 5285 ff.
1527 5233 1562 5286 de
1590 5234 1752 5303 sponsalib:
1774 5236 1892 5304 Sufficit
1910 5257 1962 5291 no·

265 5324 358 5388 pretes
381 5319 410 5372 in
436 5317 560 5372 suthem.
590 5318 625 5372 de
650 5317 773 5388 fidejusa.
799 5316 862 5372 idco
882 5332 1028 5387 sponsores
1044 5333 1100 5372 non
1126 5319 1180 5371 dus
1200 5336 1347 5372 consensus
1372 5319 1412 5371 ud
1430 5318 1626 5371 constituendo
1650 5323 1806 5388 sponsalia.
1852 5321 1963 5379 Paulus

265 5405 444 5476 promissores
472 5402 616 5471 dicuutur,
643 5405 690 5476 qui
719 5401 828 5474 puellas
857 5404 1035 5472 promittunt,
1066 5411 1097 5458 ut
1111 5404 1143 5461 .l.
1167 5410 1189 5459 t.
1217 5405 1293 5460 eod:
1317 5405 1354 5458 In
1377 5403 1557 5472 sponsalibus
1581 5406 1664 5458 ctiam
1692 5424 1841 5461 corucnsus
1863 5425 1964 5465 eorum
