4020 6022
261 227 323 286 roe
598 287 600 297 ,
848 215 972 273 nocue
990 213 1195 272 meremus
1213 214 1382 278 eumuna

259 375 358 428 uuoris
383 381 447 426 tsscs
471 372 536 442 ipsc
559 371 651 423 mdrrsc
674 370 792 437 tinente,
820 387 872 426 nec
897 376 990 426 tamen
1007 386 1041 425 ex
1061 380 1093 422 eo
1122 368 1287 425 invenietur.
1324 369 1414 426 Levit.
1437 374 1484 437 18,
1500 385 1527 423 v.
1551 374 1595 424 14:
1613 369 1780 424 Nuditutem
1798 370 1904 442 putrui
1922 370 1968 422 tui

262 459 365 514 inferre
382 458 493 521 licebit,
521 460 716 528 postmortem
734 457 827 511 uxoris
851 456 879 510 id
900 473 961 511 esse
978 456 1093 511 licitum.
1121 472 1176 508 non
1194 455 1346 520 revelabis,
1371 473 1420 510 nec
1446 457 1562 509 accedes
1579 457 1620 508 ad
1645 473 1757 510 acorem
1788 456 1867 525 ejus,
1892 473 1966 510 uuor

260 552 285 601 4.
305 544 364 601 Nos
382 543 583 614 simplicissime
602 541 813 611 respondemus,
841 548 950 612 praeter
969 541 1096 612 prohibi·
1117 542 1221 610 patrui
1237 542 1279 594 tui
1296 542 1368 610 ipsc.
1388 558 1412 596 c.
1434 547 1475 609 20,
1494 556 1520 594 v.
1540 546 1590 596 20:
1614 541 1669 602 Qui
1685 541 1784 596 coierit
1800 559 1865 596 cum
1876 558 1965 597 ucore

260 632 363 687 tionem
384 632 418 685 de
435 649 491 684 non
510 630 638 684 duceudu
659 629 786 696 fratria,
808 645 880 698 quae
896 644 927 682 re
945 628 1006 698 ipsa
1023 644 1095 683 com·
1117 628 1219 695 putrui
1237 628 1297 695 sui,
1321 629 1478 681 nuditatem
1499 628 1602 697 putrui
1620 629 1674 681 sui
1690 629 1841 697 reueiocs't,
1863 635 1964 698 portc-

261 718 390 788 plectitur
414 715 627 786 prohibitionem
652 715 686 769 de
705 732 760 769 non
789 715 919 769 ducenda
936 715 1029 769 uxoris
1048 713 1095 769 dc·
1114 714 1189 766 -bunt
1209 705 1361 782 peccetum'
1380 731 1474 777 suum,
1498 714 1601 781 cbaqrse
1626 713 1724 767 liberis
1742 714 1912 780 mmieutur,
1932 728 1964 767 ex

261 804 373 857 iunctae
399 819 504 871 sorore,
536 800 684 870 specialem
713 800 790 855 illam
818 800 1033 871 prohibitionem
1061 800 1096 854 de
1122 799 1223 870 quibus
1241 799 1435 869 prohibitionis
1461 798 1571 867 legibus
1602 799 1643 854 sic
1663 799 1867 855 concludimus.
1902 798 1964 863 Quo

264 907 318 943 non
346 888 473 960 ducenda
503 887 596 941 uxoris
629 885 722 940 adhuc
750 885 868 939 viventis
895 902 988 940 sorore
1005 886 1095 940 Deum
1122 886 1212 957 gradu
1238 884 1382 940 affinitatis
1407 901 1476 939 uxor
1499 885 1591 955 patrui
1618 886 1770 955 conjuncta
1793 894 1835 942 est
1849 884 1908 939 filio
1927 902 1960 941 ex

262 974 380 1028 voluisse
419 972 590 1043 subjungere
627 978 740 1042 propter
775 977 832 1026 tres
861 988 967 1040 causas,
1005 977 1026 1027 1.
1063 904 1215 1027 chimeriti
1245 971 1331 1026 fratrc
1362 973 1472 1042 genito,
1503 972 1600 1026 eodem
1631 973 1714 1028 etiam
1741 972 1834 1045 gradu
1853 972 1913 1028 filia
1931 989 1963 1026 ex

259 1060 411 1127 ssensplum
430 1059 536 1112 Jaccbi
553 1058 623 1111 duas
640 1073 747 1112 sorores
766 1056 848 1110 simul
868 1057 897 1110 in
924 1056 1097 1112 matrimonio
1123 1072 1217 1111 sorore
1244 1056 1392 1110 deiunctae
1417 1057 1510 1111 uro'ris
1532 1057 1609 1112 edita
1635 1059 1788 1129 conjuncta
1803 1066 1848 1114 sst
1864 1059 1963 1112 marito

261 1143 400 1207 habentis,
416 1159 452 1197 ne
471 1142 533 1213 quis
551 1141 589 1196 ob
611 1140 783 1212 patriarchae
801 1147 978 1198 sanctitatem
999 1141 1097 1198 eodem
1124 1140 1306 1210 materterae,
1333 1142 1424 1199 idest
1448 1143 1548 1197 sororis
1572 1143 1668 1198 matris
1696 1160 1773 1199 suae.
1813 1144 1881 1200 Jam
1898 1161 1963 1199 vero

261 1230 435 1294 abuteretur3
454 1230 480 1284 2.
494 1228 527 1281 ob
540 1229 668 1297 effrenem
677 1227 1098 1296 Judceorums'nrepuds'cndis
1125 1244 1236 1282 uxorem
1260 1228 1353 1297 patrui
1378 1228 1482 1282 ducere
1504 1227 1667 1298 prohibeor,
1693 1230 1760 1300 quia
1786 1231 1817 1284 iu
1841 1230 1962 1283 mcusdo

259 1315 394 1369 uxoribus
404 1314 557 1380 libidinem,
571 1311 646 1365 unde
656 1310 770 1366 rabinus
778 1311 908 1367 Salomon
922 1312 996 1366 hunc
1007 1312 1098 1367 locum
1124 1316 1220 1381 produ
1242 1314 1335 1368 lineos
1362 1315 1521 1383 inccqsrctis
1546 1313 1684 1371 affinitate
1711 1315 1778 1370 mihi
1793 1317 1897 1385 juncte
1913 1321 1962 1370 est

262 1401 302 1455 sic
322 1400 441 1470 accipit,
473 1415 506 1452 ue
527 1414 624 1453 sorore
642 1415 700 1450 ιιιιιι
718 1399 867 1466 superstite
888 1417 923 1452 ec
946 1401 1100 1468 repudiate
1124 1399 1199 1470 Ergo
1217 1401 1301 1455 stiam
1319 1401 1558 1472 γυναικιιδέλφης,
1586 1402 1616 1457 id
1640 1408 1684 1457 cst
1701 1402 1854 1457 defunctae
1871 1401 1963 1455 uxoris

262 1488 356 1540 αιιινα
367 1483 603 1557 superinducatur
610 1503 621 1550 ,·
639 1485 668 1539 3.
685 1484 721 1537 ob
733 1484 884 1553 specialem
898 1485 987 1554 legem
1000 1487 1035 1538 de
1048 1487 1098 1537 du·
1125 1485 1242 1553 sororis,
1264 1484 1349 1539 filiam
1375 1487 1477 1542 ducere
1496 1486 1651 1556 prohibeor,
1672 1487 1739 1557 quia
1755 1487 1855 1543 itidem
1874 1488 1905 1541 ιἰι
1921 1504 1964 1540 se·

145 1584 155 1598 ·
262 1575 352 1626 ccede
366 1572 477 1640 fratris
492 1572 553 1623 sine
581 1570 678 1622 liberis
695 1571 825 1638 defuncti
842 1572 931 1624 uidua
950 1570 1033 1626 Deut.
1057 1577 1098 1634 25,
1125 1572 1218 1624 crmdo
1229 1575 1323 1638 gradu
1338 1571 1429 1625 lineae
1443 1572 1602 1641 inueqrscls's
1627 1572 1764 1629 affinitate
1776 1573 1844 1628 mibi
1855 1575 1963 1644 juncta

260 1676 288 1716 r.
302 1665 325 1712 5.
337 1673 373 1711 ne
386 1656 448 1727 quis
460 1671 521 1711 eam
534 1654 768 1711 universaliterac
779 1656 942 1726 simpliciter
952 1656 1098 1726 acciperet,
1125 1663 1151 1710 2.
1168 1659 1216 1711 Eu
1234 1659 1335 1725 reputa
1358 1661 1482 1712 secunda
1500 1660 1598 1712 itidem
1615 1660 1745 1728 superius
1759 1661 1961 1727 demrstrm

263 1760 326 1799 cum
343 1742 460 1797 limitato
477 1758 512 1796 ac
530 1741 714 1796 determinate
732 1741 847 1812 abipso
863 1742 924 1796 Deo
942 1742 980 1796 sit
998 1742 1097 1812 posita.
1124 1744 1202 1810 quod
1213 1743 1418 1811 prohibitiones
1437 1745 1493 1797 sint
1510 1745 1688 1815 reciprocae,
1703 1760 1738 1799 ac
1749 1743 1869 1814 proinde
1881 1761 1962 1816 quam

134 1840 250 1886 sancus
299 1832 357 1885 ³51.
412 1828 560 1891 Quaeritur
592 1833 616 1882 2.
669 1828 713 1881 An
741 1828 843 1882 uiduus
871 1828 1099 1899 γυναικαδέιφης
1125 1829 1255 1883 feminam
1274 1829 1423 1899 prohibeor
1436 1830 1546 1896 ducere,
1567 1847 1602 1884 ea
1619 1830 1703 1893 edem
1722 1830 1963 1899 prohibetnrruihi

135 1892 250 1983 ξξὶξῖζο.
263 1916 353 1984 ρῑοιιι
371 1932 453 1978 suos,
468 1915 519 1968 isoc
540 1921 580 1967 est
594 1913 744 1977 defunctus
763 1914 1098 1985 communicilium
1125 1914 1237 1969 nubere.
1272 1914 1319 1969 Sic
1332 1900 1406 1987 'crgo
1427 1915 1598 1986 colligimus:
1616 1916 1647 1973 Si
1664 1932 1778 1973 uxorem
1791 1917 1899 1985 putrui
1910 1934 1963 1972 non

137 2007 168 2085 21:
181 2003 251 2084 ἕῆζξῃ
263 2003 366 2055 ducere
380 2003 479 2068 possit,
498 1998 543 2052 vel
561 1997 635 2068 quod
655 1997 728 2052 idem
746 2003 797 2066 est,
816 2017 852 2051 cn
870 1999 981 2063 femina
998 2008 1099 2054 mater-
1125 2015 1236 2068 possum
1256 1999 1370 2063 ducere,
1388 1999 1485 2071 utique
1504 2000 1588 2055 etiam
1608 2016 1650 2063 ea,
1672 2017 1745 2071 quaa
1760 2017 1796 2055 ex
1812 2001 1919 2068 iscire,
1935 2001 1962 2055 id

136 2098 220 2136 niissrs
264 2094 340 2142 teres
351 2088 505 2155 defunctae
518 2085 622 2138 marito
633 2084 757 2152 legitime
766 2086 860 2154 possit
876 2086 990 2143 nubere.
1017 2085 1098 2155 item,
1125 2092 1168 2139 eat
1185 2084 1276 2139 mariti
1294 2084 1390 2150 fratre,
1408 2091 1569 2156 susceptum
1586 2103 1630 2142 me
1643 2086 1779 2156 agnoscit,
1796 2103 1856 2142 non
1872 2092 1963 2158 potest

135 2149 213 2198 ''⁰⁸⁸¹‘'
264 2191 303 2227 cu
321 2174 409 2226 vidua
422 2173 488 2240 filio
504 2171 595 2240 picris
613 2188 689 2235 succ,
708 2171 796 2224 idest
814 2171 922 2225 sororis
939 2171 1038 2225 marsii
1054 2174 1101 2227 sui
1124 2169 1192 2226 mihi
1211 2170 1325 2235 nubere,
1344 2171 1561 2241 propinquorum
1580 2173 1652 2227 enim
1671 2173 1787 2228 nomina
1803 2178 1873 2228 sunt
1892 2174 1961 2229 mla·

264 2258 408 2327 defuncti,
440 2258 515 2326 juste
545 2258 646 2310 usrbere
670 2257 770 2325 possit.
819 2257 889 2312 dure
913 2258 1047 2312 canonico
1072 2267 1098 2312 et
1124 2256 1191 2320 tiva,
1209 2272 1261 2311 uec
1278 2257 1396 2310 alterum
1414 2256 1475 2312 sine
1494 2257 1582 2311 altero
1599 2257 1780 2328 intelligitur,
1798 2259 1878 2314 unde
1893 2260 1960 2315 ubi·

264 2345 406 2400 Suuouico
428 2344 484 2397 tale
512 2343 673 2413 conjugium
700 2341 870 2412 prohibitum
897 2360 957 2397 esse
975 2343 1099 2398 dubitari
1125 2358 1179 2410 que
1197 2342 1272 2410 parti
1291 2342 1363 2397 tales
1381 2341 1494 2410 nuptias
1511 2342 1684 2397 contrahenti
1704 2359 1798 2412 poena
1815 2343 1959 2416 infligitur,

263 2419 386 2502 nequit,
404 2447 466 2484 cum
487 2429 557 2482 illud
577 2427 789 2498 prohibitionem
807 2429 939 2485 extendat
956 2446 1044 2500 usque
1063 2430 1098 2484 sd
1125 2426 1214 2481 Levit.
1229 2432 1269 2495 10,
1287 2445 1313 2484 v.
1332 2433 1372 2482 20.
1408 2426 1541 2491 Ulterius,
1561 2427 1584 2481 si
1602 2442 1657 2481 non
1668 2433 1761 2497 potest
1775 2428 1844 2483 mihi
1857 2428 1960 2484 subm

263 2523 391 2588 quartum
407 2515 525 2586 gradum
543 2515 633 2570 lineae
652 2515 786 2585 aequalis,
805 2514 858 2569 hoc
870 2532 934 2570 vero
955 2532 1045 2586 usque
1062 2515 1098 2570 ad
1124 2528 1172 2576 ca,
1201 2529 1273 2583 quae
1301 2530 1334 2569 ex
1363 2512 1455 2567 mariti
1478 2512 1565 2567 fretre
1584 2530 1629 2569 me
1647 2519 1808 2584 suscsptnrn
1825 2514 1959 2586 agnoscit,

261 2603 375 2656 tertium
394 2601 483 2656 lineae
502 2600 657 2672 inaequalis
683 2601 803 2672 madum
826 2601 931 2655 tamin
954 2600 1099 2670 affinitate,
1124 2599 1219 2669 utique
1238 2615 1291 2652 nec
1315 2614 1368 2669 ego
1396 2614 1508 2667 possum
1528 2597 1629 2653 ducere
1649 2616 1720 2666 eam,
1739 2616 1826 2670 quarn
1844 2618 1879 2656 ex
1896 2618 1958 2657 uxo

193 2695 197 2701 ‘
262 2704 346 2759 quam
372 2687 623 2757 consanguinitate.
665 2687 730 2743 Jsm
761 2704 826 2741 vero
851 2687 895 2741 hic
913 2688 1033 2757 gratim,
1064 2689 1099 2743 de
1124 2684 1161 2741 ris
1181 2699 1273 2739 sorore
1293 2684 1352 2738 sire
1369 2683 1447 2755 glore
1475 2691 1568 2738 natam
1587 2701 1716 2756 agnosco.
1756 2685 1812 2741 Sed
1830 2688 1910 2757 prius
1926 2704 1958 2742 ex

262 2790 319 2844 quo
338 2773 496 2844 quaeritur,
515 2780 558 2828 est
575 2773 714 2827 secundus
732 2773 822 2828 lineae
840 2773 1004 2844 inaequalis.
1042 2773 1098 2829 Sed
1123 2768 1309 2839 prohibitione
1328 2769 1366 2825 de
1384 2786 1440 2824 non
1459 2769 1587 2824 ducenda
1606 2770 1699 2841 patrui
1715 2787 1801 2827 uxore
1819 2771 1959 2828 evidenter

147 2857 389 2930 marquisius
408 2863 459 2922 est,
477 2857 615 2912 suetiam
630 2859 695 2928 jure
713 2859 809 2912 diuino
829 2866 856 2911 st
875 2860 955 2912 ciuili
973 2859 1018 2914 hic
1038 2858 1097 2913 etii-
1124 2854 1283 2924 deducitur,
1307 2871 1374 2926 ergo
1399 2857 1483 2911 etiam
1500 2857 1647 2926 posterius.
1690 2860 1718 2910 3.
1734 2859 1782 2911 Eu
1797 2859 1958 2926 reputati.

262 2943 358 2998 nitatis
376 2944 480 3014 gradus
509 2943 545 2998 sit
570 2943 736 3014 prohibitus.
778 2942 891 3014 Negant
909 2961 943 2998 er
961 2944 1096 3016 theologis
1124 2943 1201 3010 quod
1225 2942 1400 3011 cognationis
1424 2943 1500 2997 ratic
1525 2944 1564 2995 sit
1590 2927 1687 2997 sudeus
1712 2944 1770 2997 siue
1789 2959 1823 2997 eu
1836 2951 1958 3013 poterae

260 3029 408 3094 Zancbius,
427 3029 475 3100 qui
488 3035 553 3084 torn.
567 3034 590 3084 3.
608 3035 680 3099 part
693 3035 718 3085 3.
736 3029 784 3085 lib.
798 3036 822 3085 4.
837 3046 903 3100 pag.
920 3035 977 3086 185.
989 3030 1058 3086 thes.
1073 3037 1097 3086 4.
1123 3029 1180 3082 eisc
1207 3045 1240 3082 eu
1267 3036 1395 3082 metense
1419 3029 1506 3082 linea·
1525 3031 1685 3084 dssceudct.
1730 3027 1813 3092 Quod
1839 3047 1906 3102 ergo
1925 3030 1956 3084 de

261 3115 375 3183 scribit,
396 3116 558 3184 conjugium
576 3116 651 3169 inter
668 3133 698 3170 sc
718 3123 745 3169 ct
761 3116 852 3182 filiam
871 3117 981 3170 sororis
1000 3117 1098 3170 uxoris
1123 3120 1222 3184 patruo
1239 3120 1269 3169 et
1286 3115 1347 3184 ejus
1360 3130 1445 3168 uxore
1463 3114 1603 3184 statuitur,
1620 3113 1693 3167 idem
1705 3115 1790 3168 etiam
1808 3114 1846 3170 da
1861 3123 1955 3171 mater·

260 3218 329 3256 sucs
353 3203 488 3266 defuncto
510 3219 597 3256 rurore
624 3219 677 3255 erse
697 3204 778 3272 opud
801 3203 946 3258 Romanos
962 3204 1097 3256 rutatum
1122 3207 1182 3255 tera
1199 3205 1229 3254 et
1248 3201 1309 3270 ejus
1329 3200 1429 3255 marito
1446 3207 1580 3255 statutum
1601 3200 1775 3271 intelligitur,
1793 3218 1867 3274 quac
1886 3202 1954 3258 enim

259 3289 351 3353 subse
377 3295 405 3341 et
428 3289 540 3341 ratione
557 3289 716 3358 srsffnltum,
744 3289 814 3356 quic
836 3305 922 3343 uxore
939 3296 1053 3342 mortuo
1071 3297 1098 3341 et
1122 3287 1151 3340 in
1169 3286 1222 3341 hec
1238 3285 1432 3357 prohibitionis
1443 3287 1559 3342 materis
1571 3286 1607 3340 ad
1625 3293 1741 3358 patrem,
1762 3287 1863 3343 eadem
1874 3289 1954 3345 edam

260 3373 348 3426 nuliis
373 3389 405 3427 ec
425 3373 479 3427 itta
503 3375 700 3442 superstantes
727 3375 823 3429 tiberis
847 3376 918 3443 iura
943 3376 1097 3442 affinitatis
1122 3373 1159 3427 ad
1177 3378 1307 3440 matrem,
1335 3377 1364 3426 et
1391 3388 1463 3443 quae
1481 3372 1517 3426 ad
1537 3377 1669 3443 agnatos,
1699 3373 1798 3428 cadem
1819 3375 1905 3430 etiarn
1921 3374 1955 3429 ad

263 3460 338 3512 inter
360 3475 390 3513 se
418 3467 445 3512 st
463 3461 684 3527 cmisuupuiueos
704 3461 804 3514 usuris
824 3477 893 3517 suae
919 3462 975 3515 siut
993 3461 1096 3530 soluto,
1121 3462 1255 3529 cognatos
1273 3458 1420 3529 pertinent.
1453 3458 1574 3514 Proinde
1591 3464 1624 3513 ut
1639 3458 1811 3530 prohibitum
1829 3461 1900 3515 mihi
1915 3466 1955 3516 est

261 3544 344 3598 liberi
360 3551 453 3598 cuum
470 3545 497 3597 si
513 3545 624 3611 adsint,
637 3547 710 3614 jure
728 3561 842 3603 manere
859 3545 977 3614 intepre,
995 3553 1021 3600 et
1037 3554 1095 3599 tum
1121 3561 1233 3599 uxorem
1253 3545 1346 3613 patrui
1362 3545 1477 3606 ducere,
1507 3545 1547 3598 ita
1564 3559 1675 3615 quoque
1694 3560 1809 3600 uxorem
1828 3540 1956 3600 avunculi

258 3631 349 3684 satius
369 3647 428 3684 esse
445 3632 538 3684 omitti
557 3632 721 3700 irpiumodi
745 3633 927 3686 matrimonio
951 3650 1035 3701 quem
1053 3640 1095 3685 ct·
1122 3630 1224 3686 ducere
1241 3629 1406 3700 prohibeor,
1424 3630 1499 3685 unde
1516 3630 1633 3685 [eunus
1650 3630 1789 3701 interpres
1807 3631 1899 3687 Isevit
1916 3637 1955 3695 211,

258 3717 344 3772 trebi.
378 3715 421 3770 Ex
436 3716 641 3786 jurisconsultis
657 3716 760 3772 Petrus
776 3717 979 3774 Wesenbscius
998 3718 1094 3773 consil.
1120 3732 1145 3770 v.
1164 3721 1206 3772 2⁰.
1223 3723 1324 3787 patruo
1351 3716 1462 3772 disertis
1490 3715 1581 3770 verbis
1604 3733 1668 3771 eum
1686 3717 1842 3788 conjungit
1881 3718 1954 3776 Ulte-

258 3809 301 3860 23.
321 3801 477 3857 Fichurdus
498 3818 573 3856 cons.
593 3808 634 3859 68.
651 3803 705 3858 vol.
724 3808 748 3860 2.
766 3808 795 3859 et
807 3809 903 3861 notum
921 3811 971 3874 est,
989 3804 1018 3858 in
1036 3805 1094 3874 qui·
1121 3802 1193 3872 rius,
1219 3819 1283 3858 cum
1300 3803 1330 3855 in
1349 3800 1583 3873 prohibitionibus
1601 3802 1656 3856 illis
1676 3802 1778 3857 divinis
1795 3820 1853 3859 non
1871 3813 1955 3858 atter

260 3888 376 3943 busdam
402 3887 592 3943 scabinatibus
612 3890 801 3959 pronuntiari,
823 3892 897 3961 quod
916 3890 1095 3961 magistratus
1122 3891 1208 3943 detur
1226 3888 1379 3943 discrimen
1395 3889 1470 3943 iuter
1487 3904 1582 3943 secum
1600 3889 1786 3944 masculinum
1801 3897 1829 3943 et
1844 3892 1956 3957 sensisti·

259 3974 458 4044 dispensationi
485 3975 514 4029 in
543 3976 595 4029 hoc
628 3974 773 4031 affinitatis
801 3977 893 4048 gradu
918 3977 1032 4032 rellatus
1060 3977 1096 4031 sit
1121 3994 1195 4042 uum,
1215 3977 1307 4033 sedin
1321 3993 1376 4046 quo
1393 3975 1484 4047 gradu
1496 3975 1617 4031 feminae
1635 3974 1819 4047 prohibentur
1828 3977 1956 4033 masculb

259 4058 344 4116 locus.
388 4059 444 4115 Sed
470 4060 640 4116 contrarium
664 4061 885 4131 pronuntiarunt
908 4067 1096 4119 antecessores
1121 4069 1234 4134 propter
1266 4063 1358 4118 carnis
1387 4061 1642 4132 propinquitatem,
1677 4061 1708 4116 in
1736 4062 1835 4118 ecdem
1868 4063 1955 4135 gradu

258 4144 345 4201 nostri
364 4145 393 4199 in
411 4144 546 4200 facultate
565 4145 724 4216 theologica
744 4152 768 4201 8.
787 4147 855 4217 Maji
879 4164 952 4203 anno
972 4154 1047 4205 1599.
1066 4149 1096 4201 in
1121 4149 1237 4205 masculi
1262 4148 1443 4219 prohibentur
1466 4147 1577 4202 feminis
1595 4154 1708 4219 propter
1724 4147 1845 4203 eandem
1866 4150 1955 4206 carnis
1969 4158 2004 4200 ιι.

258 4246 390 4300 responso
416 4229 453 4284 sd
486 4230 690 4287 consistoriales
716 4230 994 4305 Schwarzburgicos‚
1031 4235 1095 4305 jure
1120 4235 1373 4306 propinquitatem,
1397 4241 1429 4289 ut
1455 4234 1672 4289 demonstratum
1697 4241 1739 4288 est
1765 4251 1825 4306 reg.
1848 4241 1871 4291 t.
1890 4253 1953 4308 ergo

259 4317 365 4372 scilicet
384 4314 478 4370 divino
496 4314 553 4370 tale
569 4316 732 4387 conjugium
750 4318 892 4388 prohiberi
920 4320 1002 4382 tidem
1020 4320 1094 4374 deci-
1120 4327 1153 4376 ut
1171 4322 1309 4375 masculus
1328 4320 1489 4391 prohibetur
1518 4320 1619 4375 ducere
1643 4337 1757 4376 uxorem
1780 4323 1889 4390 patrui,
1919 4324 1955 4377 sic

259 4420 320 4457 sum
346 4418 407 4457 esse
437 4401 466 4455 in
494 4401 658 4457 consistorio
674 4402 899 4474 Wirtcnbergico
930 4411 968 4461 19.
996 4405 1095 4461 Octob.
1120 4406 1224 4461 femina
1238 4407 1402 4479 prohibetur
1415 4406 1521 4463 nubere
1538 4405 1595 4461 filio
1608 4424 1642 4463 er
1655 4406 1750 4471 leviro,
1769 4405 1799 4460 id
1811 4413 1855 4462 est
1867 4409 1955 4463 mariti

259 4505 331 4543 anno
360 4493 434 4544 1599.
458 4493 488 4543 et
511 4493 551 4544 16.
570 4487 675 4557 Aprilis
698 4504 763 4543 anu.
784 4495 857 4546 1601.
882 4489 967 4545 refert
992 4491 1093 4546 Biden·
1106 4493 1205 4560 ¹fratrs
1226 4492 1316 4557 edito,
1351 4499 1380 4548 et
1408 4493 1545 4548 vicissim
1560 4499 1592 4547 ut
1624 4492 1764 4547 masculus
1794 4493 1956 4564 prohibetur

262 4573 377 4629 bachius
398 4574 434 4630 de
453 4590 529 4630 caus.
547 4572 668 4630 matrim.
695 4592 723 4645 p.
744 4581 784 4630 50.
812 4575 860 4631 ubi
885 4577 980 4645 addit,
1010 4566 1222 4650 etiamlducere
1247 4594 1361 4633 uxorem
1394 4579 1542 4649 auunculi,
1574 4578 1618 4633 sic
1655 4578 1759 4634 femina
1794 4579 1955 4648 prohibetur

258 4675 323 4714 cum
340 4666 423 4731 nepte
436 4659 536 4716 sororis
548 4657 642 4714 uxoris
661 4659 809 4716 deiunctae
829 4668 851 4718 1.
865 4662 999 4720 Novemb.
1017 4669 1091 4719 tect.
1120 4666 1227 4723 nubere
1253 4669 1418 4720 materterae
1443 4682 1511 4721 suae
1534 4665 1643 4721 merito.
1680 4665 1763 4731 Quod
1785 4663 1883 4723 fratris
1900 4663 1955 4720 filio

258 4746 466 4812 pronuntiatum
497 4745 584 4801 fuisse
621 4746 783 4816 conjugium
828 4747 980 4818 illicitum),
1021 4765 1093 4819 quae
1120 4769 1176 4808 non
1201 4752 1267 4807 licet
1285 4751 1315 4806 in
1335 4768 1448 4807 uxorem
1468 4751 1584 4822 ,patrum
1608 4750 1639 4805 id
1668 4749 1770 4806 sororis
1795 4748 1874 4813 ntus
1902 4767 1954 4806 non

259 4830 397 4885 sententia
423 4832 520 4887 nititur
548 4830 635 4886 firmis
662 4832 824 4890 rationibus.
872 4838 896 4891 1.
922 4837 970 4889 Eu
991 4837 1092 4903 repeda
1119 4839 1186 4894 licet
1202 4838 1233 4892 in
1249 4837 1380 4893 maritum
1397 4841 1570 4908 materteras,
1589 4837 1637 4908 qni
1649 4835 1751 4892 estille
1768 4837 1830 4908 ipse
1843 4837 1955 4910 gradus

258 4917 390 4984 superius
409 4920 616 4987 demonstrata,
647 4919 722 4988 quod
751 4935 808 4974 non
824 4936 964 4990 personas
983 4926 1092 4975 tanturn
1120 4922 1156 4977 de
1173 4939 1228 4992 quo
1248 4922 1399 4993 quaeritur.
1427 4926 1513 4979 t.Eu
1528 4923 1630 4992 reputa
1646 4925 1689 4977 13.
1707 4923 1808 4976 itidem
1825 4924 1956 4994 superius

259 4999 421 5057 nominatim
430 5005 742 5075 expressaesedetiam
758 5007 1094 5080 aequidistantesqrudus
1120 5011 1321 5065 demomtrutc.
1365 5009 1422 5073 Qui
1445 5012 1554 5080 precius
1573 5008 1734 5079 prohibitus
1761 5016 1804 5063 est
1831 5009 1863 5064 iss
1891 5027 1955 5064 cos-

259 5087 289 5140 in
307 5085 433 5144 Levitico
456 5090 513 5145 sint
537 5091 678 5162 prohibiti.
711 5091 845 5156 Quamvis
873 5092 961 5165 igitur
979 5092 1093 5162 nuptiae
1119 5094 1323 5163 saupuinitcte,
1357 5097 1432 5150 idem
1455 5096 1540 5150 etiam
1565 5097 1725 5163 prohibitus
1750 5096 1783 5151 iu
1801 5096 1955 5164 affinitate,

151 5239 155 5254 Ι
259 5188 322 5228 cum
349 5189 467 5242 persona
491 5193 524 5231 er
545 5178 694 5234 defunctae
720 5177 813 5232 uxoris
831 5194 923 5234 sorore
942 5177 987 5234 vel
1006 5177 1093 5234 fratre
1118 5179 1201 5249 primi
1220 5180 1328 5237 scilicet
1345 5181 1455 5254 generis
1473 5190 1502 5237 et
1517 5181 1629 5252 proprie
1647 5180 1687 5235 sic
1711 5180 1796 5239 dicta
1832 5182 1875 5237 At
1892 5199 1952 5253 pro

259 5258 338 5316 edita
355 5260 490 5329 expressis
515 5263 605 5319 uerbis
624 5264 653 5318 in
669 5263 795 5319 Iseritico
811 5280 868 5318 non
885 5263 1092 5334 prohibeantur,
1119 5265 1224 5322 hibitus
1252 5275 1294 5323 est
1318 5272 1458 5324 secundus
1486 5270 1595 5339 produc
1623 5269 1716 5323 lineae
1738 5269 1901 5339 inaequalis
1926 5268 1954 5323 in

259 5351 353 5398 tamen
382 5344 535 5414 prohibitus
565 5350 715 5407 censendas
744 5366 805 5406 esse
831 5367 865 5407 ex
892 5367 925 5405 eo
950 5350 1368 5425 evidentericonsanguinitete,
1387 5354 1517 5409 neclicet
1534 5352 1602 5408 mihi
1621 5354 1723 5410 ducere
1741 5353 1843 5410 sororis
1862 5352 1955 5424 filiam,

259 5428 409 5513 colligitur,
429 5431 504 5502 quod
515 5435 639 5503 aequalis
656 5436 760 5506 gradus
777 5436 921 5492 affinitatis
934 5418 1150 5506 prohibitnslnt
1168 5439 1308 5511 colligitur
1324 5457 1358 5495 er
1382 5457 1428 5510 oo,
1453 5439 1529 5511 quod
1553 5440 1639 5495 amite
1662 5457 1695 5495 ac
1720 5446 1873 5501 matertera
1889 5438 1954 5494 mihi
