4020 6022
768 278 821 336 DE
838 277 1039 338 conluuio.
1116 278 1125 294 ⁹
1694 284 1754 341 969

53 437 150 490 mnam
178 444 226 493 etc.
257 439 309 491 scd
338 444 362 492 et
391 437 554 491 sacerdotes
587 434 759 487 continentes
790 440 816 486 ct
844 432 894 502 qni
922 431 1015 500 petuis
1027 429 1230 486 dubitationum
1241 429 1373 485 fluctibus
1385 429 1638 500 circumagitentur.
1663 429 1755 502 Leges

55 521 160 592 αόιςιιι
179 522 340 576 concubinis
356 525 469 592 debunt,
488 519 688 574 concubinatus
703 535 816 573 cenmm
830 534 893 587 per·
922 515 1070 584 humanae,
1114 516 1263 571 canonicae
1305 515 1351 571 rel
1390 515 1486 570 civiles
1524 531 1581 570 uon
1625 522 1755 585 poterunt

54 607 164 661 soluere
181 615 284 677 coenent
303 615 465 671 asserentes,
486 606 646 676 episcopum
660 604 800 674 peccuniae
820 603 893 656 indi·
921 619 1015 658 eorum
1041 602 1238 657 conscientiam
1259 602 1375 657 reddere
1398 600 1591 671 uunquillem,
1618 617 1681 655 cum
1700 616 1755 655 non

53 709 123 760 pum
149 709 223 763 esse,
253 710 309 762 quo
334 693 427 746 colona
459 691 545 744 licere
574 690 775 759 sacerdotibus,
803 698 834 743 ut
850 689 894 742 cel
922 688 1042 744 habeant
1059 688 1273 743 fundamentum
1293 687 1320 741 in
1340 686 1450 758 legibus
1468 685 1583 754 divinis,
1605 703 1638 740 ec
1656 686 1757 742 consti·

56 777 177 831 coelibes
191 785 386 848 permaneant,
403 777 446 831 aa
464 775 633 830 concubinas
651 776 740 829 alant.
779 771 892 844 Campe·
921 777 1028 831 tutione
1061 775 1182 829 bumana
1218 772 1321 829 Leonis
1353 772 1526 843 imperatoris
1562 770 1591 825 in
1622 769 1756 827 Orientali

58 864 124 935 gius
141 863 279 921 referente
296 865 426 920 Sleidano
452 862 499 918 lib.
521 870 544 919 l.
565 880 660 918 comm.
681 878 745 917 ann.
766 867 840 917 1524.
857 860 893 915 ad
921 862 1038 917 ecclesie
1067 860 1170 915 fuerint
1196 859 1359 929 abrogatae,
1387 865 1421 914 ιιι
1445 858 1515 913 nihil
1542 857 1632 912 dicam
1657 857 1692 912 ds
1713 871 1754 924 eo,

58 949 169 1020 legatos
191 950 411 1022 Argentiuenses
435 950 464 1004 in
490 949 608 1004 comitiis
625 947 798 1017 Augustanis
821 947 893 1001 dice·
921 947 995 1018 quod
1010 949 1058 1018 jus
1082 946 1237 1001 Romamm
1261 946 1313 1001 etsi
1344 945 1558 1001 concubinatum
1585 943 1668 998 certia
1691 958 1755 996 con·

58 1035 118 1099 bat,
148 1035 221 1090 scire
250 1053 293 1104 se,
322 1037 515 1107 episcoporum
544 1035 616 1087 lianc
640 1050 699 1087 esse
718 1024 835 1101 maiam,
863 1039 893 1083 nt
920 1033 1071 1088 ditionibus
1096 1040 1255 1102 susceptum
1281 1049 1337 1088 non
1359 1032 1470 1103 penitus
1497 1038 1529 1086 ut
1554 1046 1613 1085 rem
1628 1028 1755 1083 illicitam

56 1127 175 1190 accepta
212 1122 335 1190 pecunia
378 1120 576 1174 scortationem
620 1119 679 1172 suis
719 1119 893 1188 permittant.
922 1119 1040 1184 damnet,
1062 1118 1175 1189 oblique
1194 1126 1288 1173 tamm
1305 1119 1423 1174 eundem
1441 1123 1526 1186 taxet,
1542 1116 1609 1188 quia
1625 1113 1697 1169 filios
1722 1131 1755 1170 ex

60 1205 146 1269 Quod
162 1223 227 1260 sero
251 1207 413 1259 sacerdotes
436 1207 507 1270 fiant
530 1203 641 1271 mariti,
668 1205 756 1258 multo
779 1202 894 1270 macine
920 1204 1081 1259 concubinis
1105 1213 1248 1276 susceptos
1268 1204 1379 1272 statuit,
1403 1221 1460 1258 reon
1484 1219 1542 1257 csse
1571 1203 1602 1256 in
1615 1207 1754 1269 potestate

57 1307 117 1346 esse
130 1298 292 1362 peccatum,
323 1309 405 1359 quam
426 1291 453 1344 si
477 1290 621 1361 plurimas
639 1290 718 1342 domi
735 1286 894 1342 meretrices
918 1293 1023 1359 patris,
1045 1308 1095 1344 nec
1109 1291 1220 1360 patitur
1246 1308 1292 1343 eos
1319 1290 1459 1360 tepitimos
1478 1305 1513 1343 ac
1524 1288 1621 1357 justos
1638 1286 1755 1340 beredes

58 1376 148 1430 dant.
198 1375 337 1431 Henricus
366 1374 497 1430 Cuiclrius
524 1375 636 1446 praesul
659 1356 894 1429 Ruremundensis
921 1394 987 1445 esse,
1004 1377 1060 1430 nisi
1072 1394 1105 1430 ea
1123 1377 1277 1430 concubina
1293 1377 1425 1443 fiatuaor
1440 1383 1490 1428 aut
1503 1372 1646 1444 principis
1661 1378 1754 1425 aucto·

58 1461 171 1533 scripsit
188 1462 297 1528 librum,
316 1478 398 1533 quem
418 1469 501 1516 vocat
519 1460 669 1530 Speculum
687 1456 893 1516 concubinario·
920 1464 993 1516 ritas
1009 1464 1174 1518 intercedat.
1215 1465 1242 1519 2.
1264 1463 1305 1514 Ob
1321 1462 1501 1526 manifestum
1519 1460 1625 1514 dictum
1642 1467 1753 1528 aposto·

10 1559 43 1604 ιι.
58 1563 121 1602 rum
147 1548 336 1617 sacerdotum,
366 1545 563 1602 monachorum
587 1553 616 1600 et
639 1546 801 1601 clericorum
827 1543 893 1599 edit.
920 1551 1004 1604 ticum
1028 1549 1113 1603 Hebr.
1135 1553 1179 1613 13,
1203 1566 1227 1605 v.
1247 1555 1278 1604 t:
1306 1547 1482 1602 Honorabite
1504 1546 1664 1615 conjuyium
1681 1546 1753 1599 inter

56 1649 122 1690 eun.
145 1638 219 1690 1599.
245 1633 339 1688 eolon.
365 1633 467 1704 inquo
491 1631 543 1687 hoe
560 1638 705 1702 peccatum
731 1633 804 1685 adeo
822 1647 893 1684 com·
920 1652 1021 1703 omnes,
1051 1643 1221 1689 scortatores
1251 1642 1343 1687 auum
1380 1642 1406 1686 et
1437 1632 1582 1686 adulteros
1613 1631 1755 1699 iudicabit

58 1736 139 1773 mnne
160 1736 220 1775 esse
234 1719 330 1784 docet,
347 1728 377 1772 nt
395 1721 557 1773 sacerdotes
575 1718 697 1787 amplius
715 1735 770 1770 non
781 1717 892 1786 pudeat
922 1724 1009 1776 Deus.
1052 1720 1104 1774 Est
1131 1720 1170 1774 ibi
1197 1719 1346 1774 manifeste
1372 1726 1401 1774 et
1427 1717 1587 1772 immediata
1616 1717 1754 1787 oppositio

57 1807 221 1859 concubinis
241 1814 325 1876 atque
349 1805 542 1859 noeretricibus
565 1804 626 1857 suis
647 1804 678 1855 in
700 1801 893 1871 conqrcssilms
920 1808 992 1862 inter
1009 1806 1169 1876 conjugium
1194 1812 1223 1862 et
1240 1805 1360 1876 reliquus
1379 1820 1474 1858 omnes
1494 1810 1571 1857 extre
1591 1802 1660 1857 illud
1680 1820 1752 1858 com·

52 1891 180 1960 publicis
196 1892 282 1945 ueluti
298 1891 404 1960 nuptias
423 1897 504 1959 atque
517 1888 658 1942 consistis
686 1887 892 1941 eminentiorem
920 1894 1078 1957 mixtiones,
1107 1908 1179 1962 quac
1205 1890 1397 1945 fornicationis
1427 1895 1456 1945 ct
1485 1888 1615 1944 adulterii
1642 1888 1753 1943 nomine

57 1977 150 2031 locum
178 1985 311 2046 maenam
342 1977 464 2030 nonestis
491 1973 628 2028 matronis
652 1973 811 2029 vendicare.
860 1970 892 2025 ln
920 1978 1124 2051 indigitautur.'
1138 1979 1205 2034 «lem
1222 1994 1287 2031 vero
1303 1976 1504 2032 concubinatus
1522 1992 1577 2029 non
1597 1981 1641 2030 eat
1657 1975 1752 2045 conju·

56 2062 229 2134 praefatione
238 2063 362 2134 ejusdem
375 2061 438 2117 libri
451 2060 561 2128 fatetur,
575 2060 763 2129 paucissimos
775 2059 805 2110 in
817 2057 893 2121 clero
919 2068 1004 2138 girum,
1033 2064 1109 2135 Ergo
1127 2063 1163 2118 ad
1183 2063 1377 2118 fornicationes
1395 2062 1448 2117 erit
1466 2061 1635 2117 referendus,
1663 2065 1690 2115 3.
1712 2061 1753 2116 Ob

56 2148 187 2203 Romano
219 2149 256 2201 ab
285 2149 337 2201 boc
367 2148 484 2201 erimine
511 2148 644 2200 immunes
673 2161 737 2199 esst.
785 2143 894 2200 cornel.
919 2152 1087 2205 scandatum
1112 2150 1266 2221 publicum.
1312 2148 1519 2203 Concubinatus
1542 2147 1649 2218 absque
1676 2163 1754 2201 scau·

59 2234 189 2306 686111116
210 2234 245 2288 66
263 2234 346 2289 66616
366 2233 461 2288 661666-
476 2248 536 2302 6611·
555 2237 602 2288 616
622 2231 817 2285 1661666666
830 2238 893 2283 6661
920 2238 984 2292 delo
1002 2242 1031 2292 st
1049 2234 1201 2292 offensione
1220 2234 1328 2305 piorum
1348 2233 1412 2299 eligi
1430 2233 1535 2304 nequit,
1556 2233 1654 2287 merito
1668 2232 1754 2304 igitur

57 2321 186 2391 6111666111
212 2328 239 2373 61
270 2320 422 2388 6111616166,
454 2320 634 2387 1616666666
665 2335 684 2370 6
711 2316 894 2370 6666666616
920 2323 955 2378 ab
974 2321 1092 2378 ecclesie
1109 2321 1235 2376 exsulare
1254 2320 1339 2374 debet
1354 2317 1453 2373 blatth.
1474 2324 1514 2386 le,
1532 2324 1592 2373 ut.
1610 2317 1690 2373 Rom.
1713 2324 1752 2382 ll,

53 2424 112 2477 pro
135 2406 329 2460 sacerdotebus
351 2404 502 2474 quotannis
527 2412 702 2474 extorquent,
728 2403 814 2471 idque
836 2410 892 2455 tam
921 2428 945 2466 v·
966 2414 1006 2465 13,
1029 2408 1124 2465 reor.
1143 2416 1168 2472 ll,
1187 2424 1213 2462 v.
1234 2411 1272 2463 12.
1294 2411 1315 2460 l.
1334 2403 1431 2459 Thess.
1451 2410 1474 2473 5,
1492 2423 1518 2458 r.
1533 2410 1575 2461 ot.
1594 2412 1646 2460 etc.
1672 2410 1696 2458 4.
1712 2405 1753 2460 Ob

53 2493 166 2562 poton,
185 2501 216 2546 ut
229 2493 308 2565 apud
318 2491 429 2562 plebem
444 2491 536 2560 ipsam
551 2491 581 2542 in
594 2489 777 2559 proverbium
792 2489 894 2541 obierit
920 2495 1118 2549 concssbinotus
1131 2492 1312 2563 principium.
1344 2491 1528 2560 Imperatores
1540 2498 1569 2544 et
1581 2489 1753 2561 legislatores

57 2577 112 2631 itta
129 2595 224 2632 corum
237 2577 438 2631 concubinarie
450 2577 567 2644 crocn'o,
580 2594 635 2645 orso
649 2576 762 2628 sticum:
781 2575 893 2627 Habeat
921 2580 1025 2635 ethnici
1044 2579 1161 2634 eundem
1180 2578 1334 2633 tolerarunt
1350 2577 1386 2632 ob
1405 2575 1589 2647 frequentiam
1606 2575 1753 2631 libidinum

57 2663 103 2717 uel
122 2681 178 2717 non
195 2663 310 2731 babeat,
339 2679 440 2715 aarum
466 2661 557 2715 soleat
581 2678 639 2732 pro
668 2661 837 2728 concubina,·
869 2668 894 2711 et
920 2668 992 2722 inter
1016 2673 1115 2737 gentes
1134 2665 1277 2729 usitatam,
1305 2679 1323 2717 a
1350 2661 1511 2717 Christianis
1542 2661 1629 2732 igitur
1656 2665 1753 2718 merito
1767 2667 1820 2713 m
1835 2668 1880 2712 tlt.

58 2747 178 2816 babeat,
197 2750 226 2802 si
240 2749 314 2802 uelit.
350 2746 447 2803 Claud.
467 2746 646 2816 Espencaeus
664 2744 713 2799 111).
733 2750 756 2800 2.
777 2746 812 2799 de
831 2761 894 2799 con·
919 2752 1108 2822 repudiandus
1127 2757 1178 2819 eat,
1201 2749 1306 2821 quippe
1329 2748 1378 2818 qui
1402 2747 1500 2803 sedulo
1524 2763 1623 2803 cavere
1643 2747 1753 2816 debent,

59 2835 159 2891 duent
192 2851 253 2905 cap·
285 2842 316 2890 l:
354 2835 415 2887 Pro
441 2841 593 2904 praetento
620 2849 697 2905 puro
735 2832 894 2899 mundoque
920 2856 955 2894 nc
974 2838 1048 2894 vitae
1065 2854 1099 2892 eo
1117 2853 1224 2890 morum
1243 2833 1436 2889 conformitate
1455 2832 1578 2889 ethnicos
1590 2834 1753 2903 expriment

59 2920 199 2974 coelibatu
221 2921 354 2974 uncant
379 2921 507 2991 impurus
531 2920 743 2987 truncatusque
767 2916 893 2971 concuti·
922 2930 947 2982 5.
967 2927 1007 2980 Ob
1026 2924 1135 2978 Olrrisn'
1152 2923 1340 2976 interdictum.
1378 2919 1617 2983 Quemadmodum
1638 2936 1656 2973 a
1674 2921 1753 2991 poly-

58 3015 158 3076 natus,
188 3014 218 3060 ut
238 3007 326 3059 latere
345 3023 395 3059 nec
417 3023 491 3075 prae
511 3005 691 3058 multitudine
716 3011 813 3073 quent,
844 3019 895 3055 nec
920 3011 1014 3084 garnie
1027 3027 1060 3065 ec
1073 3008 1225 3065 temerariis
1244 3005 1368 3061 divortiis
1381 3003 1615 3062 ChristusMatth.
1633 3010 1673 3071 19,
1692 3023 1716 3059 v.
1729 3011 1754 3062 6.

53 3093 326 3164 116661696666116
351 3100 483 3162 96666611
509 3090 608 3144 61616
631 3090 785 3143 1616666116
808 3089 895 3142 611166
921 3116 971 3153 nos
994 3103 1106 3153 revocat
1129 3096 1166 3149 ad
1192 3094 1308 3165 primam
1334 3091 1458 3163 conjugii
1475 3091 1690 3155 institutionem
1713 3093 1755 3146 ita

58 3180 173 3232 radices
204 3179 261 3247 epit
290 3179 435 3248 permmms
470 3176 578 3231 alicubi
606 3177 655 3229 tub
685 3192 779 3228 annuo
813 3192 897 3229 06086
922 3201 1032 3256 quoque
1050 3199 1069 3238 a
1086 3180 1283 3243 concubinatu,
1301 3177 1346 3234 vel
1366 3177 1395 3231 in
1414 3177 1517 3247 populo
1535 3177 1596 3238 Dei.
1616 3178 1661 3234 rel
1677 3178 1753 3249 apud

59 3267 172 3320 clericis
199 3281 233 3318 ae
254 3265 338 3317 leticie
364 3280 427 3317 eum
450 3265 510 3316 etsie
540 3262 702 3316 concubinis
727 3262 895 3324 cohabitare,
922 3270 1041 3342 gentiles
1065 3274 1177 3337 recepto
1201 3266 1237 3320 ad
1260 3265 1336 3336 leges
1359 3262 1574 3317 matrimoniales
1602 3280 1652 3318 nos
1674 3267 1755 3322 unice

59 3353 138 3422 96661
169 3350 277 3404 6116666
301 3357 326 3404 61
350 3350 431 3414 16166
459 3356 486 3401 61
511 3349 651 3402 1616166116
678 3355 798 3400 66616661
823 3347 896 3398 16166
922 3370 1067 3412 revocasse
1092 3352 1257 3409 statuendus
1281 3355 1338 3418 cst,
1367 3349 1484 3420 proinde
1514 3349 1537 3402 si
1567 3349 1613 3405 vel
1638 3352 1756 3408 maxims

58 3437 226 3505 9666616166
275 3436 446 3490 (1666166166
486 3450 551 3504 1611-
597 3438 654 3488 116·
699 3433 765 3487 6611·
808 3431 896 3487 16616·
924 3444 1061 3515 quaedam
1078 3438 1278 3496 concubinatus
1292 3437 1418 3506 exempla
1429 3433 1522 3490 afferri
1535 3436 1650 3505 possint,
1662 3422 1755 3493 umen

59 3538 134 3578 6666
160 3527 235 3578 11661
270 3521 308 3575 111
325 3529 435 3592 6661661
463 3521 600 3588 66166166
624 3518 709 3571 611666
735 3519 896 3572 6661166611·
923 3529 1097 3586 Christianus
1123 3526 1231 3581 animus
1254 3539 1351 3578 rocem
1375 3520 1476 3576 Christi
1500 3522 1597 3575 audire
1619 3539 1653 3576 ac
1676 3523 1755 3595 sequi

60 3609 110 3661 666
129 3610 286 3663 6166661666
307 3610 424 3678 61196666
443 3613 498 3677 6611
521 3608 562 3659 661
580 3623 687 3659 6616666
705 3612 816 3659 6666661
830 3622 895 3676 1166·
924 3619 1013 3673 debet
1049 3619 1074 3670 b'.
1088 3615 1129 3668 Ob
1144 3613 1281 3666 ceteriset
1294 3609 1424 3680 purioris
1437 3609 1570 3661 ecclcsiae
1585 3626 1755 3665 consensum.

61 3696 223 3749 6616666666
262 3696 383 3763 66661161
423 3711 478 3762 966
513 3693 605 3747 661616
640 3693 682 3745 616
720 3693 818 3745 1166661
854 3693 897 3745 661
923 3704 1136 3774 chrysostomus
1164 3696 1298 3769 peculiari
1321 3711 1446 3750 sermone
1471 3694 1594 3765 graviter
1618 3695 1756 3753 invehitur

60 3781 263 3835 666666611666
280 3779 577 3835 6611666611666616666
601 3794 669 3835 6666·
704 3782 728 3831 11
743 3793 803 3830 6666
821 3795 896 3832 6666·
923 3792 951 3846 in
966 3785 1182 3845 concubinarios.
1227 3781 1391 3837 Lactantius
1414 3779 1461 3835 lib.
1481 3785 1503 3834 6.
1522 3781 1608 3837 instit.
1626 3798 1687 3854 cap.
1708 3790 1755 3841 2³:

60 3867 216 3921 croadam!
923 3877 1088 3932 Castitatem
1107 3874 1187 3926 Deus
1206 3887 1260 3925 non
1280 3869 1363 3921 modo
1382 3867 1460 3919 intra
1475 3867 1605 3935 privatos
1620 3872 1755 3938 parietes,

98 3959 155 4009 559.
190 3950 393 4007 achrinianis
408 3967 473 4005 vero
487 3948 896 4020 rebuepublicishodiemerito
922 3967 973 4021 ,ed
989 3963 1073 4018 ettam
1088 3957 1269 4030 praescripto
1288 3953 1386 4008 lectuli
1403 3954 1547 4020 terminat,
1566 3962 1596 4007 ut
1613 3972 1676 4009 cum
1694 3958 1757 4027 quis

10 4025 318 4114 116-66616661666166
337 4036 654 4103 66666616616611666
674 4037 800 4090 6116161616
818 4036 896 4089 16611·
922 4052 1021 4105 babeat
1038 4062 1160 4109 uxorem,
1177 4058 1264 4112 neque
1282 4058 1399 4108 seruam,
1419 4055 1505 4109 ncqsse
1524 4039 1756 4100 lsberambuberc

11 4136 34 4167 ⁸
62 4134 160 4178 ¹¹¹¹¹¹¹¹¹·
217 4122 332 4179 ¹¹¹¹¹¹¹¹¹¹¹
356 4123 434 4177 ²¹¹¹¹¹¹
465 4122 510 4175 161
543 4121 581 4176 66
612 4120 717 4192 1661661
743 4120 896 4191 6116611666·
922 4141 1037 4209 insuper
1055 4135 1136 4202 velit,
1164 4131 1217 4185 sed
1241 4127 1421 4182 matrimonio
1440 4127 1532 4193 fidem
1559 4138 1648 4182 seruet
1671 4133 1756 4202 (queo

10 4189 127 4265 ''dam
148 4209 268 4264 medium
286 4209 332 4264 vel
351 4209 386 4263 ad
407 4208 634 4263 incontinentiam
653 4216 681 4263 et
700 4208 895 4262 scortationem
922 4223 1060 4280 sententia
1076 4217 1218 4291 pellicatui
1236 4213 1347 4288 proprio
1365 4219 1408 4269 est
1425 4212 1571 4284 opposite).

60 4297 206 4352 vitandam
226 4295 377 4351 remedium
403 4312 421 4350 e
439 4295 501 4349 Deo
525 4293 570 4348 vel
588 4294 753 4362 institutum,
771 4293 815 4348 vel
833 4310 895 4363 per-

60 4383 175 4438 missum
192 4398 226 4438 ex
245 4382 331 4437 sacris
358 4381 446 4437 literis
472 4379 653 4435 demonstrari
679 4386 785 4449 potest,
811 4396 895 4450 quam
1229 4425 1435 4437 ...-.-..

60 4469 139 4541 pium
169 4475 198 4524 et
229 4467 373 4523 honestum
410 4467 571 4538 conjugium
606 4467 704 4520 (lenes.
732 4471 762 4532 2,
791 4482 818 4522 r.
853 4471 894 4521 24.
1354 4521 1358 4529 ,

27 4596 34 4606 .
60 4552 653 4625 1111111916.1.001.’1,ι.1.ιι9.
688 4550 776 4621 Atqui
796 4567 895 4614 coucu·
1183 4542 1406 4638 1110110
1434 4574 1503 4636 ΠΙ.

60 4643 173 4700 binetus
192 4658 248 4696 non
265 4647 308 4696 est
325 4639 502 4710 conjugium,
525 4654 616 4708 neque
641 4636 714 4691 enim
733 4643 775 4690 eat
793 4637 894 4689 indici·

61 4731 121 4784 dua
145 4730 220 4783 vitae
241 4728 403 4796 conjunctio
426 4725 592 4779 consortium
614 4724 705 4776 diuini
729 4731 754 4775 et
779 4722 897 4775 humani
1157 4732 1221 4799 DE
1262 4728 1527 4799 DIVORTIO

56 4815 139 4886 juris
165 4814 366 4885 complectens,
394 4826 484 4882 neque
511 4825 545 4863 ex
567 4825 599 4864 eo
625 4808 747 4878 suscepti
770 4806 849 4862 liberi
867 4813 896 4862 et

61 4899 220 4956 nominiset
237 4900 370 4954 bonorum
383 4904 564 4967 paternorum
584 4901 649 4948 sunt
668 4892 790 4948 heredes
819 4893 895 4964 Ergo
956 4910 1015 4961 550
1052 4902 1189 4975 anugio
1214 4902 1259 4958 vel
1285 4900 1402 4955 maxime
1419 4899 1582 4955 adversatur
1599 4898 1788 4999 dmm-numm
1770 4904 1850 4947 uisse.
1877 4907 1887 4930 ο

62 5003 118 5043 666
141 4995 184 5041 661
210 4980 532 5057 16816166161611116116
556 4979 748 5050 666619166666
766 4978 895 5043 16661661
922 4990 997 5063 quod
1014 4993 1145 5060 ιιιιχιιλώς
1162 4986 1245 5042 rnl‘
1227 5009 1263 5050 ως
1277 4986 1307 5041 ἓν
1324 4982 1401 5055 siuns
1420 4983 1578 5041 definiendo
1592 4992 1635 5040 est
1651 4957 1833 5042 sinentem

62 5075 107 5130 vel
135 5073 310 5129 scortationis
336 5070 467 5125 vitandae
490 5067 650 5122 remedium.
692 5065 896 5121 Conscientiam
922 5077 1083 5146 conjuyalig
1109 5076 1211 5129 ,οιαιῑο
1240 5091 1274 5128 ae
1300 5073 1399 5126 marici
1426 5079 1452 5125 et
1478 5073 1576 5126 uxoris
1601 5074 1756 5142 sepas-0250

62 5159 240 5232 6966161616
260 5156 456 5222 6666161661
480 5153 549 5207 61116
578 5152 720 5222 1666116166
744 5151 894 5206 66616666·
922 5162 1083 5218 cumcuim
1106 5159 1268 5232 conjugium
1292 5163 1349 5212 tem
1369 5156 1475 5211 ratione
1500 5158 1657 5228 primaevae
1679 5158 1756 5213 insti·

62 5264 130 5302 num
147 5245 279 5301 1166116116
299 5245 505 5312 6666681666
530 5239 559 5294 16
578 5239 709 5294 16166616
727 5238 895 5308 (166961666-
922 5248 1037 5304 tutionis
1056 5264 1140 5319 quam
1162 5243 1383 5301 contrahentium
1401 5244 1562 5298 intentionis
1580 5245 1756 5299 indiuiduam

62 5335 107 5388 nis
129 5333 242 5388 tandem
266 5331 411 5402 abripitur.
458 5327 522 5382 1661
546 5342 611 5381 Vtro
638 5325 896 5381 00110¹¹b¹¹1²¹¹0r11m
922 5336 997 5391 ritae
1015 5335 1174 5388 societatem
1192 5347 1225 5386 eo
1244 5329 1464 5385 indissolubilem
1491 5331 1574 5386 meris
1593 5338 1621 5387 et
1638 5328 1757 5385 feminae

62 5420 232 5476 conscientie
251 5434 307 5472 11011
335 5421 431 5488 P0¹0⁸¹
452 5414 503 5470 6111
530 5420 606 5469 66616
628 5411 797 5479 1161666661
822 5413 897 5484 quod
924 5421 1149 5492 conjunctionem
1166 5419 1314 5485 contineat,
1332 5435 1366 5474 cx
1384 5435 1416 5473 eo
1430 5417 1512 5473 facile
1523 5417 1760 5484 animadvertitur,

62 5506 278 5563 concubinatum
296 5505 461 5575 parnasum
477 5521 539 5561 esse
557 5504 733 5573 demonstret,
751 5518 818 5575 ergo
836 5520 897 5575 per·
925 5508 1085 5576 ffivordum,
1113 5524 1169 5578 quo
1187 5507 1261 5563 vitae
1284 5505 1402 5562 societas
1422 5505 1555 5561 dividitur
1573 5511 1601 5559 et
1617 5500 1758 5557 vinculum

116 5600 218 5644 θιιιιιιιι
231 5600 281 5643 loct
299 5608 347 5653 m
1394 5615 1428 5666 24
