4020 6022
652 291 776 350 Locus
793 289 999 350 vlcusmus
1019 289 1190 357 QUINTUS
1207 290 1260 346 DE
1281 286 1483 347 CONJUGIO.

478 434 586 508 GA'P
604 446 674 506 UT
709 446 792 507 XII·
1062 446 1212 500 ios-dinato
1241 445 1326 499 unius
1355 443 1447 498 maris
1478 450 1504 497 ct
1533 440 1617 494 unias
1644 440 1775 504 feminae
1801 438 1920 506 kqitirm

1076 531 1303 588 consentientium
1322 531 1353 584 in
1383 548 1470 584 unam
1505 543 1619 582 carnem
1651 526 1744 580 nsutru'
1778 525 1921 593 adjutorii

261 623 328 689 DE
360 619 716 689 DEFINITIONE
745 618 1007 686 CONJUGIL
1076 637 1163 673 causa
1196 617 1364 687 conjunctio.
1405 613 1542 686 Wigandi
1565 613 1634 668 haec
1659 618 1720 668 est:
1749 610 1919 679 Conjupium

1076 713 1117 758 est
1135 705 1262 772 lepitima
1277 703 1420 773 copulatio
1438 701 1522 756 unius
1543 700 1633 753 maris
1649 706 1675 752 et
1688 698 1827 768 seminus
1837 697 1919 766 justo

84 809 192 854 Dsnnlnn
248 797 306 848 708.
357 789 489 861 Coniugii
521 788 695 843 definitiones
733 789 825 843 varium
857 805 890 843 ac
925 788 1050 843 diversae
1076 790 1277 845 institutionem
1290 789 1350 843 Dei
1365 785 1591 841 indissolubilem
1604 785 1918 839 aitaeconsuctudincn

85 866 194 915 ⁰⁰⁰J⁰⁸¹'·
212 876 317 949 ubique
335 881 493 933 occurrunt.
532 875 661 931 Clemens
684 875 732 931 lib.
755 880 780 932 2.
808 880 902 932 strom
922 876 963 930 sic
982 875 1048 929 defi·
1076 879 1219 932 continens
1255 878 1297 930 ad
1330 875 1527 945 procreandos
1560 881 1587 928 ct
1615 873 1788 926 educandos
1812 870 1919 929 liberos.

210 964 261 1033 nit,
279 964 355 1034 quod
374 963 410 1018 sit
428 963 555 1032 lepitima
572 963 631 1017 oiri
647 971 673 1016 et
685 962 813 1017 mulieris
831 963 992 1031 conjunctio
1010 963 1052 1015 ad
1071 970 1191 1032 propter
1209 963 1313 1016 cultum
1333 961 1402 1025 Dei,
1429 962 1470 1013 ad
1486 960 1621 1014 vitandas
1637 958 1778 1011 libidines
1794 956 1918 1025 prohibi·

210 1050 365 1105 lilcrorum
385 1048 616 1119 procreationem
622 1068 634 1117 ,·
668 1047 835 1103 Ambrosius
861 1047 890 1101 in
914 1046 1048 1102 exhortet
1076 1056 1129 1117 tas,
1149 1050 1190 1102 ud
1207 1048 1385 1103 oeconomiae
1401 1046 1676 1101 administrationem
1708 1040 1918 1111 et'officsornm

209 1135 247 1191 ad
265 1135 353 1205 virga
381 1134 552 1203 Oonp'upium
579 1141 618 1188 cst
643 1124 798 1201 oinculslm,
824 1150 880 1202 quo
911 1134 1050 1201 allipatur
1075 1136 1106 1189 in
1129 1136 1189 1189 vita
1215 1134 1438 1189 necessariorum
1466 1131 1752 1186 commsmicationcm.
1803 1129 1855 1183 Est
1873 1128 1918 1199 qui

208 1222 271 1274 niro
291 1226 426 1288 nuptast
446 1219 473 1273 ei
489 1219 662 1288 subjectione
676 1219 885 1286 adstrinpitur,·
914 1217 1048 1273 Rabanus
1076 1220 1116 1275 sic
1142 1219 1255 1275 definit:
1286 1219 1456 1289 Conjsspium
1487 1227 1528 1273 est
1553 1218 1638 1272 unius
1664 1217 1757 1270 masis
1787 1224 1814 1269 ct
1838 1215 1918 1268 unica

208 1305 258 1362 lib.
280 1313 305 1360 l.
334 1304 369 1361 de
397 1322 477 1361 serm.
504 1305 638 1376 propriet.
667 1322 691 1361 c.
711 1312 743 1360 5:
773 1306 991 1360 Matrimonium
1011 1313 1049 1358 est
1069 1306 1200 1376 feminac
1213 1307 1389 1376 pubemsmet
1406 1305 1527 1374 lepitime
1545 1304 1777 1359 consentientium
1790 1302 1821 1354 in
1837 1318 1919 1354 unam

209 1391 347 1446 nubilium
376 1392 458 1460 justa
488 1391 630 1445 conventio
658 1398 684 1445 ct
707 1393 831 1446 conditio
837 1411 849 1459 ,·
889 1389 1049 1463 conjugium
1076 1409 1204 1458 carnem,
1229 1393 1263 1446 isi
1294 1399 1335 1446 cst
1360 1391 1568 1446 indissolubilis
1593 1390 1756 1458 conjssnctio
1784 1388 1919 1441 diuinitus

210 1485 252 1530 cst
280 1477 473 1545 lepitimarum
507 1493 698 1545 personarum
726 1478 799 1530 inter
823 1493 853 1530 se
876 1476 997 1530 coissndi
1025 1484 1050 1529 et
1075 1497 1138 1533 cum
1161 1479 1192 1532 in
1222 1480 1323 1532 bonum
1343 1496 1451 1545 corum,
1477 1478 1527 1546 qui
1553 1477 1781 1547 conjunpunsur,
1816 1483 1876 1527 tum
1892 1473 1920 1525 in

210 1563 369 1633 copulandi
387 1563 511 1631 nuptias.
540 1563 574 1617 In
583 1563 648 1632 jure
664 1561 739 1617 civili
757 1579 775 1616 a
790 1562 950 1618 Justiniano
964 1562 1049 1617 instit.
1076 1565 1197 1634 pluriam
1229 1564 1290 1618 Dei
1318 1563 1456 1618 instituta.
1506 1561 1649 1617 Meutnero
1677 1561 1749 1616 haec
1771 1559 1920 1631 probatur:

211 1649 246 1704 (le
265 1655 336 1718 patr.
354 1653 453 1718 potest
473 1645 501 1719 ξ.
521 1653 545 1704 2.
564 1647 685 1702 traditur
703 1648 768 1703 tulis
786 1647 923 1704 definitio:
942 1647 1049 1701 Mat-ri·
1079 1652 1245 1719 Conjupium
1278 1659 1319 1704 est
1355 1669 1374 1703 a
1403 1651 1466 1704 Deo
1497 1649 1627 1702 instituta
1660 1648 1745 1700 unius
1777 1646 1869 1699 mans
1895 1653 1919 1698 ct

210 1736 335 1790 monium
353 1742 394 1789 cst
412 1735 472 1788 oiri
490 1742 516 1787 et
535 1734 664 1787 mulieris
690 1735 851 1803 conjunctio
871 1734 1049 1787 indiuiduam
1076 1738 1160 1791 unius
1177 1736 1304 1802 feminac
1322 1736 1442 1804 lepitimc
1460 1734 1686 1789 consentientium
1707 1733 1737 1785 in
1761 1750 1822 1785 una
1836 1748 1919 1785 carne

210 1823 284 1875 citae
307 1822 469 1875 societatem
494 1820 645 1874 continens.
689 1819 772 1876 Hauc
796 1819 983 1875 definitionem
1001 1818 1050 1874 ad·
1077 1823 1237 1891 conjunctio
1264 1823 1306 1875 ad
1323 1829 1447 1875 mutuum
1472 1819 1650 1889 adjutorium
1676 1825 1703 1870 et
1724 1819 1837 1872 sobolis
1853 1834 1919 1887 pro

213 1906 292 1962 ducit
304 1913 332 1961 et
343 1905 444 1976 probat
452 1906 499 1975 jus
514 1906 677 1961 canonicum
689 1923 713 1961 c.
727 1905 801 1961 Illud
813 1912 864 1962 etc.
878 1924 904 1960 x.
919 1906 954 1961 de
968 1921 1050 1975 prac-
1077 1908 1253 1963 creationem.
1307 1906 1387 1961 Haec
1418 1905 1566 1962 diremitus
1600 1903 1811 1970 definitionum,
1850 1920 1919 1975 quse

213 1998 296 2048 sumt.
315 1991 488 2047 Modestinus
514 1991 532 2049 l.
558 1992 672 2062 Nuptis.
697 1997 719 2046 1.
738 1992 766 2047 ff.
785 1993 819 2047 de
838 1992 883 2046 rit.
912 1998 991 2062 nupt.
1011 1991 1051 2046 sic
1078 2011 1172 2051 omnes
1189 2000 1255 2048 suut
1273 1999 1301 2049 et
1319 2010 1378 2049 esse
1396 1993 1479 2048 etiam
1495 1991 1600 2047 debent
1618 1990 1761 2059 causales,
1781 1990 1872 2043 oritur
1888 2006 1919 2044 ex

214 2079 324 2134 delinit:
347 2079 473 2147 Nuptiae
493 2088 558 2131 sunt
577 2079 737 2146 conjunctio
759 2080 848 2132 maris
866 2087 893 2132 ct
917 2079 1050 2144 feminae,
1077 2100 1124 2150 eo,
1154 2081 1230 2152 quod
1249 2079 1295 2135 alii
1314 2094 1426 2134 causam
1444 2077 1625 2147 efficientem,
1650 2076 1841 2145 materialem,
1868 2076 1920 2130 ior-

213 2165 383 2220 consortium
415 2165 504 2218 omnis
534 2165 624 2230 uitae,
656 2165 748 2217 diuini
779 2171 805 2217 ct
833 2164 949 2216 lamani
972 2164 1052 2233 juris
1077 2169 1177 2223 malem
1195 2172 1224 2223 et
1239 2165 1350 2220 finalem
1364 2162 1475 2236 plenius
1488 2182 1522 2220 ac
1535 2165 1693 2236 perfectius,
1711 2164 1918 2234 uliiaugustius

215 2250 442 2314 communicatio,
469 2251 498 2303 in
527 2266 584 2321 qua
610 2248 770 2304 definitione
804 2266 855 2319 per
881 2251 1051 2303 consortium
1077 2253 1252 2308 restrictius
1279 2251 1446 2323 exprimunt.
1495 2251 1538 2304 Ex
1569 2249 1668 2304 Matth.
1701 2255 1751 2317 ¹9,
1786 2266 1812 2305 v.
1843 2255 1869 2304 9.
1892 2256 1919 2303 et

215 2337 306 2390 omnis
326 2333 400 2390 uitae
430 2335 544 2407 quidam
569 2334 730 2406 intelligunt
752 2334 843 2389 rictus
872 2342 901 2390 et
921 2335 1052 2391 fortunae
1082 2347 1102 2395 l.
1125 2337 1247 2394 Corinth.
1270 2344 1302 2408 7,
1328 2355 1352 2393 v.
1373 2342 1397 2393 2.
1427 2337 1468 2391 sic
1499 2336 1619 2392 describi
1644 2340 1754 2405 potest,
1783 2336 1861 2406 quod
1886 2335 1919 2387 sit

215 2422 452 2491 communionem,
488 2428 519 2476 ut
546 2438 616 2475 uxor
647 2437 757 2475 consors
790 2420 851 2475 fieri
879 2421 1053 2492 intelligatur
1078 2426 1162 2479 unius
1181 2425 1269 2478 nuris
1292 2432 1319 2478 et
1337 2424 1422 2477 unius
1434 2423 1565 2493 feminae
1586 2422 1616 2475 in
1636 2438 1753 2475 carnem
1772 2440 1861 2475 unam
1878 2424 1918 2474 di·

216 2509 339 2564 omnium
353 2525 456 2576 eorum,
476 2523 549 2577 quae
560 2506 659 2561 marito
671 2506 831 2572 obveniunt,
850 2507 908 2562 sive
927 2523 962 2561 ea
980 2508 1053 2562 bons
1078 2512 1144 2565 uina
1156 2518 1182 2565 ct
1194 2510 1346 2564 indiuidua
1357 2510 1525 2579 conjunctio,
1543 2517 1601 2561 tum
1611 2507 1707 2578 prolis
1726 2511 1918 2576 pencranslac,

216 2602 290 2665 sunt,
309 2595 368 2651 sive
386 2596 510 2650 adversa.
526 2595 543 2648 l.
557 2593 580 2648 si
597 2610 661 2648 cum
675 2594 775 2649 dotem.
791 2599 832 2649 22.
845 2591 873 2668 ξ.
893 2594 916 2649 si
929 2594 1052 2650 moritus.
1078 2607 1136 2652 tuus
1154 2597 1335 2651 scortationis
1355 2597 1489 2650 vitandae
1506 2612 1595 2649 causa
1612 2595 1693 2648 inita.
1729 2593 1787 2658 Qui
1808 2593 1918 2666 plenam

218 2688 242 2739 l.
263 2681 293 2735 ff.
344 2681 441 2737 Soluto
464 2679 653 2747 matrimonio,
686 2680 752 2750 quis
780 2681 844 2750 jure
866 2679 1052 2734 Romanorum
1078 2691 1107 2739 et
1125 2683 1263 2755 integram
1286 2680 1473 2736 definitionem
1499 2680 1651 2744 desiderat,
1667 2696 1771 2734 causas
1798 2680 1919 2750 conjugii

215 2768 331 2839 antiquo
363 2766 470 2821 licitum
506 2772 567 2820 crat
592 2765 700 2821 levibus
731 2783 764 2820 ex
790 2768 881 2820 causis
905 2766 1053 2821 divortium
1079 2787 1174 2825 omnes
1202 2766 1329 2838 superius
1354 2772 1527 2822 enumeratas
1554 2773 1582 2822 et
1605 2765 1748 2835 expositas
1771 2767 1865 2821 eidem
1883 2767 1919 2821 in·

215 2854 324 2924 facerc3
351 2852 399 2907 alii
422 2869 487 2907 vero
504 2852 541 2906 ad
562 2852 769 2923 exprimendam
786 2852 960 2906 individuam
980 2853 1054 2907 vitae
1079 2855 1183 2924 cludat,
1202 2853 1278 2924 quod
1296 2857 1348 2908 hoc
1367 2853 1425 2908 fere
1443 2852 1525 2907 modo
1543 2851 1605 2906 fieri
1621 2857 1728 2922 potest:
1752 2853 1919 2922 Conjupium

218 2940 380 2995 sociotatem
408 2939 436 2992 in
468 2937 630 2993 definitione
659 2937 812 2992 lastiniani
840 2938 958 3009 positam
985 2938 1053 2992 illud
1080 2950 1121 2996 est
1146 2942 1229 2994 assius
1249 2941 1339 2993 maris
1364 2946 1390 2992 ct
1415 2939 1499 2994 unius
1519 2940 1649 3009 feminae
1671 2954 1728 3007 pes·
1757 2939 1920 3006 leontinum,

216 3025 348 3081 referunt.
387 3024 519 3090 Quamvis
544 3024 617 3078 enim
641 3040 674 3078 ex
694 3024 831 3079 accidoeti
850 3024 1054 3079 matrimonium
1066 3029 1192 3098 plenum
1209 3043 1244 3078 aa
1259 3026 1551 3094 justumconscnsum
1569 3024 1734 3078 incernam
1752 3022 1920 3078 renamdioi·

218 3110 336 3166 divortio
353 3110 534 3178 dissolvatur,
558 3117 651 3164 tamen
671 3117 801 3180 respectu
820 3110 855 3164 ad
873 3110 1054 3166 intentionem
1079 3116 1155 3168 nitus
1171 3112 1299 3166 instituta
1326 3109 1500 3179 conjunctio,
1529 3120 1587 3164 tum
1606 3117 1638 3163 ut
1659 3111 1770 3165 sobolis
1788 3126 1920 3180 procrea·

217 3204 246 3251 et
276 3197 398 3250 animum
425 3196 646 3251 contrahentium
670 3196 766 3251 habito
791 3196 953 3267 conjugium
980 3203 1055 3252 recte
1080 3201 1155 3255 tione
1183 3215 1271 3264 ¹‹pesssss
1302 3197 1453 3252 lismonam
1475 3205 1656 3266 propapctur
1682 3204 1709 3250 et
1741 3197 1865 3250 ecclem’a
1891 3211 1921 3248 cc

219 3282 350 3337 definitur
372 3300 422 3353 per
441 3284 543 3347 omnis,
568 3282 598 3337 id
614 3288 657 3337 est
688 3283 773 3336 totius
792 3283 867 3335 vitae
884 3232 1131 3371 conuertiumlillo
1149 3285 1310 3355 callipolim,
1330 3290 1427 3337 tumul
1439 3283 1606 3352 familiaris
1623 3283 1745 3336 sociem
1761 3291 1787 3335 et
1800 3290 1921 3335 mmmm

216 3377 241 3422 ct
259 3369 438 3422 indiuiduam
456 3370 631 3437 societatem,
655 3385 688 3423 eo
708 3367 781 3423 enim
800 3385 882 3423 sensu
910 3368 1256 3441 collectiu02adjutorium
1287 3371 1318 3423 in
1352 3370 1434 3423 rebus
1464 3377 1522 3423 tam
1545 3369 1660 3442 diuinis
1675 3387 1763 3438 quam
1789 3370 1921 3422 humanis

218 3454 357 3510 Graecum
377 3459 433 3517 πᾶς
451 3461 480 3508 et
491 3455 623 3510 Latinum
637 3455 725 3508 oannis
743 3455 871 3524 usurpari
891 3472 947 3509 nou
964 3455 1053 3509 solum
1076 3466 1205 3528 paretur,
1224 3463 1280 3509 tum
1297 3463 1327 3509 ut
1340 3454 1447 3508 Christi
1462 3463 1487 3509 ct
1505 3456 1639 3510 ecclmiac
1658 3457 1823 3524 conjunctio
1839 3472 1921 3525 pras·

218 3557 251 3596 ex
277 3540 421 3610 Scriptura
438 3556 519 3595 sacra
545 3546 569 3595 2.
588 3541 661 3597 Tim.
679 3545 709 3603 3,
733 3557 759 3596 v.
784 3545 824 3595 16.
848 3540 999 3595 sedetiam
1020 3558 1053 3596 ex
1074 3548 1227 3614 sipuretur,
1248 3544 1289 3595 ad
1308 3560 1377 3613 quos
1389 3543 1463 3611 fines
1483 3550 1548 3613 post
1566 3542 1678 3611 lapsum
1695 3541 1797 3597 vitatio
1816 3551 1921 3596 scama·

215 3626 340 3698 profanis
365 3626 546 3696 scriptoribus
572 3631 689 3681 constat.
730 3625 777 3681 Sic
793 3626 886 3681 Maro:
919 3626 956 3680 Et
980 3645 1054 3682 nunc
1081 3630 1165 3684 tionis
1199 3629 1325 3683 accessit.
1375 3626 1453 3683 Deus
1486 3627 1535 3698 qui
1563 3633 1605 3683 est
1637 3632 1735 3681 auctor
1769 3634 1798 3682 et
1831 3627 1922 3683 fautor

216 3714 305 3766 omnis
340 3712 425 3766 humo
461 3718 550 3768 sumat
578 3713 721 3783 Neptunia
746 3712 839 3784 Troja.
893 3713 968 3778 Quid
1006 3730 1055 3783 per
1081 3715 1217 3787 conjugii,
1244 3714 1319 3768 hunc
1341 3713 1466 3769 ordinem
1491 3729 1509 3768 a
1539 3730 1569 3769 se
1586 3713 1743 3769 insututum
1771 3714 1922 3769 clementer

216 3799 493 3854 communicationem
531 3799 618 3853 divini
656 3805 685 3853 ot
723 3798 836 3853 humani
869 3799 941 3871 juris
975 3800 1054 3855 intel·
1081 3806 1226 3856 conservet
1264 3817 1297 3856 ac
1332 3805 1460 3866 tueatur,
1499 3799 1554 3870 piis
1598 3798 1768 3870 conjugibus
1806 3799 1921 3871 largiter

130 3920 136 3929 ·
214 3883 331 3955 ligatur,
358 3884 512 3955 expositum
541 3884 596 3939 fuit
624 3882 733 3955 §.⁴126.
769 3884 948 3940 Recentiores
979 3886 1054 3941 theo·
1080 3886 1229 3941 benedicat
1254 3902 1287 3941 ac
1317 3901 1368 3940 uos
1387 3901 1481 3941 omnes
1503 3885 1540 3940 ad
1555 3885 1687 3940 coelestes
1710 3887 1831 3955 nuptias
1848 3887 1922 3958 Agri

216 3969 275 4040 logi
305 3971 433 4042 plerique
468 3971 508 4025 sic
537 3971 684 4026 deliniunt:
721 3972 890 4041 Conjupinm
917 3979 957 4025 cst
987 3972 1054 4039 lcpi-
1079 3972 1108 4026 in
1128 3988 1215 4044 reguo
1243 3971 1349 4044 gloriae
1368 3978 1481 4043 paratas
1518 3970 1733 4026 misericorditer
1752 3973 1922 4035 introducat,

216 4057 286 4110 tima
312 4065 337 4110 et
361 4057 568 4110 indissolubilis
593 4059 695 4127 copula
711 4058 795 4111 unius
820 4059 910 4111 uraris
929 4059 1055 4111 etunius
1079 4066 1194 4130 propter
1212 4060 1353 4115 Christum
1371 4059 1479 4114 animae
1495 4063 1606 4115 nostrae
1624 4073 1758 4128 sponsum
1777 4059 1807 4114 in
1829 4061 1923 4115 secula

210 4144 343 4212 feminae
361 4145 489 4197 instituta
507 4144 657 4207 diuinitus,
682 4152 714 4196 ut
739 4161 939 4213 apnascamus,
960 4146 1054 4198 Deum
1078 4145 1264 4213 benedictum,
1285 4148 1385 4201 Amen.

216 4246 274 4283 csse
292 4237 407 4284 menum
426 4238 541 4296 castam,
559 4236 585 4282 ct
602 4230 629 4282 ei
645 4229 675 4281 in
696 4230 823 4283 castitate
839 4230 1009 4295 serviamus,
1029 4238 1055 4284 ct

214 4316 266 4370 boc
285 4317 368 4370 modo
380 4324 546 4387 propnpato
559 4331 660 4381 ponere
672 4315 794 4369 humano
809 4316 927 4369 ccclesia
940 4325 1053 4371 octana

215 4403 279 4456 Deo
298 4403 455 4470 collioatur.
495 4400 690 4473 Hemmingius
718 4401 791 4457 hanc
809 4401 940 4472 proponit
956 4400 1052 4457 defini·

214 4488 332 4550 ficuum,
358 4488 387 4541 in
406 4503 462 4559 qua
480 4505 531 4543 nec
549 4487 702 4559 quidquam
721 4487 879 4553 abundare,
905 4505 956 4543 nec
974 4489 1053 4560 quid·
1078 4488 1166 4558 Apoc.
1194 4494 1238 4555 19,
1261 4503 1288 4542 v.
1315 4495 1344 4544 9:
1383 4484 1531 4559 Μακάριοι
1555 4488 1584 4539 oi
1606 4491 1644 4546 sle
1668 4486 1699 4541 ri
1728 4488 1853 4555 daturos
1879 4489 1924 4540 ιοιῑ

215 4591 299 4648 quam
324 4574 475 4629 desiderari
501 4575 617 4629 asserit:
654 4573 824 4644 Conjupium
851 4582 893 4627 est
918 4575 1054 4627 diuinitus
1114 4574 1207 4644 γάμου
1226 4577 1277 4627 τοῦ
1294 4572 1392 4648 ἀρνίου
1412 4577 1587 4640 κεκλημένοι.

1079 4282 1166 4338 Hebr.
1184 4288 1224 4351 13,
1241 4300 1267 4339 ν.
1288 4290 1319 4340 4:
1346 4287 1444 4356 Τίμιος
1461 4279 1476 4335 ὃ
1496 4279 1590 4353 γάμος
1608 4281 1638 4334 ἔν
1653 4281 1725 4333 πᾶσι
1740 4284 1788 4334 καὶ
1812 4282 1828 4349 ἡ
1848 4288 1921 4349 solur

1113 4368 1254 4441 ἀμίαντος.
