<?xml version="1.0" encoding="UTF-8"?>
<!DOCTYPE html PUBLIC "-//W3C//DTD XHTML 1.0 Transitional//EN"
    "http://www.w3.org/TR/xhtml1/DTD/xhtml1-transitional.dtd">
<html xmlns="http://www.w3.org/1999/xhtml" xml:lang="en" lang="en">
 <head>
  <title>
</title>
<meta http-equiv="Content-Type" content="text/html;charset=utf-8" />
  <meta name='ocr-system' content='tesseract 3.04.00' />
  <meta name='ocr-capabilities' content='ocr_page ocr_carea ocr_par ocr_line ocrx_word'/>
</head>
<body>
  <div class='ocr_page' id='page_1' title='image "./locitheologicit01gerhgoog/locitheologicit01gerhgoog_0041.png"; bbox 0 0 4020 6022; ppageno 0'>
   <div class='ocr_carea' id='block_1_1' title="bbox 216 218 1318 290">
    <p class='ocr_par' dir='ltr' id='par_1_1' title="bbox 216 218 1318 290">
     <span class='ocr_line' id='line_1_1' title="bbox 216 218 1318 290; baseline 0.004 -14"><span class='ocrx_word' id='word_1_1' title='bbox 216 232 254 290; x_wconf 81' lang='grc' dir='ltr'><strong>3ο</strong></span> <span class='ocrx_word' id='word_1_2' title='bbox 785 223 907 281; x_wconf 79' lang='lat' dir='ltr'><strong>Locus</strong></span> <span class='ocrx_word' id='word_1_3' title='bbox 925 218 1129 279; x_wconf 69' lang='lat' dir='ltr'><strong>vlumus</strong></span> <span class='ocrx_word' id='word_1_4' title='bbox 1149 219 1318 286; x_wconf 78' lang='lat' dir='ltr'>QUINTUS</span> 
     </span>
    </p>
   </div>
   <div class='ocr_carea' id='block_1_2' title="bbox 86 369 1904 5537">
    <p class='ocr_par' dir='ltr' id='par_1_2' title="bbox 86 369 1904 5537">
     <span class='ocr_line' id='line_1_2' title="bbox 212 369 1898 450; baseline -0.003 -16"><span class='ocrx_word' id='word_1_5' title='bbox 212 379 385 450; x_wconf 79' lang='lat' dir='ltr'><strong>babuerunt,</strong></span> <span class='ocrx_word' id='word_1_6' title='bbox 410 379 439 435; x_wconf 92' lang='lat' dir='ltr'><strong>in</strong></span> <span class='ocrx_word' id='word_1_7' title='bbox 457 396 535 435; x_wconf 81' lang='lat' dir='ltr'><strong>mam</strong></span> <span class='ocrx_word' id='word_1_8' title='bbox 552 383 719 450; x_wconf 88' lang='lat' dir='ltr'><strong>potestatem</strong></span> <span class='ocrx_word' id='word_1_9' title='bbox 741 377 907 449; x_wconf 72' lang='lat' dir='ltr'><strong>redegisset,</strong></span> <span class='ocrx_word' id='word_1_10' title='bbox 927 375 1044 432; x_wconf 83' lang='lat' dir='ltr'><strong>eximiae</strong></span> <span class='ocrx_word' id='word_1_11' title='bbox 1071 374 1118 430; x_wconf 80' lang='lat' dir='ltr'><strong>Ad</strong></span> <span class='ocrx_word' id='word_1_12' title='bbox 1147 376 1221 448; x_wconf 93' lang='lat' dir='ltr'><strong>quod</strong></span> <span class='ocrx_word' id='word_1_13' title='bbox 1248 376 1320 432; x_wconf 85' lang='lat' dir='ltr'><strong>eninr</strong></span> <span class='ocrx_word' id='word_1_14' title='bbox 1344 376 1410 447; x_wconf 88' lang='lat' dir='ltr'><strong>jura</strong></span> <span class='ocrx_word' id='word_1_15' title='bbox 1434 374 1555 431; x_wconf 82' lang='lat' dir='ltr'><strong>naturali</strong></span> <span class='ocrx_word' id='word_1_16' title='bbox 1571 389 1604 429; x_wconf 89' lang='lat' dir='ltr'><strong>ac</strong></span> <span class='ocrx_word' id='word_1_17' title='bbox 1621 372 1718 437; x_wconf 80' lang='lat' dir='ltr'><strong>divino</strong></span> <span class='ocrx_word' id='word_1_18' title='bbox 1734 389 1831 430; x_wconf 86' lang='lat' dir='ltr'><strong>omnes</strong></span> <span class='ocrx_word' id='word_1_19' title='bbox 1854 369 1898 429; x_wconf 84' lang='lat' dir='ltr'><strong>ob</strong></span> 
     </span>
     <span class='ocr_line' id='line_1_3' title="bbox 210 459 1899 537; baseline -0.004 -17"><span class='ocrx_word' id='word_1_20' title='bbox 210 467 286 520; x_wconf 88' lang='lat' dir='ltr'><strong>inter</strong></span> <span class='ocrx_word' id='word_1_21' title='bbox 303 471 349 522; x_wconf 83' lang='lat' dir='ltr'><strong>e&#39;os</strong></span> <span class='ocrx_word' id='word_1_22' title='bbox 366 467 470 523; x_wconf 86' lang='lat' dir='ltr'><strong>formae</strong></span> <span class='ocrx_word' id='word_1_23' title='bbox 489 464 624 537; x_wconf 82' lang='lat' dir='ltr'><strong>virginem</strong></span> <span class='ocrx_word' id='word_1_24' title='bbox 643 464 744 523; x_wconf 82' lang='lat' dir='ltr'><strong>aetatis</strong></span> <span class='ocrx_word' id='word_1_25' title='bbox 760 464 871 519; x_wconf 79' lang='lat' dir='ltr'><strong>aduitae</strong></span> <span class='ocrx_word' id='word_1_26' title='bbox 888 470 918 519; x_wconf 90' lang='lat' dir='ltr'><strong>et</strong></span> <span class='ocrx_word' id='word_1_27' title='bbox 934 462 1044 535; x_wconf 80' lang='lat' dir='ltr'><strong>J&#39;urenis</strong></span> <span class='ocrx_word' id='word_1_28' title='bbox 1070 462 1257 534; x_wconf 88' lang='lat' dir='ltr'><strong>stringuntur,</strong></span> <span class='ocrx_word' id='word_1_29' title='bbox 1280 462 1317 517; x_wconf 90' lang='lat' dir='ltr'><strong>ad</strong></span> <span class='ocrx_word' id='word_1_30' title='bbox 1337 461 1407 517; x_wconf 89' lang='lat' dir='ltr'><strong>illud</strong></span> <span class='ocrx_word' id='word_1_31' title='bbox 1434 461 1518 518; x_wconf 88' lang='lat' dir='ltr'><strong>etiam</strong></span> <span class='ocrx_word' id='word_1_32' title='bbox 1534 460 1588 531; x_wconf 89' lang='lat' dir='ltr'><strong>ipsi</strong></span> <span class='ocrx_word' id='word_1_33' title='bbox 1607 461 1724 532; x_wconf 87' lang='lat' dir='ltr'><strong>gentiles</strong></span> <span class='ocrx_word' id='word_1_34' title='bbox 1748 466 1816 515; x_wconf 89' lang='lat' dir='ltr'><strong>sunt</strong></span> <span class='ocrx_word' id='word_1_35' title='bbox 1834 459 1899 515; x_wconf 92' lang='lat' dir='ltr'><strong>obli·</strong></span> 
     </span>
     <span class='ocr_line' id='line_1_4' title="bbox 215 546 1900 623; baseline -0.004 -16"><span class='ocrx_word' id='word_1_36' title='bbox 215 557 243 607; x_wconf 95' lang='lat' dir='ltr'><strong>et</strong></span> <span class='ocrx_word' id='word_1_37' title='bbox 261 552 372 608; x_wconf 90' lang='lat' dir='ltr'><strong>coelebs</strong></span> <span class='ocrx_word' id='word_1_38' title='bbox 386 559 414 609; x_wconf 95' lang='lat' dir='ltr'><strong>et</strong></span> <span class='ocrx_word' id='word_1_39' title='bbox 425 554 521 619; x_wconf 86' lang='lat' dir='ltr'><strong>victor,</strong></span> <span class='ocrx_word' id='word_1_40' title='bbox 539 557 687 623; x_wconf 88' lang='lat' dir='ltr'><strong>postquam</strong></span> <span class='ocrx_word' id='word_1_41' title='bbox 704 551 846 621; x_wconf 90' lang='lat' dir='ltr'><strong>comperit,</strong></span> <span class='ocrx_word' id='word_1_42' title='bbox 864 549 965 604; x_wconf 77' lang='lat' dir='ltr'>illustri</span> <span class='ocrx_word' id='word_1_43' title='bbox 983 549 1045 604; x_wconf 92' lang='lat' dir='ltr'><strong>loco</strong></span> <span class='ocrx_word' id='word_1_44' title='bbox 1071 549 1138 620; x_wconf 87' lang='lat' dir='ltr'><strong>gati.</strong></span> <span class='ocrx_word' id='word_1_45' title='bbox 1175 549 1240 606; x_wconf 80' lang='lat' dir='ltr'><strong>dam</strong></span> <span class='ocrx_word' id='word_1_46' title='bbox 1258 566 1324 606; x_wconf 87' lang='lat' dir='ltr'><strong>sero</strong></span> <span class='ocrx_word' id='word_1_47' title='bbox 1340 549 1377 603; x_wconf 92' lang='lat' dir='ltr'><strong>ad</strong></span> <span class='ocrx_word' id='word_1_48' title='bbox 1394 548 1544 604; x_wconf 85' lang='lat' dir='ltr'><strong>liberorum</strong></span> <span class='ocrx_word' id='word_1_49' title='bbox 1568 546 1770 602; x_wconf 85' lang='lat' dir='ltr'><strong>iustitutionem</strong></span> <span class='ocrx_word' id='word_1_50' title='bbox 1787 547 1818 601; x_wconf 92' lang='lat' dir='ltr'><strong>in</strong></span> <span class='ocrx_word' id='word_1_51' title='bbox 1835 563 1900 602; x_wconf 70' lang='lat' dir='ltr'><strong>rma</strong></span> 
     </span>
     <span class='ocr_line' id='line_1_5' title="bbox 213 634 1900 707; baseline -0.002 -15"><span class='ocrx_word' id='word_1_52' title='bbox 213 639 286 692; x_wconf 88' lang='lat' dir='ltr'><strong>inter</strong></span> <span class='ocrx_word' id='word_1_53' title='bbox 310 636 462 694; x_wconf 73' lang='lat' dir='ltr'><strong>Celtiberos</strong></span> <span class='ocrx_word' id='word_1_54' title='bbox 487 643 581 693; x_wconf 70' lang='lat' dir='ltr'><strong>nsum</strong></span> <span class='ocrx_word' id='word_1_55' title='bbox 606 636 831 707; x_wconf 90' lang='lat' dir='ltr'><strong>nobilissimoque</strong></span> <span class='ocrx_word' id='word_1_56' title='bbox 862 635 953 706; x_wconf 86' lang='lat' dir='ltr'><strong>gentis</strong></span> <span class='ocrx_word' id='word_1_57' title='bbox 985 635 1044 705; x_wconf 85' lang='lat' dir='ltr'><strong>ejus</strong></span> <span class='ocrx_word' id='word_1_58' title='bbox 1070 634 1126 691; x_wconf 86' lang='lat' dir='ltr'><strong>lide</strong></span> <span class='ocrx_word' id='word_1_59' title='bbox 1150 643 1178 691; x_wconf 89' lang='lat' dir='ltr'><strong>et</strong></span> <span class='ocrx_word' id='word_1_60' title='bbox 1200 636 1237 691; x_wconf 92' lang='lat' dir='ltr'><strong>ad</strong></span> <span class='ocrx_word' id='word_1_61' title='bbox 1264 635 1348 691; x_wconf 89' lang='lat' dir='ltr'><strong>fidem</strong></span> <span class='ocrx_word' id='word_1_62' title='bbox 1369 635 1545 706; x_wconf 86' lang='lat' dir='ltr'><strong>conjugalem</strong></span> <span class='ocrx_word' id='word_1_63' title='bbox 1568 650 1662 690; x_wconf 91' lang='lat' dir='ltr'><strong>omnes</strong></span> <span class='ocrx_word' id='word_1_64' title='bbox 1688 635 1824 704; x_wconf 80' lang='lat' dir='ltr'><strong>conjuges</strong></span> <span class='ocrx_word' id='word_1_65' title='bbox 1839 635 1900 703; x_wconf 82' lang='lat' dir='ltr'><strong>jure</strong></span> 
     </span>
     <span class='ocr_line' id='line_1_6' title="bbox 213 719 1902 794; baseline -0.002 -17"><span class='ocrx_word' id='word_1_66' title='bbox 213 722 326 778; x_wconf 90' lang='lat' dir='ltr'><strong>Indibili</strong></span> <span class='ocrx_word' id='word_1_67' title='bbox 343 723 546 794; x_wconf 89' lang='lat' dir='ltr'><strong>desponsatum,</strong></span> <span class='ocrx_word' id='word_1_68' title='bbox 562 721 703 778; x_wconf 72' lang='lat' dir='ltr'><strong>mondus</strong></span> <span class='ocrx_word' id='word_1_69' title='bbox 719 721 880 792; x_wconf 89' lang='lat' dir='ltr'><strong>parentibus</strong></span> <span class='ocrx_word' id='word_1_70' title='bbox 898 726 926 776; x_wconf 94' lang='lat' dir='ltr'><strong>et</strong></span> <span class='ocrx_word' id='word_1_71' title='bbox 943 734 1044 793; x_wconf 88' lang='lat' dir='ltr'><strong>sponso</strong></span> <span class='ocrx_word' id='word_1_72' title='bbox 1070 720 1191 776; x_wconf 83' lang='lat' dir='ltr'><strong>naturali</strong></span> <span class='ocrx_word' id='word_1_73' title='bbox 1208 739 1241 776; x_wconf 86' lang='lat' dir='ltr'><strong>sc</strong></span> <span class='ocrx_word' id='word_1_74' title='bbox 1261 722 1354 777; x_wconf 82' lang='lat' dir='ltr'><strong>divino</strong></span> <span class='ocrx_word' id='word_1_75' title='bbox 1373 720 1597 791; x_wconf 87' lang='lat' dir='ltr'><strong>obstringuntur,</strong></span> <span class='ocrx_word' id='word_1_76' title='bbox 1617 726 1649 777; x_wconf 93' lang='lat' dir='ltr'><strong>ut</strong></span> <span class='ocrx_word' id='word_1_77' title='bbox 1667 725 1786 775; x_wconf 83' lang='lat' dir='ltr'><strong>constat</strong></span> <span class='ocrx_word' id='word_1_78' title='bbox 1826 719 1902 790; x_wconf 81' lang='lat' dir='ltr'><strong>Ergo</strong></span> 
     </span>
     <span class='ocr_line' id='line_1_7' title="bbox 213 805 1902 880; baseline -0.001 -17"><span class='ocrx_word' id='word_1_79' title='bbox 213 808 372 863; x_wconf 79' lang='lat' dir='ltr'><strong>inviolatam</strong></span> <span class='ocrx_word' id='word_1_80' title='bbox 386 809 510 874; x_wconf 87' lang='lat' dir='ltr'><strong>tradidit,</strong></span> <span class='ocrx_word' id='word_1_81' title='bbox 529 825 627 863; x_wconf 89' lang='lat' dir='ltr'><strong>surum</strong></span> <span class='ocrx_word' id='word_1_82' title='bbox 642 824 760 879; x_wconf 91' lang='lat' dir='ltr'><strong>quoqne,</strong></span> <span class='ocrx_word' id='word_1_83' title='bbox 779 807 854 879; x_wconf 92' lang='lat' dir='ltr'><strong>quod</strong></span> <span class='ocrx_word' id='word_1_84' title='bbox 871 824 921 878; x_wconf 89' lang='lat' dir='ltr'><strong>pro</strong></span> <span class='ocrx_word' id='word_1_85' title='bbox 938 806 1043 861; x_wconf 79' lang='lat' dir='ltr'><strong>sedem</strong></span> <span class='ocrx_word' id='word_1_86' title='bbox 1070 807 1107 862; x_wconf 88' lang='lat' dir='ltr'><strong>ad</strong></span> <span class='ocrx_word' id='word_1_87' title='bbox 1123 824 1186 863; x_wconf 89' lang='lat' dir='ltr'><strong>eam</strong></span> <span class='ocrx_word' id='word_1_88' title='bbox 1204 808 1287 864; x_wconf 91' lang='lat' dir='ltr'><strong>etiam</strong></span> <span class='ocrx_word' id='word_1_89' title='bbox 1300 808 1353 879; x_wconf 87' lang='lat' dir='ltr'><strong>ipsi</strong></span> <span class='ocrx_word' id='word_1_90' title='bbox 1367 807 1485 880; x_wconf 75' lang='lat' dir='ltr'><strong>gentiloe</strong></span> <span class='ocrx_word' id='word_1_91' title='bbox 1496 813 1562 861; x_wconf 91' lang='lat' dir='ltr'><strong>sunt</strong></span> <span class='ocrx_word' id='word_1_92' title='bbox 1579 805 1713 863; x_wconf 78' lang='lat' dir='ltr'><strong>obstricti</strong></span> <span class='ocrx_word' id='word_1_93' title='bbox 1745 805 1846 861; x_wconf 90' lang='lat' dir='ltr'><strong>Posita</strong></span> <span class='ocrx_word' id='word_1_94' title='bbox 1862 805 1902 861; x_wconf 85' lang='lat' dir='ltr'><strong>rei</strong></span> 
     </span>
     <span class='ocr_line' id='line_1_8' title="bbox 212 891 1903 967; baseline -0.002 -18"><span class='ocrx_word' id='word_1_95' title='bbox 212 896 307 966; x_wconf 89' lang='lat' dir='ltr'><strong>ptione</strong></span> <span class='ocrx_word' id='word_1_96' title='bbox 326 894 436 967; x_wconf 86' lang='lat' dir='ltr'><strong>puellae</strong></span> <span class='ocrx_word' id='word_1_97' title='bbox 453 895 569 950; x_wconf 84' lang='lat' dir='ltr'><strong>allatum</strong></span> <span class='ocrx_word' id='word_1_98' title='bbox 588 901 661 962; x_wconf 90' lang='lat' dir='ltr'><strong>erat,</strong></span> <span class='ocrx_word' id='word_1_99' title='bbox 690 911 813 950; x_wconf 86' lang='lat' dir='ltr'><strong>summae</strong></span> <span class='ocrx_word' id='word_1_100' title='bbox 841 893 913 948; x_wconf 89' lang='lat' dir='ltr'><strong>dotis</strong></span> <span class='ocrx_word' id='word_1_101' title='bbox 934 892 1043 963; x_wconf 88' lang='lat' dir='ltr'><strong>adjecit,</strong></span> <span class='ocrx_word' id='word_1_102' title='bbox 1070 899 1169 948; x_wconf 89' lang='lat' dir='ltr'><strong>natura</strong></span> <span class='ocrx_word' id='word_1_103' title='bbox 1192 893 1300 964; x_wconf 86' lang='lat' dir='ltr'><strong>integra</strong></span> <span class='ocrx_word' id='word_1_104' title='bbox 1323 901 1351 949; x_wconf 89' lang='lat' dir='ltr'><strong>et</strong></span> <span class='ocrx_word' id='word_1_105' title='bbox 1367 891 1507 963; x_wconf 84' lang='lat' dir='ltr'><strong>perfecta,</strong></span> <span class='ocrx_word' id='word_1_106' title='bbox 1535 893 1648 963; x_wconf 90' lang='lat' dir='ltr'><strong>ponitur</strong></span> <span class='ocrx_word' id='word_1_107' title='bbox 1670 892 1754 947; x_wconf 87' lang='lat' dir='ltr'><strong>etiam</strong></span> <span class='ocrx_word' id='word_1_108' title='bbox 1772 891 1903 963; x_wconf 88' lang='lat' dir='ltr'><strong>proprius</strong></span> 
     </span>
     <span class='ocr_line' id='line_1_9' title="bbox 214 977 1903 1051; baseline -0.001 -18"><span class='ocrx_word' id='word_1_109' title='bbox 214 981 341 1037; x_wconf 85' lang='lat' dir='ltr'><strong>Valerius</strong></span> <span class='ocrx_word' id='word_1_110' title='bbox 358 981 405 1038; x_wconf 92' lang='lat' dir='ltr'><strong>lib.</strong></span> <span class='ocrx_word' id='word_1_111' title='bbox 422 986 447 1037; x_wconf 84' lang='grc'><strong>1.</strong></span> <span class='ocrx_word' id='word_1_112' title='bbox 465 980 613 1036; x_wconf 75' lang='lat' dir='ltr'><strong>memorab.</strong></span> <span class='ocrx_word' id='word_1_113' title='bbox 632 997 656 1034; x_wconf 95' lang='lat' dir='ltr'><strong>c.</strong></span> <span class='ocrx_word' id='word_1_114' title='bbox 677 985 702 1034; x_wconf 85' lang='lat'><strong>3.</strong></span> <span class='ocrx_word' id='word_1_115' title='bbox 738 986 762 1036; x_wconf 81' lang='lat'><strong>8.</strong></span> <span class='ocrx_word' id='word_1_116' title='bbox 779 979 843 1037; x_wconf 87' lang='lat' dir='ltr'><strong>Non</strong></span> <span class='ocrx_word' id='word_1_117' title='bbox 860 986 902 1035; x_wconf 90' lang='lat' dir='ltr'><strong>est</strong></span> <span class='ocrx_word' id='word_1_118' title='bbox 919 979 1044 1051; x_wconf 73' lang='lat' dir='ltr'><strong>quaestio</strong></span> <span class='ocrx_word' id='word_1_119' title='bbox 1069 980 1109 1033; x_wconf 89' lang='lat' dir='ltr'><strong>rei</strong></span> <span class='ocrx_word' id='word_1_120' title='bbox 1127 978 1199 1035; x_wconf 85' lang='lat' dir='ltr'><strong>finis.</strong></span> <span class='ocrx_word' id='word_1_121' title='bbox 1235 979 1269 1033; x_wconf 91' lang='lat' dir='ltr'><strong>In</strong></span> <span class='ocrx_word' id='word_1_122' title='bbox 1294 978 1445 1050; x_wconf 90' lang='lat' dir='ltr'><strong>gentilibus</strong></span> <span class='ocrx_word' id='word_1_123' title='bbox 1470 977 1549 1048; x_wconf 90' lang='lat' dir='ltr'><strong>ponit</strong></span> <span class='ocrx_word' id='word_1_124' title='bbox 1566 977 1753 1034; x_wconf 82' lang='lat' dir='ltr'><strong>Bellarminus</strong></span> <span class='ocrx_word' id='word_1_125' title='bbox 1773 984 1903 1033; x_wconf 83' lang='lat' dir='ltr'><strong>naturam</strong></span> 
     </span>
     <span class='ocr_line' id='line_1_10' title="bbox 215 1063 1903 1138; baseline -0.002 -15"><span class='ocrx_word' id='word_1_126' title='bbox 215 1069 250 1124; x_wconf 88' lang='lat' dir='ltr'><strong>de</strong></span> <span class='ocrx_word' id='word_1_127' title='bbox 270 1069 366 1137; x_wconf 76' lang='lat' dir='ltr'><strong>pratia</strong></span> <span class='ocrx_word' id='word_1_128' title='bbox 383 1069 442 1121; x_wconf 90' lang='lat' dir='ltr'><strong>Dei</strong></span> <span class='ocrx_word' id='word_1_129' title='bbox 466 1067 606 1136; x_wconf 73' lang='lat' dir='ltr'><strong>generali,</strong></span> <span class='ocrx_word' id='word_1_130' title='bbox 635 1082 692 1138; x_wconf 85' lang='lat' dir='ltr'><strong>qua</strong></span> <span class='ocrx_word' id='word_1_131' title='bbox 714 1066 830 1120; x_wconf 91' lang='lat' dir='ltr'><strong>duorum</strong></span> <span class='ocrx_word' id='word_1_132' title='bbox 849 1065 990 1120; x_wconf 89' lang='lat' dir='ltr'><strong>hominum</strong></span> <span class='ocrx_word' id='word_1_133' title='bbox 1007 1065 1044 1118; x_wconf 88' lang='lat' dir='ltr'><strong>sd</strong></span> <span class='ocrx_word' id='word_1_134' title='bbox 1069 1065 1192 1137; x_wconf 89' lang='lat' dir='ltr'><strong>conjugii</strong></span> <span class='ocrx_word' id='word_1_135' title='bbox 1209 1064 1346 1136; x_wconf 85' lang='lat' dir='ltr'><strong>integram</strong></span> <span class='ocrx_word' id='word_1_136' title='bbox 1363 1069 1393 1120; x_wconf 89' lang='lat' dir='ltr'><strong>et</strong></span> <span class='ocrx_word' id='word_1_137' title='bbox 1408 1063 1577 1136; x_wconf 84' lang='lat' dir='ltr'><strong>perfectam,</strong></span> <span class='ocrx_word' id='word_1_138' title='bbox 1594 1064 1661 1136; x_wconf 88' lang='lat' dir='ltr'><strong>quia</strong></span> <span class='ocrx_word' id='word_1_139' title='bbox 1678 1064 1790 1130; x_wconf 76' lang='lat' dir='ltr'><strong>userit,</strong></span> <span class='ocrx_word' id='word_1_140' title='bbox 1810 1064 1903 1119; x_wconf 76' lang='lat' dir='ltr'><strong>nsci-</strong></span> 
     </span>
     <span class='ocr_line' id='line_1_11' title="bbox 214 1150 1902 1226; baseline -0.003 -16"><span class='ocrx_word' id='word_1_141' title='bbox 214 1154 374 1226; x_wconf 86' lang='lat' dir='ltr'><strong>conjugium</strong></span> <span class='ocrx_word' id='word_1_142' title='bbox 397 1152 598 1224; x_wconf 89' lang='lat' dir='ltr'><strong>adspirantium</strong></span> <span class='ocrx_word' id='word_1_143' title='bbox 622 1152 668 1208; x_wconf 86' lang='lat' dir='ltr'><strong>rel</strong></span> <span class='ocrx_word' id='word_1_144' title='bbox 690 1153 719 1207; x_wconf 90' lang='lat' dir='ltr'><strong>in</strong></span> <span class='ocrx_word' id='word_1_145' title='bbox 745 1152 876 1222; x_wconf 92' lang='lat' dir='ltr'><strong>conjugio</strong></span> <span class='ocrx_word' id='word_1_146' title='bbox 893 1150 1044 1206; x_wconf 79' lang='lat' dir='ltr'><strong>viventium</strong></span> <span class='ocrx_word' id='word_1_147' title='bbox 1070 1152 1162 1207; x_wconf 83' lang='lat' dir='ltr'><strong>monia</strong></span> <span class='ocrx_word' id='word_1_148' title='bbox 1187 1151 1332 1222; x_wconf 76' lang='lat' dir='ltr'><strong>gentilium</strong></span> <span class='ocrx_word' id='word_1_149' title='bbox 1354 1167 1415 1207; x_wconf 89' lang='lat' dir='ltr'><strong>esse</strong></span> <span class='ocrx_word' id='word_1_150' title='bbox 1441 1167 1509 1207; x_wconf 81' lang='lat' dir='ltr'><strong>vers</strong></span> <span class='ocrx_word' id='word_1_151' title='bbox 1529 1157 1559 1207; x_wconf 90' lang='lat' dir='ltr'><strong>et</strong></span> <span class='ocrx_word' id='word_1_152' title='bbox 1580 1150 1711 1223; x_wconf 72' lang='lat' dir='ltr'><strong>legitima</strong></span> <span class='ocrx_word' id='word_1_153' title='bbox 1749 1151 1829 1222; x_wconf 87' lang='lat' dir='ltr'><strong>Ergo</strong></span> <span class='ocrx_word' id='word_1_154' title='bbox 1854 1167 1902 1222; x_wconf 83' lang='lat' dir='ltr'><strong>po</strong></span> 
     </span>
     <span class='ocr_line' id='line_1_12' title="bbox 213 1236 1903 1309; baseline -0.002 -13"><span class='ocrx_word' id='word_1_155' title='bbox 213 1242 298 1296; x_wconf 85' lang='lat' dir='ltr'><strong>corda</strong></span> <span class='ocrx_word' id='word_1_156' title='bbox 324 1239 409 1304; x_wconf 73' lang='lat' dir='ltr'><strong>emti,</strong></span> <span class='ocrx_word' id='word_1_157' title='bbox 438 1239 538 1294; x_wconf 87' lang='lat' dir='ltr'><strong>sinceri</strong></span> <span class='ocrx_word' id='word_1_158' title='bbox 565 1244 594 1294; x_wconf 92' lang='lat' dir='ltr'><strong>et</strong></span> <span class='ocrx_word' id='word_1_159' title='bbox 625 1238 777 1294; x_wconf 84' lang='lat' dir='ltr'><strong>constantis</strong></span> <span class='ocrx_word' id='word_1_160' title='bbox 802 1238 904 1293; x_wconf 86' lang='lat' dir='ltr'><strong>amoris</strong></span> <span class='ocrx_word' id='word_1_161' title='bbox 932 1236 1043 1292; x_wconf 86' lang='lat' dir='ltr'><strong>vinculo</strong></span> <span class='ocrx_word' id='word_1_162' title='bbox 1069 1236 1177 1292; x_wconf 81' lang='lat' dir='ltr'><strong>nendos</strong></span> <span class='ocrx_word' id='word_1_163' title='bbox 1194 1243 1278 1292; x_wconf 76' lang='lat' dir='ltr'><strong>edam</strong></span> <span class='ocrx_word' id='word_1_164' title='bbox 1297 1236 1425 1308; x_wconf 88' lang='lat' dir='ltr'><strong>proprius</strong></span> <span class='ocrx_word' id='word_1_165' title='bbox 1442 1237 1568 1308; x_wconf 86' lang='lat' dir='ltr'><strong>conjugii</strong></span> <span class='ocrx_word' id='word_1_166' title='bbox 1585 1236 1666 1307; x_wconf 86' lang='lat' dir='ltr'><strong>linis,</strong></span> <span class='ocrx_word' id='word_1_167' title='bbox 1692 1243 1722 1292; x_wconf 89' lang='lat' dir='ltr'><strong>et</strong></span> <span class='ocrx_word' id='word_1_168' title='bbox 1736 1253 1789 1309; x_wconf 83' lang='lat' dir='ltr'><strong>per</strong></span> <span class='ocrx_word' id='word_1_169' title='bbox 1807 1253 1903 1292; x_wconf 78' lang='lat' dir='ltr'><strong>conse</strong></span> 
     </span>
     <span class='ocr_line' id='line_1_13' title="bbox 211 1322 1903 1397; baseline -0.004 -13"><span class='ocrx_word' id='word_1_170' title='bbox 211 1328 289 1384; x_wconf 92' lang='lat' dir='ltr'><strong>Deus</strong></span> <span class='ocrx_word' id='word_1_171' title='bbox 304 1326 399 1397; x_wconf 87' lang='lat' dir='ltr'><strong>jungit</strong></span> <span class='ocrx_word' id='word_1_172' title='bbox 416 1331 445 1380; x_wconf 92' lang='lat' dir='ltr'><strong>et</strong></span> <span class='ocrx_word' id='word_1_173' title='bbox 461 1325 515 1381; x_wconf 84' lang='lat' dir='ltr'><strong>hac</strong></span> <span class='ocrx_word' id='word_1_174' title='bbox 531 1325 639 1381; x_wconf 86' lang='lat' dir='ltr'><strong>ratione</strong></span> <span class='ocrx_word' id='word_1_175' title='bbox 656 1325 781 1381; x_wconf 87' lang='lat' dir='ltr'><strong>ordinem</strong></span> <span class='ocrx_word' id='word_1_176' title='bbox 797 1324 998 1381; x_wconf 87' lang='lat' dir='ltr'><strong>matrimoniis</strong></span> <span class='ocrx_word' id='word_1_177' title='bbox 1014 1341 1044 1378; x_wconf 83' lang='lat' dir='ltr'><strong>se</strong></span> <span class='ocrx_word' id='word_1_178' title='bbox 1070 1338 1157 1395; x_wconf 89' lang='lat' dir='ltr'><strong>quens</strong></span> <span class='ocrx_word' id='word_1_179' title='bbox 1180 1323 1210 1377; x_wconf 84' lang='lat' dir='ltr'><strong>si</strong></span> <span class='ocrx_word' id='word_1_180' title='bbox 1233 1322 1316 1394; x_wconf 88' lang='lat' dir='ltr'><strong>hujus</strong></span> <span class='ocrx_word' id='word_1_181' title='bbox 1338 1324 1496 1395; x_wconf 86' lang='lat' dir='ltr'><strong>argumenti</strong></span> <span class='ocrx_word' id='word_1_182' title='bbox 1510 1322 1717 1378; x_wconf 88' lang='lat' dir='ltr'><strong>Bellarminiani</strong></span> <span class='ocrx_word' id='word_1_183' title='bbox 1739 1323 1903 1396; x_wconf 87' lang='lat' dir='ltr'><strong>conjuginm</strong></span> 
     </span>
     <span class='ocr_line' id='line_1_14' title="bbox 212 1408 1904 1482; baseline -0.001 -16"><span class='ocrx_word' id='word_1_184' title='bbox 212 1413 370 1468; x_wconf 90' lang='lat' dir='ltr'><strong>institutum</strong></span> <span class='ocrx_word' id='word_1_185' title='bbox 388 1409 480 1465; x_wconf 88' lang='lat' dir='ltr'><strong>adhuc</strong></span> <span class='ocrx_word' id='word_1_186' title='bbox 499 1415 658 1479; x_wconf 80' lang='lat' dir='ltr'><strong>conservat3</strong></span> <span class='ocrx_word' id='word_1_187' title='bbox 686 1426 776 1482; x_wconf 87' lang='lat' dir='ltr'><strong>neque</strong></span> <span class='ocrx_word' id='word_1_188' title='bbox 799 1410 925 1482; x_wconf 73' lang='lat' dir='ltr'><strong>quaestio</strong></span> <span class='ocrx_word' id='word_1_189' title='bbox 948 1416 991 1464; x_wconf 88' lang='lat' dir='ltr'><strong>est</strong></span> <span class='ocrx_word' id='word_1_190' title='bbox 1009 1408 1044 1464; x_wconf 91' lang='lat' dir='ltr'><strong>de</strong></span> <span class='ocrx_word' id='word_1_191' title='bbox 1070 1409 1152 1464; x_wconf 63' lang='lat' dir='ltr'><strong>mam</strong></span> <span class='ocrx_word' id='word_1_192' title='bbox 1172 1409 1249 1481; x_wconf 86' lang='lat' dir='ltr'><strong>apud</strong></span> <span class='ocrx_word' id='word_1_193' title='bbox 1267 1408 1385 1480; x_wconf 89' lang='lat' dir='ltr'><strong>gentiles</strong></span> <span class='ocrx_word' id='word_1_194' title='bbox 1403 1408 1459 1465; x_wconf 80' lang='lat' dir='ltr'><strong>fuit</strong></span> <span class='ocrx_word' id='word_1_195' title='bbox 1476 1414 1505 1465; x_wconf 90' lang='lat' dir='ltr'><strong>et</strong></span> <span class='ocrx_word' id='word_1_196' title='bbox 1522 1413 1565 1464; x_wconf 87' lang='lat' dir='ltr'><strong>est</strong></span> <span class='ocrx_word' id='word_1_197' title='bbox 1582 1415 1796 1466; x_wconf 74' lang='lat' dir='ltr'><strong>caementum.</strong></span> <span class='ocrx_word' id='word_1_198' title='bbox 1824 1415 1851 1466; x_wconf 83' lang='grc'><strong>2.</strong></span> <span class='ocrx_word' id='word_1_199' title='bbox 1869 1409 1904 1464; x_wconf 89' lang='lat' dir='ltr'><strong>ln</strong></span> 
     </span>
     <span class='ocr_line' id='line_1_15' title="bbox 212 1493 1902 1568; baseline -0.001 -15"><span class='ocrx_word' id='word_1_200' title='bbox 212 1499 309 1567; x_wconf 76' lang='lat' dir='ltr'><strong>pratia</strong></span> <span class='ocrx_word' id='word_1_201' title='bbox 331 1497 464 1568; x_wconf 81' lang='lat' dir='ltr'><strong>speciali,</strong></span> <span class='ocrx_word' id='word_1_202' title='bbox 489 1513 544 1568; x_wconf 87' lang='lat' dir='ltr'><strong>qus</strong></span> <span class='ocrx_word' id='word_1_203' title='bbox 571 1497 647 1552; x_wconf 88' lang='lat' dir='ltr'><strong>Deus</strong></span> <span class='ocrx_word' id='word_1_204' title='bbox 668 1496 723 1566; x_wconf 89' lang='lat' dir='ltr'><strong>piis</strong></span> <span class='ocrx_word' id='word_1_205' title='bbox 748 1496 877 1567; x_wconf 79' lang='lat' dir='ltr'><strong>precibus</strong></span> <span class='ocrx_word' id='word_1_206' title='bbox 899 1495 1044 1550; x_wconf 81' lang='lat' dir='ltr'><strong>invocatus</strong></span> <span class='ocrx_word' id='word_1_207' title='bbox 1070 1494 1177 1566; x_wconf 89' lang='lat' dir='ltr'><strong>specie,</strong></span> <span class='ocrx_word' id='word_1_208' title='bbox 1204 1495 1297 1566; x_wconf 81' lang='lat' dir='ltr'><strong>quoad</strong></span> <span class='ocrx_word' id='word_1_209' title='bbox 1319 1495 1439 1565; x_wconf 81' lang='lat' dir='ltr'><strong>priorem</strong></span> <span class='ocrx_word' id='word_1_210' title='bbox 1461 1493 1545 1551; x_wconf 86' lang='lat' dir='ltr'><strong>finem</strong></span> <span class='ocrx_word' id='word_1_211' title='bbox 1567 1495 1701 1565; x_wconf 90' lang='lat' dir='ltr'><strong>dicimus,</strong></span> <span class='ocrx_word' id='word_1_212' title='bbox 1730 1497 1816 1553; x_wconf 82' lang='lat' dir='ltr'><strong>etism</strong></span> <span class='ocrx_word' id='word_1_213' title='bbox 1837 1501 1902 1552; x_wconf 82' lang='lat' dir='ltr'><strong>ants</strong></span> 
     </span>
     <span class='ocr_line' id='line_1_16' title="bbox 213 1580 1902 1656; baseline 0 -18"><span class='ocrx_word' id='word_1_214' title='bbox 213 1585 322 1654; x_wconf 89' lang='lat' dir='ltr'><strong>piorum</strong></span> <span class='ocrx_word' id='word_1_215' title='bbox 352 1582 483 1654; x_wconf 91' lang='lat' dir='ltr'><strong>conjugio</strong></span> <span class='ocrx_word' id='word_1_216' title='bbox 514 1582 595 1637; x_wconf 86' lang='lat' dir='ltr'><strong>adest</strong></span> <span class='ocrx_word' id='word_1_217' title='bbox 624 1590 652 1636; x_wconf 91' lang='lat' dir='ltr'><strong>et</strong></span> <span class='ocrx_word' id='word_1_218' title='bbox 682 1582 757 1636; x_wconf 90' lang='lat' dir='ltr'><strong>ultra</strong></span> <span class='ocrx_word' id='word_1_219' title='bbox 784 1581 955 1652; x_wconf 74' lang='lat' dir='ltr'><strong>generalem·</strong></span> <span class='ocrx_word' id='word_1_220' title='bbox 968 1580 1044 1634; x_wconf 88' lang='lat' dir='ltr'><strong>illam</strong></span> <span class='ocrx_word' id='word_1_221' title='bbox 1070 1582 1178 1652; x_wconf 88' lang='lat' dir='ltr'><strong>lapsum</strong></span> <span class='ocrx_word' id='word_1_222' title='bbox 1194 1581 1258 1635; x_wconf 86' lang='lat' dir='ltr'><strong>finis</strong></span> <span class='ocrx_word' id='word_1_223' title='bbox 1275 1582 1398 1653; x_wconf 89' lang='lat' dir='ltr'><strong>conjugii</strong></span> <span class='ocrx_word' id='word_1_224' title='bbox 1409 1581 1462 1636; x_wconf 85' lang='lat' dir='ltr'><strong>init</strong></span> <span class='ocrx_word' id='word_1_225' title='bbox 1473 1584 1637 1654; x_wconf 81' lang='lat' dir='ltr'><strong>propagatio</strong></span> <span class='ocrx_word' id='word_1_226' title='bbox 1652 1582 1763 1639; x_wconf 91' lang='lat' dir='ltr'><strong>sobolis.</strong></span> <span class='ocrx_word' id='word_1_227' title='bbox 1787 1583 1902 1656; x_wconf 77' lang='lat' dir='ltr'><strong>Ergone</strong></span> 
     </span>
     <span class='ocr_line' id='line_1_17' title="bbox 213 1665 1901 1743; baseline -0.001 -18"><span class='ocrx_word' id='word_1_228' title='bbox 213 1671 332 1743; x_wconf 77' lang='lat' dir='ltr'><strong>gratim</strong></span> <span class='ocrx_word' id='word_1_229' title='bbox 356 1668 470 1740; x_wconf 86' lang='lat' dir='ltr'><strong>speciali</strong></span> <span class='ocrx_word' id='word_1_230' title='bbox 493 1684 545 1723; x_wconf 89' lang='lat' dir='ltr'><strong>sua</strong></span> <span class='ocrx_word' id='word_1_231' title='bbox 558 1667 761 1725; x_wconf 80' lang='lat' dir='ltr'><strong>benedictione</strong></span> <span class='ocrx_word' id='word_1_232' title='bbox 783 1668 851 1738; x_wconf 90' lang='lat' dir='ltr'><strong>ipsis</strong></span> <span class='ocrx_word' id='word_1_233' title='bbox 869 1668 969 1735; x_wconf 57' lang='lat' dir='ltr'><strong>adeste</strong></span> <span class='ocrx_word' id='word_1_234' title='bbox 995 1665 1044 1720; x_wconf 87' lang='lat' dir='ltr'><strong>ssd</strong></span> <span class='ocrx_word' id='word_1_235' title='bbox 1069 1673 1270 1722; x_wconf 88' lang='lat' dir='ltr'><strong>sscrsmentum</strong></span> <span class='ocrx_word' id='word_1_236' title='bbox 1298 1668 1409 1738; x_wconf 87' lang='lat' dir='ltr'><strong>proprie</strong></span> <span class='ocrx_word' id='word_1_237' title='bbox 1435 1667 1560 1724; x_wconf 77' lang='lat' dir='ltr'><strong>dicmur?</strong></span> <span class='ocrx_word' id='word_1_238' title='bbox 1584 1669 1653 1723; x_wconf 89' lang='lat' dir='ltr'><strong>Post</strong></span> <span class='ocrx_word' id='word_1_239' title='bbox 1683 1668 1793 1739; x_wconf 87' lang='lat' dir='ltr'><strong>lapsum</strong></span> <span class='ocrx_word' id='word_1_240' title='bbox 1818 1669 1901 1726; x_wconf 79' lang='lat' dir='ltr'><strong>etism</strong></span> 
     </span>
     <span class='ocr_line' id='line_1_18' title="bbox 212 1753 1901 1828; baseline -0.001 -17"><span class='ocrx_word' id='word_1_241' title='bbox 212 1757 339 1828; x_wconf 85' lang='lat' dir='ltr'><strong>quaestio</strong></span> <span class='ocrx_word' id='word_1_242' title='bbox 358 1762 399 1811; x_wconf 91' lang='lat' dir='ltr'><strong>est</strong></span> <span class='ocrx_word' id='word_1_243' title='bbox 417 1754 452 1809; x_wconf 90' lang='lat' dir='ltr'><strong>de</strong></span> <span class='ocrx_word' id='word_1_244' title='bbox 468 1754 564 1823; x_wconf 75' lang='lat' dir='ltr'><strong>pratia</strong></span> <span class='ocrx_word' id='word_1_245' title='bbox 582 1754 790 1822; x_wconf 73' lang='lat' dir='ltr'><strong>sacramentali,</strong></span> <span class='ocrx_word' id='word_1_246' title='bbox 808 1770 844 1808; x_wconf 91' lang='lat' dir='ltr'><strong>sn</strong></span> <span class='ocrx_word' id='word_1_247' title='bbox 860 1753 966 1808; x_wconf 89' lang='lat' dir='ltr'><strong>scilicet</strong></span> <span class='ocrx_word' id='word_1_248' title='bbox 982 1768 1044 1823; x_wconf 80' lang='lat' dir='ltr'><strong>grs-</strong></span> <span class='ocrx_word' id='word_1_249' title='bbox 1070 1753 1242 1809; x_wconf 83' lang='lat' dir='ltr'><strong>Christianus</strong></span> <span class='ocrx_word' id='word_1_250' title='bbox 1260 1754 1448 1826; x_wconf 78' lang='lat' dir='ltr'><strong>magistratus,</strong></span> <span class='ocrx_word' id='word_1_251' title='bbox 1466 1753 1601 1810; x_wconf 87' lang='lat' dir='ltr'><strong>ecelesiae</strong></span> <span class='ocrx_word' id='word_1_252' title='bbox 1618 1754 1751 1824; x_wconf 89' lang='lat' dir='ltr'><strong>ministri,</strong></span> <span class='ocrx_word' id='word_1_253' title='bbox 1771 1754 1901 1810; x_wconf 84' lang='lat' dir='ltr'><strong>doctores</strong></span> 
     </span>
     <span class='ocr_line' id='line_1_19' title="bbox 213 1839 1900 1914; baseline -0.004 -14"><span class='ocrx_word' id='word_1_254' title='bbox 213 1845 253 1900; x_wconf 86' lang='lat' dir='ltr'><strong>tiu</strong></span> <span class='ocrx_word' id='word_1_255' title='bbox 271 1842 414 1914; x_wconf 83' lang='lat' dir='ltr'><strong>evangelio</strong></span> <span class='ocrx_word' id='word_1_256' title='bbox 431 1841 544 1912; x_wconf 90' lang='lat' dir='ltr'><strong>propria</strong></span> <span class='ocrx_word' id='word_1_257' title='bbox 560 1856 610 1910; x_wconf 90' lang='lat' dir='ltr'><strong>per</strong></span> <span class='ocrx_word' id='word_1_258' title='bbox 626 1839 788 1910; x_wconf 88' lang='lat' dir='ltr'><strong>conjugium</strong></span> <span class='ocrx_word' id='word_1_259' title='bbox 804 1847 937 1911; x_wconf 88' lang='lat' dir='ltr'><strong>tanquam</strong></span> <span class='ocrx_word' id='word_1_260' title='bbox 955 1854 1045 1893; x_wconf 85' lang='lat' dir='ltr'><strong>secra·</strong></span> <span class='ocrx_word' id='word_1_261' title='bbox 1069 1840 1098 1895; x_wconf 92' lang='lat' dir='ltr'><strong>in</strong></span> <span class='ocrx_word' id='word_1_262' title='bbox 1117 1840 1218 1896; x_wconf 77' lang='lat' dir='ltr'><strong>mhoiis</strong></span> <span class='ocrx_word' id='word_1_263' title='bbox 1236 1847 1289 1898; x_wconf 84' lang='lat' dir='ltr'><strong>etc.</strong></span> <span class='ocrx_word' id='word_1_264' title='bbox 1307 1842 1344 1895; x_wconf 86' lang='lat' dir='ltr'><strong>sd</strong></span> <span class='ocrx_word' id='word_1_265' title='bbox 1361 1840 1485 1896; x_wconf 89' lang='lat' dir='ltr'><strong>homines</strong></span> <span class='ocrx_word' id='word_1_266' title='bbox 1504 1839 1570 1896; x_wconf 86' lang='lat' dir='ltr'><strong>fidei</strong></span> <span class='ocrx_word' id='word_1_267' title='bbox 1594 1844 1722 1896; x_wconf 85' lang='lat' dir='ltr'><strong>stouras</strong></span> <span class='ocrx_word' id='word_1_268' title='bbox 1741 1857 1808 1896; x_wconf 85' lang='lat' dir='ltr'><strong>suae</strong></span> <span class='ocrx_word' id='word_1_269' title='bbox 1827 1856 1900 1895; x_wconf 88' lang='lat' dir='ltr'><strong>com·</strong></span> 
     </span>
     <span class='ocr_line' id='line_1_20' title="bbox 214 1925 1901 2000; baseline -0.001 -16"><span class='ocrx_word' id='word_1_270' title='bbox 214 1936 337 1985; x_wconf 88' lang='lat' dir='ltr'><strong>ruentum</strong></span> <span class='ocrx_word' id='word_1_271' title='bbox 354 1926 467 1999; x_wconf 89' lang='lat' dir='ltr'><strong>aliquod</strong></span> <span class='ocrx_word' id='word_1_272' title='bbox 485 1925 616 1980; x_wconf 83' lang='lat' dir='ltr'><strong>divinitus</strong></span> <span class='ocrx_word' id='word_1_273' title='bbox 627 1925 705 1980; x_wconf 82' lang='lat' dir='ltr'><strong>adid</strong></span> <span class='ocrx_word' id='word_1_274' title='bbox 716 1925 873 1981; x_wconf 87' lang='lat' dir='ltr'><strong>ordinatum</strong></span> <span class='ocrx_word' id='word_1_275' title='bbox 884 1931 912 1981; x_wconf 89' lang='lat' dir='ltr'><strong>et</strong></span> <span class='ocrx_word' id='word_1_276' title='bbox 924 1925 1045 1981; x_wconf 88' lang='lat' dir='ltr'><strong>medium</strong></span> <span class='ocrx_word' id='word_1_277' title='bbox 1070 1927 1167 1982; x_wconf 89' lang='lat' dir='ltr'><strong>missos</strong></span> <span class='ocrx_word' id='word_1_278' title='bbox 1196 1926 1225 1981; x_wconf 91' lang='lat' dir='ltr'><strong>in</strong></span> <span class='ocrx_word' id='word_1_279' title='bbox 1250 1943 1317 1982; x_wconf 87' lang='lat' dir='ltr'><strong>sera</strong></span> <span class='ocrx_word' id='word_1_280' title='bbox 1345 1926 1400 1982; x_wconf 84' lang='lat' dir='ltr'><strong>fide</strong></span> <span class='ocrx_word' id='word_1_281' title='bbox 1432 1934 1460 1982; x_wconf 88' lang='lat' dir='ltr'><strong>st</strong></span> <span class='ocrx_word' id='word_1_282' title='bbox 1484 1927 1617 2000; x_wconf 78' lang='lat' dir='ltr'><strong>religiorm</strong></span> <span class='ocrx_word' id='word_1_283' title='bbox 1640 1927 1828 1984; x_wconf 83' lang='lat' dir='ltr'><strong>instituendos</strong></span> <span class='ocrx_word' id='word_1_284' title='bbox 1850 1940 1901 1983; x_wconf 86' lang='lat' dir='ltr'><strong>suo</strong></span> 
     </span>
     <span class='ocr_line' id='line_1_21' title="bbox 217 2011 1901 2087; baseline 0.001 -18"><span class='ocrx_word' id='word_1_285' title='bbox 217 2031 251 2070; x_wconf 91' lang='lat' dir='ltr'><strong>eo</strong></span> <span class='ocrx_word' id='word_1_286' title='bbox 266 2014 323 2068; x_wconf 85' lang='lat' dir='ltr'><strong>line</strong></span> <span class='ocrx_word' id='word_1_287' title='bbox 344 2013 499 2068; x_wconf 88' lang='lat' dir='ltr'><strong>institutum</strong></span> <span class='ocrx_word' id='word_1_288' title='bbox 523 2011 651 2067; x_wconf 92' lang='lat' dir='ltr'><strong>omnibus</strong></span> <span class='ocrx_word' id='word_1_289' title='bbox 674 2011 768 2066; x_wconf 88' lang='lat' dir='ltr'><strong>aDco</strong></span> <span class='ocrx_word' id='word_1_290' title='bbox 790 2011 924 2067; x_wconf 85' lang='lat' dir='ltr'><strong>offeratur</strong></span> <span class='ocrx_word' id='word_1_291' title='bbox 940 2017 970 2067; x_wconf 92' lang='lat' dir='ltr'><strong>et</strong></span> <span class='ocrx_word' id='word_1_292' title='bbox 987 2028 1045 2067; x_wconf 91' lang='lat' dir='ltr'><strong>cre·</strong></span> <span class='ocrx_word' id='word_1_293' title='bbox 1071 2012 1189 2084; x_wconf 91' lang='lat' dir='ltr'><strong>quilibet</strong></span> <span class='ocrx_word' id='word_1_294' title='bbox 1207 2014 1285 2084; x_wconf 93' lang='lat' dir='ltr'><strong>loco,</strong></span> <span class='ocrx_word' id='word_1_295' title='bbox 1312 2014 1408 2069; x_wconf 91' lang='lat' dir='ltr'><strong>ordine</strong></span> <span class='ocrx_word' id='word_1_296' title='bbox 1426 2024 1455 2069; x_wconf 89' lang='lat' dir='ltr'><strong>et</strong></span> <span class='ocrx_word' id='word_1_297' title='bbox 1470 2015 1553 2072; x_wconf 91' lang='lat' dir='ltr'><strong>modo</strong></span> <span class='ocrx_word' id='word_1_298' title='bbox 1572 2014 1744 2086; x_wconf 87' lang='lat' dir='ltr'><strong>obligantur,</strong></span> <span class='ocrx_word' id='word_1_299' title='bbox 1771 2015 1810 2070; x_wconf 91' lang='lat' dir='ltr'><strong>ad</strong></span> <span class='ocrx_word' id='word_1_300' title='bbox 1826 2014 1901 2087; x_wconf 87' lang='lat' dir='ltr'><strong>quod</strong></span> 
     </span>
     <span class='ocr_line' id='line_1_22' title="bbox 215 2097 1901 2174; baseline 0.001 -19"><span class='ocrx_word' id='word_1_301' title='bbox 215 2100 345 2156; x_wconf 88' lang='lat' dir='ltr'><strong>dentibus</strong></span> <span class='ocrx_word' id='word_1_302' title='bbox 361 2099 391 2152; x_wconf 92' lang='lat' dir='ltr'><strong>in</strong></span> <span class='ocrx_word' id='word_1_303' title='bbox 409 2098 534 2170; x_wconf 85' lang='lat' dir='ltr'><strong>conjugii</strong></span> <span class='ocrx_word' id='word_1_304' title='bbox 550 2102 694 2152; x_wconf 86' lang='lat' dir='ltr'><strong>contractu</strong></span> <span class='ocrx_word' id='word_1_305' title='bbox 719 2104 747 2154; x_wconf 88' lang='lat' dir='ltr'><strong>et</strong></span> <span class='ocrx_word' id='word_1_306' title='bbox 768 2114 819 2168; x_wconf 88' lang='lat' dir='ltr'><strong>per</strong></span> <span class='ocrx_word' id='word_1_307' title='bbox 841 2097 920 2152; x_wconf 92' lang='lat' dir='ltr'><strong>iilum</strong></span> <span class='ocrx_word' id='word_1_308' title='bbox 937 2105 1045 2156; x_wconf 70' lang='lat' dir='ltr'><strong>mesre</strong></span> <span class='ocrx_word' id='word_1_309' title='bbox 1070 2100 1279 2171; x_wconf 88' lang='lat' dir='ltr'><strong>praestandum,</strong></span> <span class='ocrx_word' id='word_1_310' title='bbox 1303 2116 1367 2155; x_wconf 89' lang='lat' dir='ltr'><strong>eum</strong></span> <span class='ocrx_word' id='word_1_311' title='bbox 1391 2100 1547 2172; x_wconf 85' lang='lat' dir='ltr'><strong>requiratur</strong></span> <span class='ocrx_word' id='word_1_312' title='bbox 1571 2101 1601 2155; x_wconf 92' lang='lat' dir='ltr'><strong>in</strong></span> <span class='ocrx_word' id='word_1_313' title='bbox 1629 2100 1696 2172; x_wconf 91' lang='lat' dir='ltr'><strong>ipsis</strong></span> <span class='ocrx_word' id='word_1_314' title='bbox 1722 2101 1776 2157; x_wconf 90' lang='lat' dir='ltr'><strong>Dei</strong></span> <span class='ocrx_word' id='word_1_315' title='bbox 1802 2101 1901 2174; x_wconf 83' lang='lat' dir='ltr'><strong>gratis,</strong></span> 
     </span>
     <span class='ocr_line' id='line_1_23' title="bbox 214 2183 1901 2258; baseline 0.001 -17"><span class='ocrx_word' id='word_1_316' title='bbox 214 2193 290 2242; x_wconf 90' lang='lat' dir='ltr'><strong>ctum</strong></span> <span class='ocrx_word' id='word_1_317' title='bbox 307 2185 469 2256; x_wconf 76' lang='lat' dir='ltr'><strong>applicatum,</strong></span> <span class='ocrx_word' id='word_1_318' title='bbox 496 2184 571 2255; x_wconf 91' lang='lat' dir='ltr'><strong>quod</strong></span> <span class='ocrx_word' id='word_1_319' title='bbox 581 2183 648 2238; x_wconf 88' lang='lat' dir='ltr'><strong>totis</strong></span> <span class='ocrx_word' id='word_1_320' title='bbox 664 2183 768 2239; x_wconf 85' lang='lat' dir='ltr'><strong>viribus</strong></span> <span class='ocrx_word' id='word_1_321' title='bbox 785 2200 919 2255; x_wconf 88' lang='lat' dir='ltr'><strong>negamus</strong></span> <span class='ocrx_word' id='word_1_322' title='bbox 935 2201 970 2240; x_wconf 85' lang='lat' dir='ltr'><strong>sc</strong></span> <span class='ocrx_word' id='word_1_323' title='bbox 980 2183 1043 2240; x_wconf 91' lang='lat' dir='ltr'><strong>Bel·</strong></span> <span class='ocrx_word' id='word_1_324' title='bbox 1069 2202 1142 2242; x_wconf 85' lang='lat' dir='ltr'><strong>nora</strong></span> <span class='ocrx_word' id='word_1_325' title='bbox 1152 2185 1318 2242; x_wconf 90' lang='lat' dir='ltr'><strong>Bellarmino</strong></span> <span class='ocrx_word' id='word_1_326' title='bbox 1327 2187 1511 2258; x_wconf 87' lang='lat' dir='ltr'><strong>excogitanda</strong></span> <span class='ocrx_word' id='word_1_327' title='bbox 1521 2197 1603 2243; x_wconf 89' lang='lat' dir='ltr'><strong>arunt</strong></span> <span class='ocrx_word' id='word_1_328' title='bbox 1614 2194 1795 2244; x_wconf 66' lang='lat' dir='ltr'><strong>ments.</strong></span> <span class='ocrx_word' id='word_1_329' title='bbox 1820 2187 1901 2253; x_wconf 82' lang='lat' dir='ltr'><strong>Quod</strong></span> 
     </span>
     <span class='ocr_line' id='line_1_24' title="bbox 214 2269 1900 2346; baseline 0.003 -21"><span class='ocrx_word' id='word_1_330' title='bbox 214 2273 380 2340; x_wconf 85' lang='lat' dir='ltr'><strong>larmiuum,</strong></span> <span class='ocrx_word' id='word_1_331' title='bbox 407 2271 482 2343; x_wconf 92' lang='lat' dir='ltr'><strong>quod</strong></span> <span class='ocrx_word' id='word_1_332' title='bbox 507 2269 574 2325; x_wconf 88' lang='lat' dir='ltr'><strong>fidei</strong></span> <span class='ocrx_word' id='word_1_333' title='bbox 597 2276 628 2325; x_wconf 91' lang='lat' dir='ltr'><strong>et</strong></span> <span class='ocrx_word' id='word_1_334' title='bbox 651 2270 781 2341; x_wconf 88' lang='lat' dir='ltr'><strong>precibus</strong></span> <span class='ocrx_word' id='word_1_335' title='bbox 807 2270 836 2324; x_wconf 93' lang='lat' dir='ltr'><strong>in</strong></span> <span class='ocrx_word' id='word_1_336' title='bbox 854 2271 962 2342; x_wconf 87' lang='lat' dir='ltr'><strong>piorum</strong></span> <span class='ocrx_word' id='word_1_337' title='bbox 980 2287 1043 2326; x_wconf 89' lang='lat' dir='ltr'><strong>con·</strong></span> <span class='ocrx_word' id='word_1_338' title='bbox 1070 2273 1107 2328; x_wconf 88' lang='lat' dir='ltr'><strong>ad</strong></span> <span class='ocrx_word' id='word_1_339' title='bbox 1124 2273 1304 2344; x_wconf 86' lang='lat' dir='ltr'><strong>posteriorem</strong></span> <span class='ocrx_word' id='word_1_340' title='bbox 1320 2270 1405 2328; x_wconf 63' lang='lat' dir='ltr'><strong>mem</strong></span> <span class='ocrx_word' id='word_1_341' title='bbox 1422 2272 1537 2338; x_wconf 77' lang='lat' dir='ltr'><strong>attium,</strong></span> <span class='ocrx_word' id='word_1_342' title='bbox 1568 2290 1602 2329; x_wconf 85' lang='lat' dir='ltr'><strong>ex</strong></span> <span class='ocrx_word' id='word_1_343' title='bbox 1628 2273 1677 2329; x_wconf 90' lang='lat' dir='ltr'><strong>illo</strong></span> <span class='ocrx_word' id='word_1_344' title='bbox 1701 2274 1784 2346; x_wconf 80' lang='lat' dir='ltr'><strong>longe</strong></span> <span class='ocrx_word' id='word_1_345' title='bbox 1808 2273 1900 2330; x_wconf 88' lang='lat' dir='ltr'><strong>minus</strong></span> 
     </span>
     <span class='ocr_line' id='line_1_25' title="bbox 210 2356 1901 2430; baseline 0.002 -17"><span class='ocrx_word' id='word_1_346' title='bbox 210 2359 292 2430; x_wconf 90' lang='lat' dir='ltr'><strong>jugio</strong></span> <span class='ocrx_word' id='word_1_347' title='bbox 313 2357 493 2412; x_wconf 89' lang='lat' dir='ltr'><strong>tribuendum</strong></span> <span class='ocrx_word' id='word_1_348' title='bbox 517 2361 591 2421; x_wconf 87' lang='lat' dir='ltr'><strong>erat,</strong></span> <span class='ocrx_word' id='word_1_349' title='bbox 619 2357 750 2427; x_wconf 87' lang='lat' dir='ltr'><strong>conjugio</strong></span> <span class='ocrx_word' id='word_1_350' title='bbox 773 2356 803 2410; x_wconf 89' lang='lat' dir='ltr'><strong>in</strong></span> <span class='ocrx_word' id='word_1_351' title='bbox 827 2374 857 2414; x_wconf 90' lang='lat' dir='ltr'><strong>se</strong></span> <span class='ocrx_word' id='word_1_352' title='bbox 887 2373 921 2413; x_wconf 87' lang='lat' dir='ltr'><strong>ac</strong></span> <span class='ocrx_word' id='word_1_353' title='bbox 944 2373 994 2429; x_wconf 88' lang='lat' dir='ltr'><strong>per</strong></span> <span class='ocrx_word' id='word_1_354' title='bbox 1013 2373 1043 2412; x_wconf 89' lang='lat' dir='ltr'><strong>se</strong></span> <span class='ocrx_word' id='word_1_355' title='bbox 1070 2365 1270 2415; x_wconf 89' lang='lat' dir='ltr'><strong>sacramentum</strong></span> <span class='ocrx_word' id='word_1_356' title='bbox 1289 2357 1456 2413; x_wconf 82' lang='lat' dir='ltr'><strong>matrimonii</strong></span> <span class='ocrx_word' id='word_1_357' title='bbox 1471 2358 1589 2414; x_wconf 83' lang='lat' dir='ltr'><strong>stabiliri</strong></span> <span class='ocrx_word' id='word_1_358' title='bbox 1610 2359 1720 2429; x_wconf 83' lang='lat' dir='ltr'><strong>poterit</strong></span> <span class='ocrx_word' id='word_1_359' title='bbox 1754 2360 1901 2416; x_wconf 79' lang='lat' dir='ltr'><strong>Meditatio</strong></span> 
     </span>
     <span class='ocr_line' id='line_1_26' title="bbox 212 2442 1900 2522; baseline 0.002 -22"><span class='ocrx_word' id='word_1_360' title='bbox 212 2447 391 2516; x_wconf 84' lang='lat' dir='ltr'><strong>praepostera</strong></span> <span class='ocrx_word' id='word_1_361' title='bbox 408 2442 568 2498; x_wconf 80' lang='lat' dir='ltr'><strong>confusione</strong></span> <span class='ocrx_word' id='word_1_362' title='bbox 587 2442 708 2499; x_wconf 87' lang='lat' dir='ltr'><strong>tribuere</strong></span> <span class='ocrx_word' id='word_1_363' title='bbox 729 2442 853 2498; x_wconf 88' lang='lat' dir='ltr'><strong>dicimus.</strong></span> <span class='ocrx_word' id='word_1_364' title='bbox 1069 2444 1147 2500; x_wconf 82' lang='lat' dir='ltr'><strong>serbi</strong></span> <span class='ocrx_word' id='word_1_365' title='bbox 1163 2444 1257 2514; x_wconf 87' lang='lat' dir='ltr'><strong>divini,</strong></span> <span class='ocrx_word' id='word_1_366' title='bbox 1275 2444 1370 2509; x_wconf 87' lang='lat' dir='ltr'><strong>oratio,</strong></span> <span class='ocrx_word' id='word_1_367' title='bbox 1386 2445 1477 2499; x_wconf 89' lang='lat' dir='ltr'><strong>carnis</strong></span> <span class='ocrx_word' id='word_1_368' title='bbox 1494 2445 1640 2516; x_wconf 72' lang='lat' dir='ltr'><strong>cmdgstio</strong></span> <span class='ocrx_word' id='word_1_369' title='bbox 1660 2453 1712 2522; x_wconf 83' lang='lat' dir='ltr'><strong>eto.</strong></span> <span class='ocrx_word' id='word_1_370' title='bbox 1731 2454 1797 2503; x_wconf 90' lang='lat' dir='ltr'><strong>sunt</strong></span> <span class='ocrx_word' id='word_1_371' title='bbox 1814 2463 1900 2504; x_wconf 74' lang='lat' dir='ltr'><strong>mme-</strong></span> 
     </span>
     <span class='ocr_line' id='line_1_27' title="bbox 87 2528 1900 2602; baseline 0.003 -16"><span class='ocrx_word' id='word_1_372' title='bbox 87 2536 203 2579; x_wconf 73' lang='lat' dir='ltr'><strong>tums-</strong></span> <span class='ocrx_word' id='word_1_373' title='bbox 250 2536 291 2587; x_wconf 78' lang='lat'><strong>38.</strong></span> <span class='ocrx_word' id='word_1_374' title='bbox 328 2532 356 2586; x_wconf 86' lang='lat'><strong>2.</strong></span> <span class='ocrx_word' id='word_1_375' title='bbox 381 2530 409 2585; x_wconf 80' lang='lat' dir='ltr'><strong><em>A</em></strong></span> <span class='ocrx_word' id='word_1_376' title='bbox 428 2529 600 2583; x_wconf 81' lang='lat' dir='ltr'><strong>matrsmons&#39;i</strong></span> <span class='ocrx_word' id='word_1_377' title='bbox 617 2531 684 2594; x_wconf 71' lang='lat' dir='ltr'><strong>fine,</strong></span> <span class='ocrx_word' id='word_1_378' title='bbox 712 2529 761 2600; x_wconf 87' lang='lat' dir='ltr'><strong>qui</strong></span> <span class='ocrx_word' id='word_1_379' title='bbox 778 2528 881 2600; x_wconf 86' lang='lat' dir='ltr'><strong>duplex</strong></span> <span class='ocrx_word' id='word_1_380' title='bbox 899 2536 954 2599; x_wconf 91' lang='lat' dir='ltr'><strong>est,</strong></span> <span class='ocrx_word' id='word_1_381' title='bbox 981 2547 1042 2602; x_wconf 82' lang='lat' dir='ltr'><strong>pro</strong></span> <span class='ocrx_word' id='word_1_382' title='bbox 1070 2531 1118 2586; x_wconf 88' lang='lat' dir='ltr'><strong>dia</strong></span> <span class='ocrx_word' id='word_1_383' title='bbox 1135 2535 1231 2585; x_wconf 77' lang='lat' dir='ltr'><strong>contm</strong></span> <span class='ocrx_word' id='word_1_384' title='bbox 1249 2530 1464 2587; x_wconf 82' lang='lat' dir='ltr'><strong>fornicationem.</strong></span> <span class='ocrx_word' id='word_1_385' title='bbox 1499 2531 1541 2586; x_wconf 81' lang='lat' dir='ltr'><strong>At</strong></span> <span class='ocrx_word' id='word_1_386' title='bbox 1557 2549 1630 2602; x_wconf 61' lang='lat' dir='ltr'><strong>num,</strong></span> <span class='ocrx_word' id='word_1_387' title='bbox 1654 2532 1834 2590; x_wconf 86' lang='lat' dir='ltr'><strong>haecomnia</strong></span> <span class='ocrx_word' id='word_1_388' title='bbox 1849 2535 1900 2590; x_wconf 88' lang='lat' dir='ltr'><strong>bs·</strong></span> 
     </span>
     <span class='ocr_line' id='line_1_28' title="bbox 86 2589 1901 2690; baseline 0.003 -20"><span class='ocrx_word' id='word_1_389' title='bbox 86 2589 189 2680; x_wconf 50' lang='lat' dir='ltr'><strong>mm</strong></span> <span class='ocrx_word' id='word_1_390' title='bbox 214 2616 328 2688; x_wconf 84' lang='lat' dir='ltr'><strong>pagatio</strong></span> <span class='ocrx_word' id='word_1_391' title='bbox 346 2614 449 2670; x_wconf 89' lang='lat' dir='ltr'><strong>sobolis</strong></span> <span class='ocrx_word' id='word_1_392' title='bbox 468 2620 498 2670; x_wconf 92' lang='lat' dir='ltr'><strong>et</strong></span> <span class='ocrx_word' id='word_1_393' title='bbox 516 2614 669 2670; x_wconf 75' lang='lat' dir='ltr'><strong>mundium</strong></span> <span class='ocrx_word' id='word_1_394' title='bbox 691 2614 887 2671; x_wconf 78' lang='lat' dir='ltr'><strong>luminationis.</strong></span> <span class='ocrx_word' id='word_1_395' title='bbox 926 2617 1042 2686; x_wconf 80' lang='lat' dir='ltr'><strong>Uterque</strong></span> <span class='ocrx_word' id='word_1_396' title='bbox 1070 2617 1196 2672; x_wconf 88' lang='lat' dir='ltr'><strong>bebimus</strong></span> <span class='ocrx_word' id='word_1_397' title='bbox 1213 2634 1264 2687; x_wconf 87' lang='lat' dir='ltr'><strong>pro</strong></span> <span class='ocrx_word' id='word_1_398' title='bbox 1281 2617 1461 2672; x_wconf 77' lang='lat' dir='ltr'><strong>smramentis</strong></span> <span class='ocrx_word' id='word_1_399' title='bbox 1476 2619 1588 2690; x_wconf 86' lang='lat' dir='ltr'><strong>proprie</strong></span> <span class='ocrx_word' id='word_1_400' title='bbox 1606 2619 1647 2674; x_wconf 92' lang='lat' dir='ltr'><strong>sic</strong></span> <span class='ocrx_word' id='word_1_401' title='bbox 1670 2620 1775 2675; x_wconf 80' lang='lat' dir='ltr'><strong>dictis?</strong></span> <span class='ocrx_word' id='word_1_402' title='bbox 1803 2621 1901 2677; x_wconf 83' lang='lat' dir='ltr'><strong>Mons·</strong></span> 
     </span>
     <span class='ocr_line' id='line_1_29' title="bbox 209 2700 1901 2777; baseline 0.004 -21"><span class='ocrx_word' id='word_1_403' title='bbox 209 2704 280 2774; x_wconf 74' lang='lat' dir='ltr'><strong>finis</strong></span> <span class='ocrx_word' id='word_1_404' title='bbox 303 2703 424 2772; x_wconf 82' lang='lat' dir='ltr'><strong>requirit</strong></span> <span class='ocrx_word' id='word_1_405' title='bbox 456 2700 487 2755; x_wconf 82' lang='lat' dir='ltr'><strong>in</strong></span> <span class='ocrx_word' id='word_1_406' title='bbox 514 2701 690 2756; x_wconf 72' lang='lat' dir='ltr'><strong>matrimonio</strong></span> <span class='ocrx_word' id='word_1_407' title='bbox 715 2703 839 2771; x_wconf 73' lang='lat' dir='ltr'><strong>qratiam</strong></span> <span class='ocrx_word' id='word_1_408' title='bbox 861 2703 924 2758; x_wconf 77' lang='lat' dir='ltr'><strong>Det</strong></span> <span class='ocrx_word' id='word_1_409' title='bbox 962 2701 1045 2766; x_wconf 83' lang='lat' dir='ltr'><strong>Quod</strong></span> <span class='ocrx_word' id='word_1_410' title='bbox 1069 2703 1129 2758; x_wconf 85' lang='lat' dir='ltr'><strong>chia</strong></span> <span class='ocrx_word' id='word_1_411' title='bbox 1157 2703 1194 2758; x_wconf 88' lang='lat' dir='ltr'><strong>ad</strong></span> <span class='ocrx_word' id='word_1_412' title='bbox 1221 2703 1418 2758; x_wconf 87' lang='lat' dir='ltr'><strong>continentiam</strong></span> <span class='ocrx_word' id='word_1_413' title='bbox 1446 2705 1537 2776; x_wconf 83' lang='lat' dir='ltr'><strong>gratia</strong></span> <span class='ocrx_word' id='word_1_414' title='bbox 1563 2705 1618 2762; x_wconf 86' lang='lat' dir='ltr'><strong>Dei</strong></span> <span class='ocrx_word' id='word_1_415' title='bbox 1646 2706 1707 2777; x_wconf 86' lang='lat' dir='ltr'><strong>ipso</strong></span> <span class='ocrx_word' id='word_1_416' title='bbox 1730 2707 1901 2763; x_wconf 85' lang='lat' dir='ltr'><strong>Bellarmiuo</strong></span> 
     </span>
     <span class='ocr_line' id='line_1_30' title="bbox 215 2788 1899 2863; baseline 0.004 -20"><span class='ocrx_word' id='word_1_417' title='bbox 215 2790 287 2844; x_wconf 88' lang='lat' dir='ltr'><strong>enim</strong></span> <span class='ocrx_word' id='word_1_418' title='bbox 301 2791 427 2859; x_wconf 84' lang='lat' dir='ltr'><strong>priorem</strong></span> <span class='ocrx_word' id='word_1_419' title='bbox 442 2789 525 2853; x_wconf 71' lang='lat' dir='ltr'><strong>tinem</strong></span> <span class='ocrx_word' id='word_1_420' title='bbox 543 2789 655 2857; x_wconf 86' lang='lat' dir='ltr'><strong>attinet,</strong></span> <span class='ocrx_word' id='word_1_421' title='bbox 680 2788 824 2842; x_wconf 86' lang='lat' dir='ltr'><strong>sciendum</strong></span> <span class='ocrx_word' id='word_1_422' title='bbox 841 2798 889 2857; x_wconf 88' lang='lat' dir='ltr'><strong>est,</strong></span> <span class='ocrx_word' id='word_1_423' title='bbox 909 2806 965 2843; x_wconf 84' lang='lat' dir='ltr'><strong>non</strong></span> <span class='ocrx_word' id='word_1_424' title='bbox 976 2807 1043 2860; x_wconf 85' lang='lat' dir='ltr'><strong>per-</strong></span> <span class='ocrx_word' id='word_1_425' title='bbox 1069 2795 1140 2845; x_wconf 89' lang='lat' dir='ltr'><strong>testa</strong></span> <span class='ocrx_word' id='word_1_426' title='bbox 1156 2797 1198 2844; x_wconf 87' lang='lat' dir='ltr'><strong>est</strong></span> <span class='ocrx_word' id='word_1_427' title='bbox 1216 2789 1385 2858; x_wconf 67' lang='lat' dir='ltr'><strong>nicoenum,</strong></span> <span class='ocrx_word' id='word_1_428' title='bbox 1411 2807 1478 2844; x_wconf 89' lang='lat' dir='ltr'><strong>num</strong></span> <span class='ocrx_word' id='word_1_429' title='bbox 1501 2807 1566 2846; x_wconf 87' lang='lat' dir='ltr'><strong>sero</strong></span> <span class='ocrx_word' id='word_1_430' title='bbox 1590 2799 1738 2863; x_wconf 84' lang='lat' dir='ltr'><strong>propterea</strong></span> <span class='ocrx_word' id='word_1_431' title='bbox 1754 2810 1788 2848; x_wconf 83' lang='lat' dir='ltr'><strong>ex</strong></span> <span class='ocrx_word' id='word_1_432' title='bbox 1805 2810 1899 2851; x_wconf 88' lang='lat' dir='ltr'><strong>mona·</strong></span> 
     </span>
     <span class='ocr_line' id='line_1_31' title="bbox 213 2874 1900 2948; baseline 0.002 -18"><span class='ocrx_word' id='word_1_433' title='bbox 213 2877 301 2930; x_wconf 64' lang='lat' dir='ltr'><strong>mnne</strong></span> <span class='ocrx_word' id='word_1_434' title='bbox 320 2877 362 2929; x_wconf 83' lang='lat' dir='ltr'><strong>ad</strong></span> <span class='ocrx_word' id='word_1_435' title='bbox 378 2874 586 2931; x_wconf 73' lang='lat' dir='ltr'><strong>matrimonium</strong></span> <span class='ocrx_word' id='word_1_436' title='bbox 603 2875 694 2930; x_wconf 87' lang='lat' dir='ltr'><strong>solum</strong></span> <span class='ocrx_word' id='word_1_437' title='bbox 699 2890 854 2943; x_wconf 86' lang='lat' dir='ltr'><strong>procreare</strong></span> <span class='ocrx_word' id='word_1_438' title='bbox 864 2875 975 2944; x_wconf 65' lang='lat' dir='ltr'><strong>ulmos,</strong></span> <span class='ocrx_word' id='word_1_439' title='bbox 992 2879 1044 2931; x_wconf 83' lang='lat' dir='ltr'><strong>sed</strong></span> <span class='ocrx_word' id='word_1_440' title='bbox 1069 2876 1139 2930; x_wconf 85' lang='lat' dir='ltr'><strong>atico</strong></span> <span class='ocrx_word' id='word_1_441' title='bbox 1156 2880 1232 2931; x_wconf 90' lang='lat' dir='ltr'><strong>statu</strong></span> <span class='ocrx_word' id='word_1_442' title='bbox 1250 2874 1445 2931; x_wconf 83' lang='lat' dir='ltr'><strong>fabricandum</strong></span> <span class='ocrx_word' id='word_1_443' title='bbox 1462 2875 1574 2948; x_wconf 86' lang='lat' dir='ltr'><strong>aliquod</strong></span> <span class='ocrx_word' id='word_1_444' title='bbox 1590 2879 1813 2933; x_wconf 70' lang='lat' dir='ltr'><strong>sacramentum?</strong></span> <span class='ocrx_word' id='word_1_445' title='bbox 1841 2879 1900 2938; x_wconf 73' lang='lat' dir='ltr'><strong>Me</strong></span> 
     </span>
     <span class='ocr_line' id='line_1_32' title="bbox 213 2961 1900 3038; baseline 0.004 -22"><span class='ocrx_word' id='word_1_446' title='bbox 213 2964 297 3017; x_wconf 85' lang='lat' dir='ltr'><strong>etiam</strong></span> <span class='ocrx_word' id='word_1_447' title='bbox 320 2963 442 3016; x_wconf 82' lang='lat' dir='ltr'><strong>educare</strong></span> <span class='ocrx_word' id='word_1_448' title='bbox 468 2970 494 3015; x_wconf 87' lang='lat' dir='ltr'><strong>et</strong></span> <span class='ocrx_word' id='word_1_449' title='bbox 520 2961 681 3029; x_wconf 85' lang='lat' dir='ltr'><strong>instituere,</strong></span> <span class='ocrx_word' id='word_1_450' title='bbox 713 2963 781 3030; x_wconf 81' lang='lat' dir='ltr'><strong>quin</strong></span> <span class='ocrx_word' id='word_1_451' title='bbox 798 2969 825 3014; x_wconf 86' lang='lat' dir='ltr'><strong>et</strong></span> <span class='ocrx_word' id='word_1_452' title='bbox 846 2963 888 3015; x_wconf 87' lang='lat' dir='ltr'><strong>ad</strong></span> <span class='ocrx_word' id='word_1_453' title='bbox 905 2963 1038 3033; x_wconf 74' lang='lat' dir='ltr'><strong>conjuges</strong></span> <span class='ocrx_word' id='word_1_454' title='bbox 1069 2962 1900 3038; x_wconf 79' lang='lat' dir='ltr'><strong>dicamentanaturalissinebenedictioneDeinibilprosunt,</strong></span> 
     </span>
     <span class='ocr_line' id='line_1_33' title="bbox 214 3047 1900 3120; baseline 0.005 -18"><span class='ocrx_word' id='word_1_455' title='bbox 214 3048 390 3103; x_wconf 74' lang='lat' dir='ltr'><strong>Christianos</strong></span> <span class='ocrx_word' id='word_1_456' title='bbox 403 3048 527 3117; x_wconf 79' lang='lat' dir='ltr'><strong>pertinet</strong></span> <span class='ocrx_word' id='word_1_457' title='bbox 553 3047 628 3111; x_wconf 77' lang='lat' dir='ltr'><strong>filios</strong></span> <span class='ocrx_word' id='word_1_458' title='bbox 645 3048 790 3102; x_wconf 77' lang='lat' dir='ltr'><strong>instituere</strong></span> <span class='ocrx_word' id='word_1_459' title='bbox 815 3049 844 3101; x_wconf 84' lang='lat' dir='ltr'><strong>in</strong></span> <span class='ocrx_word' id='word_1_460' title='bbox 864 3049 927 3115; x_wconf 83' lang='lat' dir='ltr'><strong>fide</strong></span> <span class='ocrx_word' id='word_1_461' title='bbox 947 3057 973 3102; x_wconf 92' lang='lat' dir='ltr'><strong>et</strong></span> <span class='ocrx_word' id='word_1_462' title='bbox 998 3067 1041 3104; x_wconf 88' lang='lat' dir='ltr'><strong>re·</strong></span> <span class='ocrx_word' id='word_1_463' title='bbox 1068 3065 1158 3119; x_wconf 90' lang='lat' dir='ltr'><strong>neque</strong></span> <span class='ocrx_word' id='word_1_464' title='bbox 1180 3056 1274 3103; x_wconf 88' lang='lat' dir='ltr'><strong>tamen</strong></span> <span class='ocrx_word' id='word_1_465' title='bbox 1296 3052 1444 3120; x_wconf 86' lang='lat' dir='ltr'><strong>propterea</strong></span> <span class='ocrx_word' id='word_1_466' title='bbox 1467 3050 1587 3106; x_wconf 86' lang='lat' dir='ltr'><strong>dicenda</strong></span> <span class='ocrx_word' id='word_1_467' title='bbox 1608 3056 1691 3106; x_wconf 87' lang='lat' dir='ltr'><strong>erunt</strong></span> <span class='ocrx_word' id='word_1_468' title='bbox 1716 3060 1900 3111; x_wconf 65' lang='lat' dir='ltr'><strong>utrumme</strong></span> 
     </span>
     <span class='ocr_line' id='line_1_34' title="bbox 212 3134 1470 3205; baseline 0.003 -17"><span class='ocrx_word' id='word_1_469' title='bbox 212 3136 324 3204; x_wconf 71' lang='lat' dir='ltr'><strong>ligione,</strong></span> <span class='ocrx_word' id='word_1_470' title='bbox 344 3136 386 3190; x_wconf 83' lang='lat' dir='ltr'><strong>ad</strong></span> <span class='ocrx_word' id='word_1_471' title='bbox 404 3136 481 3205; x_wconf 82' lang='lat' dir='ltr'><strong>quod</strong></span> <span class='ocrx_word' id='word_1_472' title='bbox 503 3135 658 3203; x_wconf 80' lang='lat' dir='ltr'><strong>requiritur</strong></span> <span class='ocrx_word' id='word_1_473' title='bbox 677 3135 737 3189; x_wconf 90' lang='lat' dir='ltr'><strong>Dei</strong></span> <span class='ocrx_word' id='word_1_474' title='bbox 755 3135 859 3203; x_wconf 77' lang='lat' dir='ltr'><strong>pratia.</strong></span> <span class='ocrx_word' id='word_1_475' title='bbox 901 3134 985 3197; x_wconf 83' lang='lat' dir='ltr'><strong>Quod</strong></span> <span class='ocrx_word' id='word_1_476' title='bbox 1001 3145 1041 3190; x_wconf 74' lang='lat' dir='ltr'><strong>al</strong></span> <span class='ocrx_word' id='word_1_477' title='bbox 1067 3135 1101 3189; x_wconf 91' lang='lat' dir='ltr'><strong>In</strong></span> <span class='ocrx_word' id='word_1_478' title='bbox 1116 3135 1243 3191; x_wconf 91' lang='lat' dir='ltr'><strong>omnibus</strong></span> <span class='ocrx_word' id='word_1_479' title='bbox 1259 3136 1334 3192; x_wconf 83' lang='lat' dir='ltr'><strong>sitae</strong></span> <span class='ocrx_word' id='word_1_480' title='bbox 1350 3137 1470 3192; x_wconf 88' lang='lat' dir='ltr'><strong>statibus</strong></span> 
     </span>
     <span class='ocr_line' id='line_1_35' title="bbox 210 3221 1828 3331; baseline -0.001 -55"><span class='ocrx_word' id='word_1_481' title='bbox 210 3224 279 3276; x_wconf 84' lang='lat' dir='ltr'><strong>tinet</strong></span> <span class='ocrx_word' id='word_1_482' title='bbox 297 3224 379 3290; x_wconf 70' lang='lat' dir='ltr'><strong>fierem</strong></span> <span class='ocrx_word' id='word_1_483' title='bbox 392 3221 588 3291; x_wconf 82' lang='lat' dir='ltr'><strong>posteriorem,</strong></span> <span class='ocrx_word' id='word_1_484' title='bbox 607 3221 704 3273; x_wconf 75' lang='lat' dir='ltr'><strong>dictent</strong></span> <span class='ocrx_word' id='word_1_485' title='bbox 720 3221 850 3289; x_wconf 73' lang='lat' dir='ltr'><strong>theologi,</strong></span> <span class='ocrx_word' id='word_1_486' title='bbox 870 3223 959 3276; x_wconf 89' lang='lat' dir='ltr'><strong>solum</strong></span> <span class='ocrx_word' id='word_1_487' title='bbox 978 3241 1041 3278; x_wconf 88' lang='lat' dir='ltr'><strong>con·</strong></span> <span class='ocrx_word' id='word_1_488' title='bbox 1138 3257 1254 3311; x_wconf 47' lang='lat' dir='ltr'><em>Numae</em></span> <span class='ocrx_word' id='word_1_489' title='bbox 1272 3263 1312 3310; x_wconf 60' lang='lat' dir='ltr'><strong><em>m</em></strong></span> <span class='ocrx_word' id='word_1_490' title='bbox 1324 3257 1402 3325; x_wconf 47' lang='lat' dir='ltr'><strong><em>soh-3</em></strong></span> <span class='ocrx_word' id='word_1_491' title='bbox 1419 3266 1535 3311; x_wconf 56' lang='lat' dir='ltr'><strong>comm</strong></span> <span class='ocrx_word' id='word_1_492' title='bbox 1555 3265 1581 3311; x_wconf 55' lang='lat' dir='ltr'><em>d</em></span> <span class='ocrx_word' id='word_1_493' title='bbox 1598 3258 1678 3312; x_wconf 42' lang='lat' dir='ltr'><strong><em>wal-3</em></strong></span> <span class='ocrx_word' id='word_1_494' title='bbox 1696 3276 1828 3331; x_wconf 63' lang='lat' dir='ltr'><strong>mamm,</strong></span> 
     </span>
     <span class='ocr_line' id='line_1_36' title="bbox 206 3306 1040 3377; baseline 0.001 -15"><span class='ocrx_word' id='word_1_495' title='bbox 206 3309 319 3377; x_wconf 67' lang='lat' dir='ltr'><strong>junium</strong></span> <span class='ocrx_word' id='word_1_496' title='bbox 346 3309 407 3362; x_wconf 88' lang='lat' dir='ltr'><strong>sine</strong></span> <span class='ocrx_word' id='word_1_497' title='bbox 429 3307 526 3375; x_wconf 74' lang='lat' dir='ltr'><strong>qratia</strong></span> <span class='ocrx_word' id='word_1_498' title='bbox 547 3306 608 3360; x_wconf 87' lang='lat' dir='ltr'><strong>Dei</strong></span> <span class='ocrx_word' id='word_1_499' title='bbox 630 3324 687 3359; x_wconf 87' lang='lat' dir='ltr'><strong>non</strong></span> <span class='ocrx_word' id='word_1_500' title='bbox 710 3323 768 3360; x_wconf 84' lang='lat' dir='ltr'><strong>sese</strong></span> <span class='ocrx_word' id='word_1_501' title='bbox 792 3308 939 3374; x_wconf 78' lang='lat' dir='ltr'><strong>sufficiens</strong></span> <span class='ocrx_word' id='word_1_502' title='bbox 954 3326 1040 3363; x_wconf 85' lang='lat' dir='ltr'><strong>reme·</strong></span> 
     </span>
     <span class='ocr_line' id='line_1_37' title="bbox 212 3393 1165 3464; baseline 0 -15"><span class='ocrx_word' id='word_1_503' title='bbox 212 3396 290 3449; x_wconf 84' lang='lat' dir='ltr'><strong>dium</strong></span> <span class='ocrx_word' id='word_1_504' title='bbox 309 3401 409 3448; x_wconf 86' lang='lat' dir='ltr'><strong>contra</strong></span> <span class='ocrx_word' id='word_1_505' title='bbox 419 3393 657 3459; x_wconf 78' lang='lat' dir='ltr'><strong>fornicationem,</strong></span> <span class='ocrx_word' id='word_1_506' title='bbox 685 3399 742 3445; x_wconf 85' lang='lat' dir='ltr'><strong>tum</strong></span> <span class='ocrx_word' id='word_1_507' title='bbox 762 3393 830 3460; x_wconf 78' lang='lat' dir='ltr'><strong>qrsia</strong></span> <span class='ocrx_word' id='word_1_508' title='bbox 849 3396 1041 3464; x_wconf 78' lang='lat' dir='ltr'><strong>concupiscen-</strong></span> <span class='ocrx_word' id='word_1_509' title='bbox 1159 3448 1165 3459; x_wconf 83' lang='grc'>,</span> 
     </span>
     <span class='ocr_line' id='line_1_38' title="bbox 212 3478 1900 3549; baseline 0.003 -14"><span class='ocrx_word' id='word_1_510' title='bbox 212 3483 254 3536; x_wconf 87' lang='lat' dir='ltr'><strong>tia</strong></span> <span class='ocrx_word' id='word_1_511' title='bbox 276 3497 309 3534; x_wconf 83' lang='lat' dir='ltr'><strong>ea</strong></span> <span class='ocrx_word' id='word_1_512' title='bbox 333 3488 399 3534; x_wconf 84' lang='lat' dir='ltr'><strong>actu</strong></span> <span class='ocrx_word' id='word_1_513' title='bbox 419 3479 566 3548; x_wconf 72' lang='lat' dir='ltr'><strong>conjugali</strong></span> <span class='ocrx_word' id='word_1_514' title='bbox 588 3478 752 3532; x_wconf 75' lang='lat' dir='ltr'><strong>accendetur</strong></span> <span class='ocrx_word' id='word_1_515' title='bbox 774 3481 871 3547; x_wconf 81' lang='lat' dir='ltr'><strong>potius</strong></span> <span class='ocrx_word' id='word_1_516' title='bbox 894 3497 979 3549; x_wconf 82' lang='lat' dir='ltr'><strong>quam</strong></span> <span class='ocrx_word' id='word_1_517' title='bbox 996 3499 1041 3534; x_wconf 79' lang='lat' dir='ltr'><strong>ee·</strong></span> <span class='ocrx_word' id='word_1_518' title='bbox 1068 3494 1120 3533; x_wconf 88' lang='lat' dir='ltr'><strong>nec</strong></span> <span class='ocrx_word' id='word_1_519' title='bbox 1138 3484 1231 3538; x_wconf 84' lang='lat' dir='ltr'><strong>tamen</strong></span> <span class='ocrx_word' id='word_1_520' title='bbox 1251 3479 1288 3535; x_wconf 93' lang='lat' dir='ltr'><strong>ob</strong></span> <span class='ocrx_word' id='word_1_521' title='bbox 1305 3478 1335 3534; x_wconf 89' lang='lat' dir='ltr'><strong>id</strong></span> <span class='ocrx_word' id='word_1_522' title='bbox 1352 3480 1532 3535; x_wconf 85' lang='lat' dir='ltr'><strong>sacramentis</strong></span> <span class='ocrx_word' id='word_1_523' title='bbox 1548 3480 1589 3535; x_wconf 91' lang='lat' dir='ltr'><strong>ilii</strong></span> <span class='ocrx_word' id='word_1_524' title='bbox 1607 3486 1696 3536; x_wconf 88' lang='lat' dir='ltr'><strong>status</strong></span> <span class='ocrx_word' id='word_1_525' title='bbox 1716 3489 1783 3538; x_wconf 90' lang='lat' dir='ltr'><strong>sunt</strong></span> <span class='ocrx_word' id='word_1_526' title='bbox 1800 3500 1900 3540; x_wconf 86' lang='lat' dir='ltr'><strong>accan·</strong></span> 
     </span>
     <span class='ocr_line' id='line_1_39' title="bbox 212 3563 1899 3639; baseline 0.004 -19"><span class='ocrx_word' id='word_1_527' title='bbox 212 3567 378 3637; x_wconf 74' lang='lat' dir='ltr'><strong>srtnpnimr;</strong></span> <span class='ocrx_word' id='word_1_528' title='bbox 395 3574 454 3619; x_wconf 79' lang='lat' dir='ltr'><strong>mm</strong></span> <span class='ocrx_word' id='word_1_529' title='bbox 472 3565 540 3634; x_wconf 79' lang='lat' dir='ltr'><strong>quia</strong></span> <span class='ocrx_word' id='word_1_530' title='bbox 557 3564 721 3634; x_wconf 82' lang='lat' dir='ltr'><strong>saepissime</strong></span> <span class='ocrx_word' id='word_1_531' title='bbox 739 3565 852 3633; x_wconf 72' lang='lat' dir='ltr'><strong>actidd,</strong></span> <span class='ocrx_word' id='word_1_532' title='bbox 868 3574 900 3619; x_wconf 89' lang='lat' dir='ltr'><strong>ut</strong></span> <span class='ocrx_word' id='word_1_533' title='bbox 916 3566 951 3619; x_wconf 83' lang='lat' dir='ltr'><strong>ob</strong></span> <span class='ocrx_word' id='word_1_534' title='bbox 969 3585 1041 3621; x_wconf 87' lang='lat' dir='ltr'><strong>mor·</strong></span> <span class='ocrx_word' id='word_1_535' title='bbox 1069 3563 1156 3619; x_wconf 89' lang='lat' dir='ltr'><strong>sendi.</strong></span> <span class='ocrx_word' id='word_1_536' title='bbox 1195 3563 1299 3630; x_wconf 87' lang='lat' dir='ltr'><strong>Quodsi</strong></span> <span class='ocrx_word' id='word_1_537' title='bbox 1316 3565 1422 3637; x_wconf 89' lang='lat' dir='ltr'><strong>absque</strong></span> <span class='ocrx_word' id='word_1_538' title='bbox 1443 3566 1534 3638; x_wconf 55' lang='lat' dir='ltr'><strong>matie</strong></span> <span class='ocrx_word' id='word_1_539' title='bbox 1561 3568 1681 3639; x_wconf 86' lang='lat' dir='ltr'><strong>quadam</strong></span> <span class='ocrx_word' id='word_1_540' title='bbox 1705 3567 1899 3626; x_wconf 82' lang='lat' dir='ltr'><strong>sacramentali</strong></span> 
     </span>
     <span class='ocr_line' id='line_1_40' title="bbox 213 3651 1898 3723; baseline 0.002 -15"><span class='ocrx_word' id='word_1_541' title='bbox 213 3655 276 3707; x_wconf 80' lang='lat' dir='ltr'><strong>lum</strong></span> <span class='ocrx_word' id='word_1_542' title='bbox 301 3653 346 3708; x_wconf 83' lang='lat' dir='ltr'><strong>rel</strong></span> <span class='ocrx_word' id='word_1_543' title='bbox 370 3652 524 3707; x_wconf 80' lang='lat' dir='ltr'><strong>absentiam</strong></span> <span class='ocrx_word' id='word_1_544' title='bbox 549 3651 683 3721; x_wconf 75' lang='lat' dir='ltr'><strong>conjuges</strong></span> <span class='ocrx_word' id='word_1_545' title='bbox 706 3657 843 3721; x_wconf 80' lang='lat' dir='ltr'><strong>copantur</strong></span> <span class='ocrx_word' id='word_1_546' title='bbox 864 3653 906 3706; x_wconf 86' lang='lat' dir='ltr'><strong>ad</strong></span> <span class='ocrx_word' id='word_1_547' title='bbox 928 3653 1040 3723; x_wconf 80' lang='lat' dir='ltr'><strong>lonpum</strong></span> <span class='ocrx_word' id='word_1_548' title='bbox 1068 3651 1229 3722; x_wconf 85' lang='lat' dir='ltr'><strong>conjuginm</strong></span> <span class='ocrx_word' id='word_1_549' title='bbox 1241 3669 1297 3708; x_wconf 94' lang='lat' dir='ltr'><strong>non</strong></span> <span class='ocrx_word' id='word_1_550' title='bbox 1310 3659 1354 3708; x_wconf 88' lang='lat' dir='ltr'><strong>est</strong></span> <span class='ocrx_word' id='word_1_551' title='bbox 1369 3651 1509 3708; x_wconf 67' lang='lat' dir='ltr'><strong>sustinens</strong></span> <span class='ocrx_word' id='word_1_552' title='bbox 1527 3653 1679 3709; x_wconf 89' lang='lat' dir='ltr'><strong>remedium</strong></span> <span class='ocrx_word' id='word_1_553' title='bbox 1696 3661 1795 3710; x_wconf 75' lang='lat' dir='ltr'><strong>oontm</strong></span> <span class='ocrx_word' id='word_1_554' title='bbox 1814 3656 1898 3712; x_wconf 82' lang='lat' dir='ltr'><strong>forni-</strong></span> 
     </span>
     <span class='ocr_line' id='line_1_41' title="bbox 211 3737 1899 3814; baseline 0 -20"><span class='ocrx_word' id='word_1_555' title='bbox 211 3749 320 3810; x_wconf 87' lang='lat' dir='ltr'><strong>tempus</strong></span> <span class='ocrx_word' id='word_1_556' title='bbox 348 3757 378 3793; x_wconf 89' lang='lat' dir='ltr'><strong>se</strong></span> <span class='ocrx_word' id='word_1_557' title='bbox 403 3739 550 3794; x_wconf 78' lang='lat' dir='ltr'><strong>emtinere.</strong></span> <span class='ocrx_word' id='word_1_558' title='bbox 585 3737 793 3807; x_wconf 85' lang='lat' dir='ltr'><strong>Respondemus</strong></span> <span class='ocrx_word' id='word_1_559' title='bbox 829 3743 848 3793; x_wconf 90' lang='lat' dir='ltr'><strong>l.</strong></span> <span class='ocrx_word' id='word_1_560' title='bbox 872 3737 902 3792; x_wconf 94' lang='lat' dir='ltr'><strong>in</strong></span> <span class='ocrx_word' id='word_1_561' title='bbox 930 3756 1039 3810; x_wconf 89' lang='lat' dir='ltr'><strong>genere.</strong></span> <span class='ocrx_word' id='word_1_562' title='bbox 1068 3739 1220 3803; x_wconf 84' lang='lat' dir='ltr'><strong>sationem,</strong></span> <span class='ocrx_word' id='word_1_563' title='bbox 1247 3739 1344 3812; x_wconf 89' lang='lat' dir='ltr'><strong>utique</strong></span> <span class='ocrx_word' id='word_1_564' title='bbox 1371 3739 1455 3794; x_wconf 88' lang='lat' dir='ltr'><strong>etiam</strong></span> <span class='ocrx_word' id='word_1_565' title='bbox 1482 3741 1511 3794; x_wconf 93' lang='lat' dir='ltr'><strong>in</strong></span> <span class='ocrx_word' id='word_1_566' title='bbox 1535 3739 1899 3814; x_wconf 60' lang='lat' dir='ltr'><strong>conspersumque</strong></span> 
     </span>
     <span class='ocr_line' id='line_1_42' title="bbox 214 3823 1898 3898; baseline 0.001 -16"><span class='ocrx_word' id='word_1_567' title='bbox 214 3833 238 3882; x_wconf 91' lang='grc'><strong>1.</strong></span> <span class='ocrx_word' id='word_1_568' title='bbox 257 3825 419 3896; x_wconf 84' lang='lat' dir='ltr'><strong>Repetimus</strong></span> <span class='ocrx_word' id='word_1_569' title='bbox 437 3823 536 3890; x_wconf 91' lang='lat' dir='ltr'><strong>denuo,</strong></span> <span class='ocrx_word' id='word_1_570' title='bbox 551 3840 608 3878; x_wconf 92' lang='lat' dir='ltr'><strong>non</strong></span> <span class='ocrx_word' id='word_1_571' title='bbox 624 3823 749 3894; x_wconf 74' lang='lat' dir='ltr'><strong>quamvis</strong></span> <span class='ocrx_word' id='word_1_572' title='bbox 766 3823 821 3879; x_wconf 89' lang='lat' dir='ltr'><strong>Dei</strong></span> <span class='ocrx_word' id='word_1_573' title='bbox 838 3824 971 3895; x_wconf 87' lang='lat' dir='ltr'><strong>gratiam,</strong></span> <span class='ocrx_word' id='word_1_574' title='bbox 991 3827 1041 3883; x_wconf 90' lang='lat' dir='ltr'><strong>sed</strong></span> <span class='ocrx_word' id='word_1_575' title='bbox 1067 3824 1151 3880; x_wconf 60' lang='lat' dir='ltr'><strong>mam</strong></span> <span class='ocrx_word' id='word_1_576' title='bbox 1169 3825 1197 3879; x_wconf 91' lang='lat' dir='ltr'><strong>in</strong></span> <span class='ocrx_word' id='word_1_577' title='bbox 1215 3825 1381 3896; x_wconf 82' lang='lat' dir='ltr'><strong>conjugibus</strong></span> <span class='ocrx_word' id='word_1_578' title='bbox 1396 3825 1562 3898; x_wconf 83' lang='lat' dir='ltr'><strong>quibusdam</strong></span> <span class='ocrx_word' id='word_1_579' title='bbox 1579 3825 1730 3897; x_wconf 89' lang='lat' dir='ltr'><strong>gentilibus</strong></span> <span class='ocrx_word' id='word_1_580' title='bbox 1742 3843 1898 3884; x_wconf 69' lang='lat' dir='ltr'><strong>nomnen</strong></span> 
     </span>
     <span class='ocr_line' id='line_1_43' title="bbox 214 3908 1894 3985; baseline -0.001 -17"><span class='ocrx_word' id='word_1_581' title='bbox 214 3911 454 3975; x_wconf 80' lang='lat' dir='ltr'><strong>sacramentalem,</strong></span> <span class='ocrx_word' id='word_1_582' title='bbox 485 3908 515 3963; x_wconf 88' lang='lat' dir='ltr'><strong>id</strong></span> <span class='ocrx_word' id='word_1_583' title='bbox 534 3918 577 3965; x_wconf 90' lang='lat' dir='ltr'><strong>est</strong></span> <span class='ocrx_word' id='word_1_584' title='bbox 591 3908 710 3980; x_wconf 81' lang='lat' dir='ltr'><strong>gmtiam</strong></span> <span class='ocrx_word' id='word_1_585' title='bbox 734 3910 871 3982; x_wconf 83' lang='lat' dir='ltr'><strong>evangelii</strong></span> <span class='ocrx_word' id='word_1_586' title='bbox 892 3912 1041 3983; x_wconf 89' lang='lat' dir='ltr'><strong>propriam,</strong></span> <span class='ocrx_word' id='word_1_587' title='bbox 1067 3910 1130 3966; x_wconf 87' lang='lat' dir='ltr'><strong>talis</strong></span> <span class='ocrx_word' id='word_1_588' title='bbox 1147 3910 1238 3981; x_wconf 88' lang='lat' dir='ltr'><strong>gratia</strong></span> <span class='ocrx_word' id='word_1_589' title='bbox 1254 3917 1283 3966; x_wconf 89' lang='lat' dir='ltr'><strong>ct</strong></span> <span class='ocrx_word' id='word_1_590' title='bbox 1300 3916 1500 3982; x_wconf 86' lang='lat' dir='ltr'><strong>consequenter</strong></span> <span class='ocrx_word' id='word_1_591' title='bbox 1519 3919 1722 3967; x_wconf 89' lang='lat' dir='ltr'><strong>sacramentum</strong></span> <span class='ocrx_word' id='word_1_592' title='bbox 1738 3912 1793 3967; x_wconf 89' lang='lat' dir='ltr'><strong>erit</strong></span> <span class='ocrx_word' id='word_1_593' title='bbox 1809 3930 1894 3985; x_wconf 87' lang='lat' dir='ltr'><strong>agno·</strong></span> 
     </span>
     <span class='ocr_line' id='line_1_44' title="bbox 210 3995 1896 4069; baseline 0.001 -16"><span class='ocrx_word' id='word_1_594' title='bbox 210 3999 247 4054; x_wconf 91' lang='lat' dir='ltr'><strong>ds</strong></span> <span class='ocrx_word' id='word_1_595' title='bbox 275 3997 436 4053; x_wconf 72' lang='lat' dir='ltr'><strong>remurinus</strong></span> <span class='ocrx_word' id='word_1_596' title='bbox 460 4003 637 4067; x_wconf 86' lang='lat' dir='ltr'><strong>peccatorum</strong></span> <span class='ocrx_word' id='word_1_597' title='bbox 663 4001 776 4051; x_wconf 86' lang='lat' dir='ltr'><strong>externo</strong></span> <span class='ocrx_word' id='word_1_598' title='bbox 802 3997 868 4052; x_wconf 87' lang='lat' dir='ltr'><strong>ritui</strong></span> <span class='ocrx_word' id='word_1_599' title='bbox 895 4015 1041 4069; x_wconf 66' lang='lat' dir='ltr'><strong>nnuman,</strong></span> <span class='ocrx_word' id='word_1_600' title='bbox 1066 3997 1207 4066; x_wconf 90' lang='lat' dir='ltr'><strong>scendum,</strong></span> <span class='ocrx_word' id='word_1_601' title='bbox 1234 3996 1301 4069; x_wconf 92' lang='lat' dir='ltr'><strong>quia</strong></span> <span class='ocrx_word' id='word_1_602' title='bbox 1318 3995 1506 4067; x_wconf 89' lang='lat' dir='ltr'><strong>compluribus</strong></span> <span class='ocrx_word' id='word_1_603' title='bbox 1524 3997 1645 4067; x_wconf 86' lang='lat' dir='ltr'><strong>ipsorum</strong></span> <span class='ocrx_word' id='word_1_604' title='bbox 1663 3997 1826 4069; x_wconf 79' lang='lat' dir='ltr'><strong>conjugium</strong></span> <span class='ocrx_word' id='word_1_605' title='bbox 1843 3999 1896 4055; x_wconf 80' lang='lat' dir='ltr'><strong>fnit</strong></span> 
     </span>
     <span class='ocr_line' id='line_1_45' title="bbox 211 4081 1896 4155; baseline 0.001 -15"><span class='ocrx_word' id='word_1_606' title='bbox 211 4090 413 4140; x_wconf 85' lang='lat' dir='ltr'><strong>sacramentum</strong></span> <span class='ocrx_word' id='word_1_607' title='bbox 436 4081 547 4153; x_wconf 90' lang='lat' dir='ltr'><strong>proprie</strong></span> <span class='ocrx_word' id='word_1_608' title='bbox 570 4081 676 4136; x_wconf 90' lang='lat' dir='ltr'><strong>dictum</strong></span> <span class='ocrx_word' id='word_1_609' title='bbox 698 4081 815 4139; x_wconf 79' lang='lat' dir='ltr'><strong>efficere</strong></span> <span class='ocrx_word' id='word_1_610' title='bbox 845 4083 923 4138; x_wconf 91' lang='lat' dir='ltr'><strong>Deus</strong></span> <span class='ocrx_word' id='word_1_611' title='bbox 941 4085 994 4155; x_wconf 91' lang='lat' dir='ltr'><strong>piis</strong></span> <span class='ocrx_word' id='word_1_612' title='bbox 1012 4093 1041 4142; x_wconf 89' lang='lat' dir='ltr'><strong>et</strong></span> <span class='ocrx_word' id='word_1_613' title='bbox 1065 4081 1206 4138; x_wconf 72' lang='lat' dir='ltr'><strong>sufiiuens</strong></span> <span class='ocrx_word' id='word_1_614' title='bbox 1224 4083 1376 4139; x_wconf 88' lang='lat' dir='ltr'><strong>remedium</strong></span> <span class='ocrx_word' id='word_1_615' title='bbox 1396 4083 1528 4138; x_wconf 78' lang='lat' dir='ltr'><strong>adrerms</strong></span> <span class='ocrx_word' id='word_1_616' title='bbox 1553 4083 1770 4141; x_wconf 74' lang='lat' dir='ltr'><strong>fornicationem.</strong></span> <span class='ocrx_word' id='word_1_617' title='bbox 1814 4085 1896 4150; x_wconf 82' lang='lat' dir='ltr'><strong>Quod</strong></span> 
     </span>
     <span class='ocr_line' id='line_1_46' title="bbox 211 4167 1897 4242; baseline 0.002 -16"><span class='ocrx_word' id='word_1_618' title='bbox 211 4172 240 4226; x_wconf 91' lang='lat' dir='ltr'><strong>in</strong></span> <span class='ocrx_word' id='word_1_619' title='bbox 256 4170 314 4225; x_wconf 85' lang='lat' dir='ltr'><strong>lide</strong></span> <span class='ocrx_word' id='word_1_620' title='bbox 330 4185 361 4224; x_wconf 89' lang='lat' dir='ltr'><strong>se</strong></span> <span class='ocrx_word' id='word_1_621' title='bbox 379 4168 571 4224; x_wconf 82' lang='lat' dir='ltr'><strong>invocantibus</strong></span> <span class='ocrx_word' id='word_1_622' title='bbox 593 4167 760 4239; x_wconf 86' lang='lat' dir='ltr'><strong>conjugibus</strong></span> <span class='ocrx_word' id='word_1_623' title='bbox 783 4176 905 4239; x_wconf 87' lang='lat' dir='ltr'><strong>praestat</strong></span> <span class='ocrx_word' id='word_1_624' title='bbox 922 4172 1041 4242; x_wconf 67' lang='lat' dir='ltr'><strong>gratim</strong></span> <span class='ocrx_word' id='word_1_625' title='bbox 1065 4167 1250 4225; x_wconf 88' lang='lat' dir='ltr'><strong>Bellarminus</strong></span> <span class='ocrx_word' id='word_1_626' title='bbox 1279 4169 1416 4240; x_wconf 88' lang='lat' dir='ltr'><strong>inspergit</strong></span> <span class='ocrx_word' id='word_1_627' title='bbox 1449 4169 1483 4224; x_wconf 91' lang='lat' dir='ltr'><strong>de</strong></span> <span class='ocrx_word' id='word_1_628' title='bbox 1512 4170 1736 4241; x_wconf 88' lang='lat' dir='ltr'><strong>concupiscentia</strong></span> <span class='ocrx_word' id='word_1_629' title='bbox 1769 4187 1803 4226; x_wconf 86' lang='lat' dir='ltr'><strong>ax</strong></span> <span class='ocrx_word' id='word_1_630' title='bbox 1829 4179 1897 4229; x_wconf 80' lang='lat' dir='ltr'><strong>actu</strong></span> 
     </span>
     <span class='ocr_line' id='line_1_47' title="bbox 210 4253 1897 4329; baseline 0.001 -16"><span class='ocrx_word' id='word_1_631' title='bbox 210 4255 384 4314; x_wconf 81' lang='lat' dir='ltr'><strong>etanxilium</strong></span> <span class='ocrx_word' id='word_1_632' title='bbox 400 4253 606 4310; x_wconf 89' lang='lat' dir='ltr'><strong>insustinsndis</strong></span> <span class='ocrx_word' id='word_1_633' title='bbox 620 4255 743 4326; x_wconf 88' lang='lat' dir='ltr'><strong>conjugii</strong></span> <span class='ocrx_word' id='word_1_634' title='bbox 757 4254 894 4325; x_wconf 87' lang='lat' dir='ltr'><strong>oneribus,</strong></span> <span class='ocrx_word' id='word_1_635' title='bbox 906 4256 936 4311; x_wconf 89' lang='lat' dir='ltr'><strong>in</strong></span> <span class='ocrx_word' id='word_1_636' title='bbox 947 4257 1040 4314; x_wconf 90' lang='lat' dir='ltr'><strong>liberis</strong></span> <span class='ocrx_word' id='word_1_637' title='bbox 1066 4254 1189 4327; x_wconf 87' lang='lat' dir='ltr'><strong>conjugii</strong></span> <span class='ocrx_word' id='word_1_638' title='bbox 1207 4254 1295 4325; x_wconf 80' lang='lat' dir='ltr'><strong>magis</strong></span> <span class='ocrx_word' id='word_1_639' title='bbox 1312 4255 1432 4324; x_wconf 76' lang='lat' dir='ltr'><strong>moeurs,</strong></span> <span class='ocrx_word' id='word_1_640' title='bbox 1451 4255 1521 4310; x_wconf 90' lang='lat' dir='ltr'><strong>illud</strong></span> <span class='ocrx_word' id='word_1_641' title='bbox 1537 4262 1675 4327; x_wconf 86' lang='lat' dir='ltr'><strong>repugnet</strong></span> <span class='ocrx_word' id='word_1_642' title='bbox 1690 4256 1768 4312; x_wconf 89' lang='lat' dir='ltr'><strong>dicto</strong></span> <span class='ocrx_word' id='word_1_643' title='bbox 1784 4267 1897 4329; x_wconf 88' lang='lat' dir='ltr'><strong>aposto·</strong></span> 
     </span>
     <span class='ocr_line' id='line_1_48' title="bbox 211 4339 1899 4418; baseline 0.001 -18"><span class='ocrx_word' id='word_1_644' title='bbox 211 4341 403 4412; x_wconf 74' lang='lat' dir='ltr'><strong>intrimentis,</strong></span> <span class='ocrx_word' id='word_1_645' title='bbox 427 4341 457 4396; x_wconf 91' lang='lat' dir='ltr'><strong>in</strong></span> <span class='ocrx_word' id='word_1_646' title='bbox 473 4341 610 4396; x_wconf 75' lang='lat' dir='ltr'><strong>mrvanda</strong></span> <span class='ocrx_word' id='word_1_647' title='bbox 626 4340 754 4396; x_wconf 69' lang='lat' dir='ltr'><strong>eutitata</strong></span> <span class='ocrx_word' id='word_1_648' title='bbox 776 4347 826 4396; x_wconf 84' lang='lat' dir='ltr'><strong>etc.</strong></span> <span class='ocrx_word' id='word_1_649' title='bbox 849 4342 971 4399; x_wconf 89' lang='lat' dir='ltr'><strong>sednon</strong></span> <span class='ocrx_word' id='word_1_650' title='bbox 990 4362 1041 4416; x_wconf 86' lang='lat' dir='ltr'><strong>per</strong></span> <span class='ocrx_word' id='word_1_651' title='bbox 1066 4341 1120 4396; x_wconf 90' lang='lat' dir='ltr'><strong>lico</strong></span> <span class='ocrx_word' id='word_1_652' title='bbox 1140 4347 1162 4398; x_wconf 88' lang='lat' dir='ltr'><strong>l.</strong></span> <span class='ocrx_word' id='word_1_653' title='bbox 1183 4339 1244 4396; x_wconf 87' lang='lat' dir='ltr'><strong>Cor.</strong></span> <span class='ocrx_word' id='word_1_654' title='bbox 1264 4346 1288 4404; x_wconf 83' lang='grc'><strong>1,</strong></span> <span class='ocrx_word' id='word_1_655' title='bbox 1307 4358 1334 4396; x_wconf 82' lang='lat' dir='ltr'><strong>v.</strong></span> <span class='ocrx_word' id='word_1_656' title='bbox 1353 4345 1382 4396; x_wconf 82' lang='lat'><strong>2:</strong></span> <span class='ocrx_word' id='word_1_657' title='bbox 1402 4343 1526 4411; x_wconf 78' lang='lat' dir='ltr'><strong>Propter</strong></span> <span class='ocrx_word' id='word_1_658' title='bbox 1541 4343 1761 4413; x_wconf 77' lang='lat' dir='ltr'><strong>fornicationem</strong></span> <span class='ocrx_word' id='word_1_659' title='bbox 1778 4343 1899 4418; x_wconf 75' lang='lat' dir='ltr'><strong>(fugias-</strong></span> 
     </span>
     <span class='ocr_line' id='line_1_49' title="bbox 211 4425 1900 4502; baseline 0.003 -18"><span class='ocrx_word' id='word_1_660' title='bbox 211 4431 303 4502; x_wconf 92' lang='lat' dir='ltr'><strong>ipsum</strong></span> <span class='ocrx_word' id='word_1_661' title='bbox 330 4425 454 4498; x_wconf 89' lang='lat' dir='ltr'><strong>conjugii</strong></span> <span class='ocrx_word' id='word_1_662' title='bbox 475 4431 647 4481; x_wconf 89' lang='lat' dir='ltr'><strong>contractum</strong></span> <span class='ocrx_word' id='word_1_663' title='bbox 675 4431 809 4497; x_wconf 83' lang='lat' dir='ltr'><strong>tanquam</strong></span> <span class='ocrx_word' id='word_1_664' title='bbox 838 4437 1040 4486; x_wconf 83' lang='lat' dir='ltr'><strong>sacramentnm</strong></span> <span class='ocrx_word' id='word_1_665' title='bbox 1067 4428 1274 4496; x_wconf 65' lang='lat' dir='ltr'><strong>dampnateque</strong></span> <span class='ocrx_word' id='word_1_666' title='bbox 1291 4427 1391 4481; x_wconf 77' lang='lat' dir='ltr'><strong>talem</strong></span> <span class='ocrx_word' id='word_1_667' title='bbox 1410 4445 1524 4483; x_wconf 75' lang='lat' dir='ltr'><strong>imorem</strong></span> <span class='ocrx_word' id='word_1_668' title='bbox 1541 4447 1634 4500; x_wconf 78' lang='lat' dir='ltr'><strong>mmm,</strong></span> <span class='ocrx_word' id='word_1_669' title='bbox 1663 4436 1692 4486; x_wconf 93' lang='lat' dir='ltr'><strong>et</strong></span> <span class='ocrx_word' id='word_1_670' title='bbox 1709 4450 1734 4485; x_wconf 87' lang='lat' dir='ltr'><strong>v.</strong></span> <span class='ocrx_word' id='word_1_671' title='bbox 1753 4437 1776 4487; x_wconf 86' lang='grc'><strong>9.</strong></span> <span class='ocrx_word' id='word_1_672' title='bbox 1796 4434 1900 4488; x_wconf 72' lang='lat' dir='ltr'><strong>metim</strong></span> 
     </span>
     <span class='ocr_line' id='line_1_50' title="bbox 210 4511 1898 4589; baseline 0.003 -18"><span class='ocrx_word' id='word_1_673' title='bbox 210 4515 325 4589; x_wconf 86' lang='lat' dir='ltr'><strong>aliquod</strong></span> <span class='ocrx_word' id='word_1_674' title='bbox 348 4511 458 4585; x_wconf 83' lang='lat' dir='ltr'><strong>propria</strong></span> <span class='ocrx_word' id='word_1_675' title='bbox 480 4511 584 4566; x_wconf 78' lang='lat' dir='ltr'><strong>dicum</strong></span> <span class='ocrx_word' id='word_1_676' title='bbox 606 4511 697 4583; x_wconf 60' lang='lat' dir='ltr'><strong>palia</strong></span> <span class='ocrx_word' id='word_1_677' title='bbox 715 4512 765 4567; x_wconf 82' lang='lat' dir='ltr'><strong>illa</strong></span> <span class='ocrx_word' id='word_1_678' title='bbox 780 4513 933 4584; x_wconf 77' lang='lat' dir='ltr'><strong>confertur,</strong></span> <span class='ocrx_word' id='word_1_679' title='bbox 964 4518 1040 4588; x_wconf 91' lang='lat' dir='ltr'><strong>quod</strong></span> <span class='ocrx_word' id='word_1_680' title='bbox 1066 4522 1106 4568; x_wconf 77' lang='lat' dir='ltr'><strong>eet</strong></span> <span class='ocrx_word' id='word_1_681' title='bbox 1123 4514 1225 4568; x_wconf 85' lang='lat' dir='ltr'><strong>nubere</strong></span> <span class='ocrx_word' id='word_1_682' title='bbox 1242 4530 1326 4582; x_wconf 82' lang='lat' dir='ltr'><strong>quam</strong></span> <span class='ocrx_word' id='word_1_683' title='bbox 1345 4515 1401 4569; x_wconf 86' lang='lat' dir='ltr'><strong>uri.</strong></span> <span class='ocrx_word' id='word_1_684' title='bbox 1426 4514 1580 4586; x_wconf 85' lang='lat' dir='ltr'><strong>Vulgatum</strong></span> <span class='ocrx_word' id='word_1_685' title='bbox 1596 4523 1640 4573; x_wconf 85' lang='lat' dir='ltr'><strong>eet</strong></span> <span class='ocrx_word' id='word_1_686' title='bbox 1657 4525 1793 4575; x_wconf 81' lang='lat' dir='ltr'><strong>etverum</strong></span> <span class='ocrx_word' id='word_1_687' title='bbox 1810 4520 1898 4576; x_wconf 83' lang='lat' dir='ltr'><strong>dicte-</strong></span> 
     </span>
     <span class='ocr_line' id='line_1_51' title="bbox 210 4594 1900 4679; baseline 0.003 -21"><span class='ocrx_word' id='word_1_688' title='bbox 210 4603 301 4658; x_wconf 88' lang='lat' dir='ltr'><strong>surdis</strong></span> <span class='ocrx_word' id='word_1_689' title='bbox 326 4597 489 4655; x_wconf 88' lang='lat' dir='ltr'><strong>Bellarmini</strong></span> <span class='ocrx_word' id='word_1_690' title='bbox 510 4597 624 4653; x_wconf 90' lang='lat' dir='ltr'><strong>auribus</strong></span> <span class='ocrx_word' id='word_1_691' title='bbox 644 4596 819 4654; x_wconf 87' lang='lat' dir='ltr'><strong>Chemnicius</strong></span> <span class='ocrx_word' id='word_1_692' title='bbox 845 4600 927 4656; x_wconf 88' lang='lat' dir='ltr'><strong>toties</strong></span> <span class='ocrx_word' id='word_1_693' title='bbox 953 4594 1149 4679; x_wconf 62' lang='lat' dir='ltr'><strong>incnl-irium:</strong></span> <span class='ocrx_word' id='word_1_694' title='bbox 1176 4599 1342 4670; x_wconf 76' lang='lat' dir='ltr'><strong>Gonjupium</strong></span> <span class='ocrx_word' id='word_1_695' title='bbox 1360 4608 1401 4654; x_wconf 87' lang='lat' dir='ltr'><strong>est</strong></span> <span class='ocrx_word' id='word_1_696' title='bbox 1419 4601 1548 4656; x_wconf 85' lang='lat' dir='ltr'><strong>libidinis</strong></span> <span class='ocrx_word' id='word_1_697' title='bbox 1567 4621 1623 4657; x_wconf 82' lang='lat' dir='ltr'><strong>nos</strong></span> <span class='ocrx_word' id='word_1_698' title='bbox 1640 4605 1819 4678; x_wconf 74' lang='lat' dir='ltr'><strong>incentivum,</strong></span> <span class='ocrx_word' id='word_1_699' title='bbox 1846 4613 1900 4665; x_wconf 82' lang='lat' dir='ltr'><strong>sed</strong></span> 
     </span>
     <span class='ocr_line' id='line_1_52' title="bbox 209 4683 1261 4755; baseline -0.004 -12"><span class='ocrx_word' id='word_1_700' title='bbox 209 4689 291 4745; x_wconf 83' lang='lat' dir='ltr'><strong>cavit.</strong></span> <span class='ocrx_word' id='word_1_701' title='bbox 327 4692 353 4744; x_wconf 78' lang='lat' dir='ltr'><strong>t.</strong></span> <span class='ocrx_word' id='word_1_702' title='bbox 375 4686 439 4743; x_wconf 86' lang='lat' dir='ltr'><strong>Non</strong></span> <span class='ocrx_word' id='word_1_703' title='bbox 462 4685 491 4739; x_wconf 91' lang='lat' dir='ltr'><strong>in</strong></span> <span class='ocrx_word' id='word_1_704' title='bbox 512 4683 547 4740; x_wconf 87' lang='lat' dir='ltr'><strong>N.</strong></span> <span class='ocrx_word' id='word_1_705' title='bbox 570 4688 692 4755; x_wconf 84' lang='lat' dir='ltr'><strong>tuntum,</strong></span> <span class='ocrx_word' id='word_1_706' title='bbox 718 4685 767 4739; x_wconf 89' lang='lat' dir='ltr'><strong>scd</strong></span> <span class='ocrx_word' id='word_1_707' title='bbox 793 4685 877 4741; x_wconf 87' lang='lat' dir='ltr'><strong>etiam</strong></span> <span class='ocrx_word' id='word_1_708' title='bbox 899 4686 929 4743; x_wconf 90' lang='lat' dir='ltr'><strong>iu</strong></span> <span class='ocrx_word' id='word_1_709' title='bbox 947 4689 984 4746; x_wconf 83' lang='lat' dir='ltr'><strong>V.</strong></span> <span class='ocrx_word' id='word_1_710' title='bbox 1004 4687 1261 4745; x_wconf 69' lang='lat' dir='ltr'><strong>umsrtnmtenm.</strong></span> 
     </span>
     <span class='ocr_line' id='line_1_53' title="bbox 210 4768 1898 4846; baseline 0.004 -18"><span class='ocrx_word' id='word_1_711' title='bbox 210 4776 344 4846; x_wconf 86' lang='lat' dir='ltr'><strong>conjuges</strong></span> <span class='ocrx_word' id='word_1_712' title='bbox 362 4772 519 4828; x_wconf 89' lang='lat' dir='ltr'><strong>debuerunt</strong></span> <span class='ocrx_word' id='word_1_713' title='bbox 536 4768 638 4826; x_wconf 88' lang='lat' dir='ltr'><strong>liberos</strong></span> <span class='ocrx_word' id='word_1_714' title='bbox 656 4769 685 4825; x_wconf 92' lang='lat' dir='ltr'><strong>in</strong></span> <span class='ocrx_word' id='word_1_715' title='bbox 702 4787 766 4827; x_wconf 87' lang='lat' dir='ltr'><strong>vara</strong></span> <span class='ocrx_word' id='word_1_716' title='bbox 785 4769 841 4827; x_wconf 87' lang='lat' dir='ltr'><strong>fide</strong></span> <span class='ocrx_word' id='word_1_717' title='bbox 859 4778 888 4827; x_wconf 89' lang='lat' dir='ltr'><strong>et</strong></span> <span class='ocrx_word' id='word_1_718' title='bbox 904 4773 1038 4843; x_wconf 88' lang='lat' dir='ltr'><strong>religione</strong></span> <span class='ocrx_word' id='word_1_719' title='bbox 1100 4779 1140 4829; x_wconf 86' lang='grc'><strong>39.</strong></span> <span class='ocrx_word' id='word_1_720' title='bbox 1178 4775 1205 4828; x_wconf 85' lang='grc'><strong>3.</strong></span> <span class='ocrx_word' id='word_1_721' title='bbox 1231 4774 1277 4827; x_wconf 80' lang='lat' dir='ltr'><strong>lin</strong></span> <span class='ocrx_word' id='word_1_722' title='bbox 1300 4773 1358 4827; x_wconf 88' lang='lat' dir='ltr'><strong>ritu</strong></span> <span class='ocrx_word' id='word_1_723' title='bbox 1379 4780 1406 4827; x_wconf 87' lang='lat' dir='ltr'><strong>et</strong></span> <span class='ocrx_word' id='word_1_724' title='bbox 1433 4774 1604 4828; x_wconf 86' lang='lat' dir='ltr'><strong>ceremoniis.</strong></span> <span class='ocrx_word' id='word_1_725' title='bbox 1642 4775 1718 4830; x_wconf 88' lang='lat' dir='ltr'><strong>Nam</strong></span> <span class='ocrx_word' id='word_1_726' title='bbox 1736 4779 1802 4846; x_wconf 80' lang='lat' dir='ltr'><strong>jam</strong></span> <span class='ocrx_word' id='word_1_727' title='bbox 1827 4781 1898 4835; x_wconf 81' lang='lat' dir='ltr'><strong>inde</strong></span> 
     </span>
     <span class='ocr_line' id='line_1_54' title="bbox 208 4857 1899 4930; baseline 0.004 -15"><span class='ocrx_word' id='word_1_728' title='bbox 208 4860 462 4930; x_wconf 66' lang='lat' dir='ltr'><strong>instituerentur</strong></span> <span class='ocrx_word' id='word_1_729' title='bbox 479 4857 562 4913; x_wconf 84' lang='lat' dir='ltr'><strong>Dent</strong></span> <span class='ocrx_word' id='word_1_730' title='bbox 581 4862 606 4927; x_wconf 85' lang='grc'><strong>6,</strong></span> <span class='ocrx_word' id='word_1_731' title='bbox 623 4874 648 4913; x_wconf 85' lang='lat' dir='ltr'><strong>s.</strong></span> <span class='ocrx_word' id='word_1_732' title='bbox 668 4864 689 4913; x_wconf 82' lang='grc'><strong>1.</strong></span> <span class='ocrx_word' id='word_1_733' title='bbox 714 4876 739 4913; x_wconf 86' lang='lat' dir='ltr'><strong>c.</strong></span> <span class='ocrx_word' id='word_1_734' title='bbox 760 4864 804 4928; x_wconf 88' lang='lat' dir='ltr'><strong>lt,</strong></span> <span class='ocrx_word' id='word_1_735' title='bbox 822 4875 849 4914; x_wconf 83' lang='lat' dir='ltr'><strong>s.</strong></span> <span class='ocrx_word' id='word_1_736' title='bbox 870 4865 910 4916; x_wconf 84' lang='grc'><strong>19.</strong></span> <span class='ocrx_word' id='word_1_737' title='bbox 930 4867 960 4916; x_wconf 91' lang='lat' dir='ltr'><strong>et</strong></span> <span class='ocrx_word' id='word_1_738' title='bbox 977 4859 1038 4916; x_wconf 86' lang='lat' dir='ltr'><strong>aliis</strong></span> <span class='ocrx_word' id='word_1_739' title='bbox 1064 4860 1100 4913; x_wconf 84' lang='lat' dir='ltr'><strong>ab</strong></span> <span class='ocrx_word' id='word_1_740' title='bbox 1118 4859 1234 4914; x_wconf 84' lang='lat' dir='ltr'><strong>scordio</strong></span> <span class='ocrx_word' id='word_1_741' title='bbox 1252 4859 1386 4913; x_wconf 71' lang='lat' dir='ltr'><strong>sociniae</strong></span> <span class='ocrx_word' id='word_1_742' title='bbox 1403 4859 1611 4915; x_wconf 80' lang='lat' dir='ltr'><strong>matrimonium</strong></span> <span class='ocrx_word' id='word_1_743' title='bbox 1632 4862 1708 4916; x_wconf 87' lang='lat' dir='ltr'><strong>inter</strong></span> <span class='ocrx_word' id='word_1_744' title='bbox 1728 4881 1775 4918; x_wconf 89' lang='lat' dir='ltr'><strong>res</strong></span> <span class='ocrx_word' id='word_1_745' title='bbox 1791 4882 1899 4921; x_wconf 67' lang='lat' dir='ltr'><strong>ramas</strong></span> 
     </span>
     <span class='ocr_line' id='line_1_55' title="bbox 209 4942 1899 5017; baseline 0.004 -16"><span class='ocrx_word' id='word_1_746' title='bbox 209 4945 290 5001; x_wconf 87' lang='lat' dir='ltr'><strong>dictis</strong></span> <span class='ocrx_word' id='word_1_747' title='bbox 312 4946 439 5017; x_wconf 84' lang='lat' dir='ltr'><strong>superius</strong></span> <span class='ocrx_word' id='word_1_748' title='bbox 457 4942 643 5006; x_wconf 85' lang='lat' dir='ltr'><strong>ostendimus,</strong></span> <span class='ocrx_word' id='word_1_749' title='bbox 672 4959 724 5000; x_wconf 85' lang='lat' dir='ltr'><strong>nec</strong></span> <span class='ocrx_word' id='word_1_750' title='bbox 747 4943 777 4997; x_wconf 90' lang='lat' dir='ltr'><strong>in</strong></span> <span class='ocrx_word' id='word_1_751' title='bbox 800 4943 836 5000; x_wconf 80' lang='lat' dir='ltr'><strong>N.</strong></span> <span class='ocrx_word' id='word_1_752' title='bbox 855 4944 956 5015; x_wconf 90' lang='lat' dir='ltr'><strong>solum,</strong></span> <span class='ocrx_word' id='word_1_753' title='bbox 988 4947 1037 5003; x_wconf 90' lang='lat' dir='ltr'><strong>sed</strong></span> <span class='ocrx_word' id='word_1_754' title='bbox 1063 4946 1187 5001; x_wconf 68' lang='lat' dir='ltr'><strong>laddum</strong></span> <span class='ocrx_word' id='word_1_755' title='bbox 1216 4961 1274 5000; x_wconf 85' lang='lat' dir='ltr'><strong>esec</strong></span> <span class='ocrx_word' id='word_1_756' title='bbox 1297 4954 1405 5001; x_wconf 66' lang='lat' dir='ltr'><strong>condat</strong></span> <span class='ocrx_word' id='word_1_757' title='bbox 1438 4955 1465 5002; x_wconf 89' lang='lat' dir='ltr'><strong>et</strong></span> <span class='ocrx_word' id='word_1_758' title='bbox 1490 4946 1563 5003; x_wconf 77' lang='lat' dir='ltr'><strong>enter</strong></span> <span class='ocrx_word' id='word_1_759' title='bbox 1585 4965 1733 5004; x_wconf 82' lang='lat' dir='ltr'><strong>sacrorum</strong></span> <span class='ocrx_word' id='word_1_760' title='bbox 1764 4953 1899 5009; x_wconf 81' lang='lat' dir='ltr'><strong>solennia</strong></span> 
     </span>
     <span class='ocr_line' id='line_1_56' title="bbox 209 5028 1899 5103; baseline 0.004 -16"><span class='ocrx_word' id='word_1_761' title='bbox 209 5032 292 5088; x_wconf 90' lang='lat' dir='ltr'><strong>etism</strong></span> <span class='ocrx_word' id='word_1_762' title='bbox 318 5031 347 5087; x_wconf 91' lang='lat' dir='ltr'><strong>in</strong></span> <span class='ocrx_word' id='word_1_763' title='bbox 372 5032 408 5089; x_wconf 88' lang='lat' dir='ltr'><strong>V.</strong></span> <span class='ocrx_word' id='word_1_764' title='bbox 436 5031 470 5086; x_wconf 88' lang='lat' dir='ltr'><strong>T.</strong></span> <span class='ocrx_word' id='word_1_765' title='bbox 498 5028 659 5101; x_wconf 86' lang='lat' dir='ltr'><strong>eonjugium</strong></span> <span class='ocrx_word' id='word_1_766' title='bbox 685 5029 740 5086; x_wconf 84' lang='lat' dir='ltr'><strong>fuit</strong></span> <span class='ocrx_word' id='word_1_767' title='bbox 765 5030 917 5086; x_wconf 88' lang='lat' dir='ltr'><strong>remedium</strong></span> <span class='ocrx_word' id='word_1_768' title='bbox 942 5039 1038 5089; x_wconf 73' lang='lat' dir='ltr'><strong>conns</strong></span> <span class='ocrx_word' id='word_1_769' title='bbox 1058 5049 1114 5103; x_wconf 74' lang='lat' dir='ltr'><strong>per</strong></span> <span class='ocrx_word' id='word_1_770' title='bbox 1140 5032 1317 5085; x_wconf 82' lang='lat' dir='ltr'><strong>sacerdotum</strong></span> <span class='ocrx_word' id='word_1_771' title='bbox 1338 5033 1522 5088; x_wconf 76' lang='lat' dir='ltr'><strong>ministerium</strong></span> <span class='ocrx_word' id='word_1_772' title='bbox 1543 5036 1682 5090; x_wconf 74' lang='lat' dir='ltr'><strong>celelmri</strong></span> <span class='ocrx_word' id='word_1_773' title='bbox 1698 5035 1819 5092; x_wconf 85' lang='lat' dir='ltr'><strong>solitum.</strong></span> <span class='ocrx_word' id='word_1_774' title='bbox 1854 5040 1899 5094; x_wconf 80' lang='lat' dir='ltr'><strong>At</strong></span> 
     </span>
     <span class='ocr_line' id='line_1_57' title="bbox 209 5115 1899 5194; baseline 0.005 -21"><span class='ocrx_word' id='word_1_775' title='bbox 209 5117 427 5184; x_wconf 74' lang='lat' dir='ltr'><strong>fornicationem,</strong></span> <span class='ocrx_word' id='word_1_776' title='bbox 443 5134 509 5189; x_wconf 90' lang='lat' dir='ltr'><strong>ergo</strong></span> <span class='ocrx_word' id='word_1_777' title='bbox 523 5118 552 5172; x_wconf 85' lang='lat' dir='ltr'><strong>ri</strong></span> <span class='ocrx_word' id='word_1_778' title='bbox 563 5115 719 5188; x_wconf 85' lang='lat' dir='ltr'><strong>argumenti</strong></span> <span class='ocrx_word' id='word_1_779' title='bbox 731 5115 814 5186; x_wconf 80' lang='lat' dir='ltr'><strong>hujus</strong></span> <span class='ocrx_word' id='word_1_780' title='bbox 828 5116 1037 5175; x_wconf 84' lang='lat' dir='ltr'><strong>Bellarminiani</strong></span> <span class='ocrx_word' id='word_1_781' title='bbox 1063 5126 1138 5174; x_wconf 84' lang='lat' dir='ltr'><strong>certe</strong></span> <span class='ocrx_word' id='word_1_782' title='bbox 1156 5118 1183 5172; x_wconf 88' lang='lat' dir='ltr'><strong>si</strong></span> <span class='ocrx_word' id='word_1_783' title='bbox 1200 5127 1272 5173; x_wconf 86' lang='lat' dir='ltr'><strong>esset</strong></span> <span class='ocrx_word' id='word_1_784' title='bbox 1290 5127 1449 5175; x_wconf 86' lang='lat' dir='ltr'><strong>contractus</strong></span> <span class='ocrx_word' id='word_1_785' title='bbox 1466 5120 1606 5176; x_wconf 79' lang='lat' dir='ltr'><strong>inmanes</strong></span> <span class='ocrx_word' id='word_1_786' title='bbox 1626 5130 1732 5177; x_wconf 86' lang='lat' dir='ltr'><strong>tantum</strong></span> <span class='ocrx_word' id='word_1_787' title='bbox 1758 5124 1802 5178; x_wconf 85' lang='lat' dir='ltr'><strong>sel</strong></span> <span class='ocrx_word' id='word_1_788' title='bbox 1817 5126 1899 5194; x_wconf 79' lang='lat' dir='ltr'><strong>poli·</strong></span> 
     </span>
     <span class='ocr_line' id='line_1_58' title="bbox 204 5203 1899 5279; baseline 0.007 -24"><span class='ocrx_word' id='word_1_789' title='bbox 204 5205 368 5276; x_wconf 68' lang='lat' dir='ltr'><strong>,conjugium</strong></span> <span class='ocrx_word' id='word_1_790' title='bbox 386 5205 469 5260; x_wconf 89' lang='lat' dir='ltr'><strong>etiam</strong></span> <span class='ocrx_word' id='word_1_791' title='bbox 487 5205 516 5258; x_wconf 92' lang='lat' dir='ltr'><strong>in</strong></span> <span class='ocrx_word' id='word_1_792' title='bbox 527 5204 562 5261; x_wconf 88' lang='lat' dir='ltr'><strong>V.</strong></span> <span class='ocrx_word' id='word_1_793' title='bbox 574 5204 607 5260; x_wconf 84' lang='lat' dir='ltr'><strong>T.</strong></span> <span class='ocrx_word' id='word_1_794' title='bbox 625 5203 680 5260; x_wconf 84' lang='lat' dir='ltr'><strong>fuit</strong></span> <span class='ocrx_word' id='word_1_795' title='bbox 697 5209 907 5260; x_wconf 84' lang='lat' dir='ltr'><strong>sacramentum.</strong></span> <span class='ocrx_word' id='word_1_796' title='bbox 929 5210 954 5260; x_wconf 81' lang='lat'><strong>3.</strong></span> <span class='ocrx_word' id='word_1_797' title='bbox 966 5204 1037 5261; x_wconf 83' lang='lat' dir='ltr'><strong>Con·</strong></span> <span class='ocrx_word' id='word_1_798' title='bbox 1063 5206 1147 5259; x_wconf 87' lang='lat' dir='ltr'><strong>ticum</strong></span> <span class='ocrx_word' id='word_1_799' title='bbox 1163 5205 1238 5258; x_wconf 81' lang='lat' dir='ltr'><strong>uitae</strong></span> <span class='ocrx_word' id='word_1_800' title='bbox 1254 5222 1354 5276; x_wconf 75' lang='lat' dir='ltr'><strong>penus,</strong></span> <span class='ocrx_word' id='word_1_801' title='bbox 1377 5223 1517 5275; x_wconf 78' lang='lat' dir='ltr'><strong>nunquam</strong></span> <span class='ocrx_word' id='word_1_802' title='bbox 1533 5217 1630 5279; x_wconf 86' lang='lat' dir='ltr'><strong>patres</strong></span> <span class='ocrx_word' id='word_1_803' title='bbox 1644 5227 1710 5263; x_wconf 83' lang='lat' dir='ltr'><strong>cum</strong></span> <span class='ocrx_word' id='word_1_804' title='bbox 1727 5209 1810 5264; x_wconf 73' lang='lat' dir='ltr'><strong>rebus</strong></span> <span class='ocrx_word' id='word_1_805' title='bbox 1830 5230 1899 5268; x_wconf 87' lang='lat' dir='ltr'><strong>sass-</strong></span> 
     </span>
     <span class='ocr_line' id='line_1_59' title="bbox 204 5291 1901 5369; baseline 0.002 -22"><span class='ocrx_word' id='word_1_806' title='bbox 204 5296 291 5364; x_wconf 78' lang='lat' dir='ltr'><strong>juges¹</strong></span> <span class='ocrx_word' id='word_1_807' title='bbox 309 5293 339 5346; x_wconf 88' lang='lat' dir='ltr'><strong>in</strong></span> <span class='ocrx_word' id='word_1_808' title='bbox 363 5291 520 5363; x_wconf 86' lang='lat' dir='ltr'><strong>gentiiismo</strong></span> <span class='ocrx_word' id='word_1_809' title='bbox 544 5310 599 5348; x_wconf 89' lang='lat' dir='ltr'><strong>uon</strong></span> <span class='ocrx_word' id='word_1_810' title='bbox 621 5291 712 5346; x_wconf 89' lang='lat' dir='ltr'><strong>minus</strong></span> <span class='ocrx_word' id='word_1_811' title='bbox 736 5306 820 5362; x_wconf 88' lang='lat' dir='ltr'><strong>quam</strong></span> <span class='ocrx_word' id='word_1_812' title='bbox 843 5291 883 5360; x_wconf 88' lang='lat' dir='ltr'><strong>pii</strong></span> <span class='ocrx_word' id='word_1_813' title='bbox 904 5292 1037 5364; x_wconf 90' lang='lat' dir='ltr'><strong>conjuges</strong></span> <span class='ocrx_word' id='word_1_814' title='bbox 1063 5291 1194 5346; x_wconf 82' lang='lat' dir='ltr'><strong>ctissimie</strong></span> <span class='ocrx_word' id='word_1_815' title='bbox 1205 5293 1413 5348; x_wconf 76' lang='lat' dir='ltr'><strong>matrimonium</strong></span> <span class='ocrx_word' id='word_1_816' title='bbox 1422 5295 1637 5364; x_wconf 74' lang='lat' dir='ltr'><strong>emjurntnem.</strong></span> <span class='ocrx_word' id='word_1_817' title='bbox 1668 5294 1901 5369; x_wconf 75' lang='lat' dir='ltr'><strong>Respondemus:</strong></span> 
     </span>
     <span class='ocr_line' id='line_1_60' title="bbox 207 5375 1901 5459; baseline 0.005 -26"><span class='ocrx_word' id='word_1_818' title='bbox 207 5379 237 5433; x_wconf 92' lang='lat' dir='ltr'><strong>in</strong></span> <span class='ocrx_word' id='word_1_819' title='bbox 255 5377 374 5432; x_wconf 88' lang='lat' dir='ltr'><strong>ecclesia</strong></span> <span class='ocrx_word' id='word_1_820' title='bbox 391 5376 513 5433; x_wconf 87' lang='lat' dir='ltr'><strong>obstricti</strong></span> <span class='ocrx_word' id='word_1_821' title='bbox 530 5386 609 5446; x_wconf 88' lang='lat' dir='ltr'><strong>sunt,</strong></span> <span class='ocrx_word' id='word_1_822' title='bbox 634 5384 667 5433; x_wconf 92' lang='lat' dir='ltr'><strong>ut</strong></span> <span class='ocrx_word' id='word_1_823' title='bbox 696 5375 797 5432; x_wconf 90' lang='lat' dir='ltr'><strong>liberos</strong></span> <span class='ocrx_word' id='word_1_824' title='bbox 813 5375 843 5431; x_wconf 93' lang='lat' dir='ltr'><strong>in</strong></span> <span class='ocrx_word' id='word_1_825' title='bbox 859 5376 914 5433; x_wconf 86' lang='lat' dir='ltr'><strong>fide</strong></span> <span class='ocrx_word' id='word_1_826' title='bbox 931 5385 961 5435; x_wconf 89' lang='lat' dir='ltr'><strong>at</strong></span> <span class='ocrx_word' id='word_1_827' title='bbox 974 5380 1036 5436; x_wconf 90' lang='lat' dir='ltr'><strong>reli·</strong></span> <span class='ocrx_word' id='word_1_828' title='bbox 1068 5386 1089 5436; x_wconf 89' lang='lat' dir='ltr'><strong>t.</strong></span> <span class='ocrx_word' id='word_1_829' title='bbox 1116 5385 1158 5434; x_wconf 89' lang='lat' dir='ltr'><strong>est</strong></span> <span class='ocrx_word' id='word_1_830' title='bbox 1184 5376 1297 5434; x_wconf 83' lang='lat' dir='ltr'><strong>fallacia</strong></span> <span class='ocrx_word' id='word_1_831' title='bbox 1324 5381 1525 5450; x_wconf 86' lang='lat' dir='ltr'><strong>consequentis.</strong></span> <span class='ocrx_word' id='word_1_832' title='bbox 1567 5381 1630 5440; x_wconf 82' lang='lat' dir='ltr'><strong>Non</strong></span> <span class='ocrx_word' id='word_1_833' title='bbox 1657 5384 1730 5439; x_wconf 89' lang='lat' dir='ltr'><strong>enim</strong></span> <span class='ocrx_word' id='word_1_834' title='bbox 1758 5385 1901 5459; x_wconf 87' lang='lat' dir='ltr'><strong>sequitur,</strong></span> 
     </span>
     <span class='ocr_line' id='line_1_61' title="bbox 149 5461 1902 5537; baseline 0.007 -17"><span class='ocrx_word' id='word_1_835' title='bbox 149 5504 153 5512; x_wconf 85' lang='lat'>-</span> <span class='ocrx_word' id='word_1_836' title='bbox 203 5461 580 5536; x_wconf 78' lang='lat' dir='ltr'><strong>gionensutuansetfidem</strong></span> <span class='ocrx_word' id='word_1_837' title='bbox 594 5463 769 5535; x_wconf 77' lang='lat' dir='ltr'><strong>conjugalem</strong></span> <span class='ocrx_word' id='word_1_838' title='bbox 785 5461 902 5520; x_wconf 84' lang='lat' dir='ltr'><strong>invicem</strong></span> <span class='ocrx_word' id='word_1_839' title='bbox 915 5473 1035 5523; x_wconf 67' lang='lat' dir='ltr'><strong>ment</strong></span> <span class='ocrx_word' id='word_1_840' title='bbox 1063 5465 1224 5537; x_wconf 87' lang='lat' dir='ltr'><strong>conjugium</strong></span> <span class='ocrx_word' id='word_1_841' title='bbox 1250 5480 1306 5521; x_wconf 92' lang='lat' dir='ltr'><strong>non</strong></span> <span class='ocrx_word' id='word_1_842' title='bbox 1328 5472 1372 5521; x_wconf 89' lang='lat' dir='ltr'><strong>cst</strong></span> <span class='ocrx_word' id='word_1_843' title='bbox 1393 5474 1502 5524; x_wconf 88' lang='lat' dir='ltr'><strong>tantum</strong></span> <span class='ocrx_word' id='word_1_844' title='bbox 1525 5467 1615 5524; x_wconf 77' lang='lat' dir='ltr'><strong>civilis</strong></span> <span class='ocrx_word' id='word_1_845' title='bbox 1647 5475 1806 5529; x_wconf 78' lang='lat' dir='ltr'><strong>uoutmctus</strong></span> <span class='ocrx_word' id='word_1_846' title='bbox 1844 5491 1902 5532; x_wconf 84' lang='lat' dir='ltr'><strong>nse</strong></span> 
     </span>
    </p>
   </div>
   <div class='ocr_carea' id='block_1_3' title="bbox 1171 3342 1822 3416">
    <p class='ocr_par' dir='ltr' id='par_1_3' title="bbox 1171 3342 1822 3416">
     <span class='ocr_line' id='line_1_62' title="bbox 1171 3342 1822 3416; baseline 0.006 -20"><span class='ocrx_word' id='word_1_847' title='bbox 1171 3342 1324 3397; x_wconf 66' lang='lat' dir='ltr'><strong>Corellium</strong></span> <span class='ocrx_word' id='word_1_848' title='bbox 1340 3344 1369 3397; x_wconf 86' lang='lat' dir='ltr'><strong>si</strong></span> <span class='ocrx_word' id='word_1_849' title='bbox 1385 3361 1441 3397; x_wconf 91' lang='lat' dir='ltr'><strong>non</strong></span> <span class='ocrx_word' id='word_1_850' title='bbox 1460 3344 1560 3413; x_wconf 81' lang='lat' dir='ltr'><strong>detque</strong></span> <span class='ocrx_word' id='word_1_851' title='bbox 1572 3344 1705 3414; x_wconf 78' lang='lat' dir='ltr'><strong>jubetque</strong></span> <span class='ocrx_word' id='word_1_852' title='bbox 1724 3347 1822 3416; x_wconf 79' lang='lat' dir='ltr'><strong>Deras,-</strong></span> 
     </span>
    </p>
   </div>
   <div class='ocr_carea' id='block_1_4' title="bbox 0 0 2014 6021">
    <p class='ocr_par' dir='ltr' id='par_1_4' title="bbox 0 0 2014 6021">
     <span class='ocr_line' id='line_1_63' title="bbox 0 0 2014 6021; baseline 0 0"><span class='ocrx_word' id='word_1_853' title='bbox 0 0 2014 6021; x_wconf 95' lang='lat' dir='ltr'><strong> </strong></span> 
     </span>
    </p>
   </div>
  </div>
 </body>
</html>
