4020 6022
216 298 277 358 214
797 286 919 345 Locus
935 285 1139 345 wensinus
1157 288 1327 354 QUINTUS

216 447 354 515 9611611616
372 454 400 500 st
410 446 553 509 6111611616
571 444 705 509 consistit,
725 424 918 499 descendimus
931 441 1049 497 adelisa
1079 460 1230 497 66666666
1255 452 1280 498 et
1292 461 1348 515 per
1365 448 1604 511 confirmationem
1623 446 1815 517 perfectiores
1834 444 1918 499 tisri-

219 531 435 605 propinquitatis
447 532 560 602 specics.
595 530 722 584 Diximus
741 530 876 600 superius,
893 526 1053 601 propinqui·
1078 530 1166 583 atiani
1181 533 1345 587 reddamur.
1386 533 1427 589 Ut
1453 548 1520 603 ergo
1539 549 1590 603 per
1608 532 1764 587 naturalem
1785 530 1917 587 nativita-

218 625 304 674 tatem
328 622 469 673 honestam
493 624 520 670 et
542 616 747 679 uoluntariam,
773 632 845 687 quae
870 620 913 670 cst
935 614 1054 669 6116ιί66
1078 621 1134 670 tom
1153 616 1288 671 naturalis
1305 618 1435 689 cognatio
1454 617 1593 686 nascitur,
1612 620 1653 673 sie
1672 636 1722 690 per
1740 618 1917 689 spiritualem

219 708 425 776 pmerisquarn
439 702 654 766 matrimonialis,
671 718 731 757 csse
756 702 908 773 duplicem,
932 706 955 756 1.
968 700 1053 769 apiri-
1080 702 1253 758 nafivitatem
1279 704 1449 775 spiritualem
1476 706 1668 777 cognationem
1691 703 1830 759 introduci
1861 710 1917 758 sta·

220 793 324 845 tuatem
353 788 461 845 66111661
491 798 517 843 61
549 790 781 855 scommaticum
821 792 848 845 2.
877 788 997 858 legalem
1028 794 1053 839 61
1080 794 1170 846 tuunt.
1202 789 1382 845 contrahitur
1400 796 1493 847 6616ιιι
1505 789 1575 847 haec
1591 792 1720 862 cognatio
1736 793 1801 862 jure
1821 789 1918 844 decre-

217 879 373 951 politicum.
417 875 576 948 Spiritnalis
603 881 631 929 et
655 873 842 930 ecclesiastiea
858 873 1052 945 propinquitas
1079 873 1176 929 talium
1195 875 1267 930 inter
1287 878 1454 946 baptizatum
1473 878 1612 946 stillim,
1638 880 1689 947 qui
1705 894 1767 931 6666
1780 877 1919 946 taptnmo
2003 914 2008 935 ι

220 972 263 1021 est
297 966 341 1019 vel
375 964 526 1017 eommunis
556 962 678 1017 omnium
711 978 776 1016 vere
803 960 912 1031 piorum
938 977 973 1015 ex
997 975 1053 1013 uuo
1079 963 1918 1035 66666611,66616666666161661166166661666616166116

220 1051 371 1121 eodemque
382 1050 436 1117 Dei
448 1048 534 1104 verbo
547 1053 575 1103 et
586 1048 747 1103 initiationis
762 1053 933 1101 sacramento
947 1044 1055 1116 regcui·
1074 1048 1154 1114 filios
1174 1057 1200 1103 et
1217 1067 1331 1103 usonem
1349 1060 1413 1104 6616
1428 1052 1631 1121 conceptionem
1648 1052 1804 1106 carnaliter
1822 1051 1917 1120 copiti·

220 1143 323 1205 torum3
359 1135 404 1191 vel
437 1136 572 1205 6616616116
605 1134 677 1189 inter
708 1138 852 1204 susceptos
881 1150 913 1187 cx
944 1132 1137 1187 lavacro-tam
1154 1135 1308 1201 abeodem,
1329 1138 1385 1192 imo
1406 1138 1917 1208 ctiamintersuscipientempatram·

221 1221 351 1293 baptismi
368 1226 396 1277 et
415 1227 596 1290 susceptores,
615 1220 772 1288 inteream,
792 1219 839 1290 qui
852 1225 1054 1272 sacramentum
1080 1236 1132 1289 666
1150 1222 1286 1290 baptisati
1304 1230 1329 1275 et
1347 1231 1472 1290 matrem,
1490 1222 1558 1295 quin
1572 1230 1601 1279 et
1612 1240 1685 1295 quae
1696 1225 1731 1279 de
1745 1222 1918 1293 suscipiente

220 1307 435 1363 confirmationis
454 1308 574 1375 confert,
605 1314 633 1360 et
658 1322 736 1371 eum,
761 1305 808 1376 qui
835 1304 904 1357 illud
929 1302 1054 1372 suscipit,
1080 1306 1220 1375 dicuntur,
1238 1309 1336 1364 cadem
1353 1309 1557 1364 transferuntur
1575 1310 1648 1365 etad
1668 1310 1867 1381 baptizantem,
1884 1326 1918 1367 oo

221 1394 346 1465 adeoque
376 1393 458 1449 ctiam
482 1393 553 1447 inter
576 1398 661 1447 testes
685 1390 783 1446 horum
812 1395 1053 1445 tornamentorum.
1081 1393 1177 1448 hsdcm
1208 1394 1320 1448 omnino
1346 1395 1434 1449 modis
1469 1413 1501 1450 ex
1532 1395 1740 1451 confirmatione
1765 1395 1917 1467 spiritualis

221 1481 344 1536 Priorem
363 1478 577 1551 propinquitatis
595 1478 715 1548 speciem
741 1494 795 1531 non
814 1476 946 1530 inducere
963 1473 1054 1527 matri·
1080 1479 1210 1549 cognatio
1237 1480 1336 1549 oritur,
1367 1498 1390 1535 o.
1411 1481 1513 1535 nodum
1544 1488 1566 1538 l.
1592 1483 1650 1539 eod.
1671 1484 1743 1537 166.
1766 1482 1838 1537 lude
1858 1490 1915 1536 tres

221 1568 307 1622 monii
330 1566 573 1637 impedimentum,
594 1564 670 1636 apud
696 1580 791 1618 omnes
816 1563 844 1616 in
862 1561 988 1617 confesso
1005 1566 1054 1614 est.
1080 1565 1231 1635 spiritualis
1254 1566 1337 1637 hujus
1361 1568 1534 1639 cognationis
1554 1570 1661 1640 species
1678 1575 1821 1638 statuunt,
1845 1586 1916 1622 coat-

226 1662 247 1710 1,
266 1654 387 1722 Aperi.
415 1653 457 1710 Ut
477 1652 550 1705 euim
569 1651 627 1706 rita
645 1649 796 1722 spiritualis
815 1647 952 1703 uontollit
970 1646 1055 1700 vitam
1080 1653 1284 1721 paternitatem,
1298 1655 1499 1723 paternitatem
1511 1655 1768 1722 etfratornitatem.
1798 1654 1916 1726 Compa-

223 1741 370 1795 animalem
389 1756 422 1794 ac
441 1737 604 1808 naturalem,
624 1754 676 1791 nec
690 1753 753 1790 cum
766 1736 861 1791 cadem
880 1741 1002 1805 pugnam
1016 1732 1056 1787 sic
1081 1738 1197 1793 tennitas
1223 1740 1377 1794 attenditur
1401 1741 1472 1796 iuter
1496 1742 1691 1813 suscipientem
1717 1759 1749 1797 ex
1778 1741 1917 1812 baptismo

223 1826 375 1899 spiritualis
392 1825 502 1895 piorum
519 1824 612 1879 unitas
630 1829 659 1879 et
675 1822 868 1894 propinquitas
886 1838 941 1874 non
960 1820 1055 1873 adver·
1081 1832 1266 1896 parentesque
1284 1825 1428 1897 baptisati.
1474 1827 1632 1883 Pateruitas
1656 1828 1830 1883 contrahitur
1847 1828 1918 1881 inter

223 1920 301 1967 satur
319 1912 500 1978 matrimonio,
519 1911 600 1981 cujas
614 1928 680 1964 usus
699 1908 838 1963 advitam
857 1904 1011 1960 naturalem
1029 1910 1055 1959 et
1081 1910 1268 1981 baptizantem
1289 1918 1317 1967 et
1334 1914 1507 1983 baptizatum
1526 1921 1554 1969 et
1567 1915 1639 1971 inter
1656 1914 1854 1985 suscipientem
1874 1914 1917 1969 rel

224 1998 371 2054 animalem
390 2000 506 2068 spectat,
527 2012 578 2051 nce
591 1995 681 2050 eidem
693 1995 751 2049 ulla
762 1993 868 2048 ratione
886 1992 1054 2046 adversatur.
1082 1997 1223 2065 patrinum
1239 2004 1267 2052 et
1281 2007 1448 2069 susceptum.
1476 2000 1828 2056 Fraternitascontrahitur
1844 1999 1917 2055 iuter

225 2094 250 2143 2.
269 2088 295 2140 rt
314 2092 493 2155 consequente
512 2084 643 2136 otsrsrdo.
670 2081 698 2138 Si
717 2098 750 2134 ex
768 2077 904 2151 spirituali
923 2082 951 2132 et
969 2077 1056 2132 eccle·
1082 2082 1153 2138 lilios
1170 2084 1309 2139 naturales
1329 2086 1429 2156 petrini
1442 2086 1659 2157 etbaptizatum
1688 2086 1763 2141 Hinc
1778 2086 1917 2153 versiculi,

224 2171 336 2226 siastioa
361 2168 565 2241 propinquitate
583 2166 811 2237 impedimentum
829 2165 942 2235 aliquod
964 2161 1057 2217 motti·
1084 2170 1132 2242 qui
1145 2176 1254 2227 exstant
1263 2172 1480 2241 apudThomam
1490 2180 1560 2243 part.
1568 2179 1592 2229 3.
1603 2173 1771 2245 supplemq.
1782 2178 1918 2230 5666116

226 2257 310 2312 rnonii
330 2255 454 2324 oriretur,
473 2254 567 2308 nullus
584 2270 649 2308 vere
666 2253 728 2324 pius
748 2260 777 2307 et
793 2252 822 2305 in
842 2250 982 2305 Christum
1000 2265 1057 2303 crc-

227 2346 295 2400 dans
324 2342 456 2398 feminam
486 2358 550 2395 vere
574 2340 649 2411 piam
676 2346 705 2394 et
732 2339 760 2393 in
782 2339 923 2394 Christum
946 2336 1059 2392 creden-

224 2438 281 2487 tem
300 2430 352 2484 sibi
372 2428 475 2484 meiere
493 2433 593 2498 posset,
614 2427 662 2482 sed
674 2427 749 2497 apud
767 2424 893 2480 infideles
909 2424 1058 2493 conjugem

1121 2292 1199 2355 Quae
1217 2293 1287 2345 6111ιί
1303 2293 1347 2345 661
1365 2294 1447 2362 cujus
1469 2302 1565 2347 tratrem
1583 2309 1645 2347 mea
1656 2298 1741 2363 sonte
1760 2294 1872 2363 1666611,
1919 2294 1924 2311 ’

1120 2379 1199 2432 Haec
1219 2397 1280 2432 nica
1299 2386 1448 2432 eomitante-r
1462 2380 1532 2447 riori
1549 2397 1611 2434 meo
1628 2382 1772 2433 66666161
1791 2400 1880 2449 ucorJ

1121 2466 1155 2518 Si
1171 2481 1227 2533 qno
1244 2481 1321 2518 meae
1338 2472 1434 2517 661666
1451 2482 1507 2518 non
1524 2481 1556 2518 66
1573 2482 1616 2519 nte
1633 2467 1714 2529 fonte
1731 2467 1844 2529 1666611,

227 2515 279 2571 sibi
308 2532 441 2587 quaemus
461 2520 620 2585 cogeretur,
645 2514 726 2583 cujus
751 2509 918 2565 contrarium
944 2506 1058 2562 inferius
1120 2551 1204 2603 ΗΜ
1218 2559 1285 2620 pm
1302 2552 1369 2615 fam
1387 2566 1463 2604 mem
1483 2570 1537 2605 mm
1558 2552 1625 2606 inde
1641 2553 1756 2606 wudu!
1774 2553 1886 2609 habere

227 2603 468 2660 demonstrabitur.
506 2601 589 2655 Ratio
612 2599 787 2654 connexionis
806 2601 862 2665 est,
881 2595 947 2667 quis
965 2608 1059 2648 omnes

108 2728 155 2770 xv
168 2724 214 2769 m
227 2706 291 2746 vero
315 2690 354 2760 pii
379 2688 517 2759 spirituali
535 2687 584 2741 illa
602 2686 709 2740 unitate
729 2691 757 2738 et
781 2683 988 2755 propinquitate
1005 2678 1060 2733 sibi
1085 2688 1234 2759 objectum
1265 2688 1438 2760 cognationis
1471 2688 1624 2759 spiritualia
1653 2695 1695 2745 eat
1736 2691 1920 2763 quadruplex

197 2776 344 2852 invicem
358 2781 424 2830 sunt
437 2773 586 2846 oonjuncii.
615 2771 707 2827 Galat.
721 2778 745 2840 3,
764 2789 789 2824 v.
804 2776 851 2826 28.
870 2772 935 2823 Non
955 2777 995 2822 eet
1015 2766 1060 2820 1116
1086 2777 1253 2845 hammelant
1281 2776 1420 2845 &receptio
1452 2791 1485 2829 aa·
1517 2776 1667 2846 bapiitmo,
1698 2779 1875 2844 confirmatio
1895 2788 1920 2832 et

229 2863 371 2917 maenum
398 2878 447 2916 acc
472 2861 594 2929 femina,
623 2875 716 2913 armates
745 2858 819 2911 enim
840 2874 913 2910 aazias
939 2856 1005 2909 estin
1031 2854 1060 2905 ia
1085 2862 1277 2929 annectamus,
1294 2862 1346 2916 hoc
1365 2868 1408 2915 est
1425 2861 1570 2917 instructio
1589 2863 1651 2929 illa,
1669 2880 1741 2931 qnae
1759 2864 1920 2933 baptizandi

229 2948 350 3005 Otrieto.
385 2948 487 3018 Ephes.
506 2954 537 3014 1,
554 2963 580 2999 v.
599 2952 629 3001 t:
651 2946 740 2999 Utrum
759 2962 870 3013 carpto.
889 2961 961 2995 6668
977 2941 1062 3010 timi·
1087 2954 1180 3002 actum
1199 2948 1347 3019 praecedit.
1386 2948 1486 3003 Forma
1505 2948 1678 3005 inducendae
1696 2950 1835 3019 ejusmodi
1855 2967 1919 3022 cog·

228 3045 289 3101 166,
312 3052 370 3089 *616
387 3052 450 3104 ‘W
466 3033 680 3100 100611061111·
700 3038 814 3088 aurun
831 3030 986 3096 DOml'Wt
1004 3046 1060 3080 “¹²⁴1
1087 3034 1206 3089 nationis
1230 3039 1273 3088 est
1302 3034 1452 3104 praestatio
1483 3035 1604 3089 muneris
1632 3034 1809 3106 baptizandi,
1838 3037 1922 3091 susei-

227 3126 312 3187 fides,
341 3139 425 3175 66616
452 3120 604 3189 baalim,
635 3136 660 3171 V·
681 3123 705 3173 t.
735 3135 807 3171 smus
824 3120 905 3170 Dm
931 3124 957 3169 ot
973 3115 1061 3168 Pater
1088 3120 1197 3191 piendi,
1226 3120 1406 3175 confirmandi
1437 3126 1466 3175 et
1493 3120 1647 3175 instruendi
1670 3123 1755 3191 juxta
1788 3123 1923 3179 ecclesiae

228 3212 348 3265 66166ιί161
375 3217 507 3263 eleutrum.
551 3212 577 3259 3.
598 3206 642 3260 Ab
666 3206 807 3275 6666611116.
838 3204 1015 3258 Abrahamus
1034 3208 1062 3255 et
1086 3206 1156 3260 ritus
1174 3207 1210 3261 ab
1229 3207 1270 3275 iis,
1291 3206 1392 3278 quibua
1403 3207 1455 3261 hoc
1466 3205 1655 3271 committitur,
1675 3206 1759 3261 facta.
1796 3208 1921 3264 Effectus

229 3296 304 3361 Sara,
324 3296 435 3349 isaacus
450 3300 478 3348 et
495 3293 624 3347 Rebecca
641 3291 669 3345 in
687 3291 738 3355 11.,
758 3290 906 3346 Zacharias
925 3295 954 3344 et
973 3288 1060 3342 alisa—
1087 3300 1152 3347 snnt
1189 3294 1257 3347 duo:
1289 3294 1372 3364 prior,
1412 3293 1486 3364 quod
1522 3293 1651 3364 cognatio
1684 3294 1837 3364 spiritualis
1873 3314 1923 3366 per

229 3381 314 3436 betha
343 3381 371 3434 in
391 3379 425 3433 N.
442 3379 476 3434 T.
499 3378 601 3448 aliique
623 3378 777 3447 complures
803 3377 916 3431 fuerunt
939 3375 978 3446 pii
996 3392 1059 3429 con·
1089 3380 1256 3450 baptismum
1283 3379 1327 3434 rel
1356 3378 1593 3435 confirmationem
1622 3379 1737 3435 inducta
1765 3381 1838 3436 inter
1861 3382 1922 3437 illas

225 3467 320 3538 juges,
340 3466 388 3521 sed
407 3482 441 3519 cx
458 3464 510 3518 hac
527 3463 631 3533 pietate
651 3468 680 3517 et
698 3462 833 3533 spirituali
851 3479 885 3515 cx
902 3478 936 3515 ea
949 3462 1062 3516 descen·
1089 3482 1231 3536 personas,
1250 3465 1321 3519 inter
1340 3482 1409 3537 quas
1428 3465 1553 3519 contrahi
1575 3465 1649 3520 diota
1669 3472 1719 3531 cst,
1739 3484 1795 3520 non
1815 3474 1922 3523 tantum

229 3553 313 3608 desito
357 3550 564 3623 propinquitate
610 3549 716 3603 nullum
762 3549 893 3620 conjugio
939 3549 1061 3619 ipsorum
1088 3551 1223 3622 impediat
1241 3549 1445 3605 matrimonium
1463 3550 1698 3616 contrahendum,
1723 3553 1923 3608 verumetiam

229 3638 369 3709 objectum
395 3637 449 3692 luit
473 3636 644 3710 ἐμιιόιΐισμιι.
687 3636 742 3689 Sed
768 3636 844 3689 inre
869 3634 1015 3690 manifesta
1034 3642 1062 3690 et
1088 3638 1199 3693 dirimat
1214 3643 1403 3701 contractum
1421 3638 1571 3707 posterior,
1597 3638 1673 3708 quod
1693 3638 1825 3710 cognatio
1842 3640 1922 3709 spiri·

229 3725 266 3781 ab
284 3723 412 3780 omnibus
431 3739 562 3779 concessa
580 3722 707 3793 pluribus
726 3720 942 3775 demonstranda
958 3720 1062 3774 frustra
1087 3724 1171 3780 tualis
1198 3741 1249 3795 per
1287 3723 1484 3779 catechismum
1517 3730 1660 3778 contracta
1693 3741 1749 3778 non
1779 3725 1922 3781 rescindat

228 3812 413 3865 immoramur.
1088 3811 1292 3866 matrimonium
1330 3816 1516 3878 contractum,
1561 3810 1610 3863 scd
1642 3808 1778 3881 impediat
1813 3816 1920 3865 tautum

265 3904 324 3952 665.
351 3891 1062 3963 Posterioreecclesiastieaepropinquitatisspeeie,
1088 3897 1315 3952 contrahendum.
1382 3896 1460 3949 Haec
1496 3895 1588 3949 omnia
1622 3912 1655 3950 ex
1689 3894 1814 3951 taxfibus
1848 3895 1921 3966 juris

231 4002 264 4039 ex
282 3981 395 4054 speciali
413 3987 482 4052 puta
502 3986 638 4035 cenorum
658 3980 830 4050 quorundam
845 3978 1061 4033 Christianorum
1087 3983 1212 4038 canonici
1234 3982 1371 4054 colligunt
1393 3982 1559 4036 Venatorius
1586 3982 1613 4036 in
1633 3980 1740 4053 analya
1760 3982 1833 4053 juris
1854 4000 1921 4053 pon-
1935 3990 2008 4033 6661

229 4068 450 4141 propinquitate,
486 4065 712 4136 impedimentum
744 4066 856 4136 aliquod
896 4063 1062 4118 matrimonii
1087 4068 1152 4125 tific,
1182 4069 1230 4123 lib.
1255 4076 1279 4125 4.
1303 4068 1338 4122 tit
1364 4074 1402 4123 lt.
1437 4066 1563 4122 Caninius
1586 4068 1614 4122 in
1637 4067 1722 4122 instit
1745 4067 1818 4138 juris
1839 4085 1921 4123 cauo·

229 4155 293 4212 oriri
318 4160 432 4209 censent
457 4152 609 4213 Pontifici,
638 4152 712 4223 quod
745 4157 846 4206 vocant
870 4152 1059 4219 crtpnotionem
1087 4154 1142 4208 nici
1164 4154 1209 4208 lib.
1228 4159 1250 4209 t.
1269 4153 1310 4209 tit.
1330 4159 1369 4208 lt.
1384 4154 1562 4209 Lancellotns
1580 4154 1608 4207 in
1621 4155 1683 4208 inst
1701 4154 1774 4223 juris
1795 4156 1921 4209 canonici

229 4242 424 4312 speritnatcm,
453 4240 487 4294 de
505 4256 561 4311 qna
580 4245 689 4293 6661661
706 4238 807 4309 integri
825 4237 899 4291 tituli
921 4237 948 4291 in
969 4238 1061 4293 decre·
1087 4240 1135 4295 lib.
1156 4246 1180 4295 2.
1211 4240 1252 4293 tit.
1280 4246 1321 4296 16.
1350 4238 1376 4310 ti.
1399 4246 1419 4295 l.
1469 4240 1607 4294 Anmnius
1640 4239 1750 4294 Cuchus
1783 4239 1823 4293 lib
1844 4248 1869 4295 3.
1894 4242 1921 4296 in

229 4329 333 4383 talibus
358 4328 406 4383 lib.
427 4335 450 4384 t.
473 4327 516 4382 tit.
540 4331 577 4382 ll.
603 4329 631 4380 et
658 4325 688 4379 in
710 4330 787 4379 sexto
814 4323 862 4379 lib.
882 4330 905 4378 l.
927 4325 969 4378 tit.
985 4330 1009 4379 3.
1028 4341 1061 4378 ac
1088 4325 1172 4381 instit
1198 4326 1271 4395 juris
1295 4325 1419 4381 canonici
1448 4325 1490 4382 tit.
1515 4332 1552 4383 15.
1599 4326 1641 4379 Ex
1660 4324 1712 4380 hoc
1739 4326 1922 4384 fundamento

230 4414 392 4487 pontificum
415 4413 527 4467 decreta
551 4409 707 4466 retornatas
732 4428 807 4465 caus.
826 4416 866 4466 30.
893 4428 919 4481 q.
943 4416 964 4463 l.
990 4416 1019 4464 et
1036 4419 1060 4465 3.
1088 4430 1134 4467 rex
1158 4410 1331 4482 chilpericus
1356 4413 1503 4483 conjugem
1533 4430 1611 4465 suam
1637 4411 1828 4481 andoveram,
1849 4430 1923 4484 quae

229 4496 1063 4574 6666166666616161666666161.1116116166166366·
1088 4503 1151 4554 astu
1176 4498 1282 4569 pellicis
1307 4497 1508 4569 Fredcgondae
1537 4498 1652 4551 inducta
1679 4496 1767 4552 filium
1799 4517 1815 4554 e
1842 4516 1923 4554 sacro

230 4586 344 4645 tionem'
359 4585 546 4657 spiritualem,
575 4584 649 4655 quod
682 4584 719 4638 sit
750 4585 898 4638 attinentia
924 4585 1254 4667 quantumlbaptismate
1272 4590 1446 4653 susceperat,
1474 4583 1645 4653 repudiavit,
1664 4590 1695 4637 ut
1712 4583 1799 4639 refert
1815 4585 1921 4641 1161666-

203 4684 206 4689 ’
228 4675 396 4745 prosternens
415 4689 448 4726 66
465 4672 636 4725 6666666611
656 4672 805 4739 (baptismi
827 4679 852 4724 61
875 4672 1062 4739 confirmatio·
1089 4679 1133 4726 tus
1151 4669 1317 4742 (longuinus
1328 4668 1368 4723 lib
1390 4670 1517 4725 ’1.66661.
1537 4687 1589 4723 rer.
1609 4668 1738 4724 Gallicas.
1758 4686 1783 4725 o.
1804 4678 1826 4725 2.
1839 4672 1860 4728 1.
1883 4678 1922 4729 11.

233 4762 293 4827 rtis)
312 4758 461 4813 collatione
478 4758 522 4811 aet
542 4758 583 4811 ad
598 4766 802 4811 sacratmeatnm
821 4758 985 4812 detentione.
1016 4758 1061 4811 Gl.
1124 4763 1181 4811 366.
1217 4757 1272 4813 Sed
1294 4761 1322 4811 et
1344 4756 1408 4810 huic
1434 4755 1630 4827 impedimento
1649 4772 1699 4825 per
1725 4756 1834 4811 concilii
1862 4758 1923 4813 Tri-

233 4842 1061 4914 166116116616166666666616166.Η6ιιι·16666.111).2.
1091 4844 1196 4898 dentiui
1224 4843 1393 4898 sanctionem
1421 4842 1527 4914 aliquid
1555 4843 1716 4897 detractum.
1750 4841 1823 4897 Illud
1850 4846 1922 4900 enim

233 4930 316 4985 theol.
341 4928 436 4985 moral
459 4945 519 4999 cap.
543 4934 582 4984 11.
606 4930 651 4983 vol
677 4930 751 5000 quod
769 4930 805 4984 sit
823 4930 960 4985 6166661666
979 4946 1013 4983 ee
1032 4946 1063 4982 en
1091 4930 1189 4984 statuit
1205 4946 1271 4983 sess.
1290 4935 1332 4985 21.
1359 4946 1383 4983 o.
1401 4935 1426 4986 2.
1455 4930 1489 4985 do
1508 4929 1616 4985 reform.
1637 4927 1769 4984 matrim..
1801 4930 1835 4983 Ut
1853 4950 1924 4985 senus

234 5026 313 5071 eonh
314 5024 419 5081 661666,
450 5017 516 5068 dum
548 5016 613 5085 6616
647 5016 703 5068 6111
731 5034 828 5069 666666
856 5016 989 5084 baptismi
1021 5012 1198 5071 uolitantum
1217 5016 1273 5068 6166
1292 5017 1344 5079 os'r,
1361 5017 1418 5069 6166
1435 5016 1538 5069 mulier
1562 5016 1644 5083 16616
1668 5032 1817 5069 sacrariam
1841 5034 1924 5072 cano·

234 5101 454 5169 corrrirmuts'onrir
479 5102 630 5170 transendit,
653 5083 1157 5173 666666116ιρ666166616661,16666
1177 5102 1318 5169 instituto,
1341 5103 1384 5157 661
1408 5104 1449 5157 od
1464 5120 1599 5155 summram
1622 5120 1694 5155 nnus
1712 5109 1737 5153 61
1756 5120 1815 5155 666
1835 5104 1925 5175 bapti·

236 5199 370 5256 tanquam
385 5194 471 5253 pater
487 5190 606 5243 arlatitit.
643 5188 755 5243 Dictum
779 5203 839 5243 esse
857 5187 953 5241 volunt
972 5203 1005 5239 er
1023 5202 1079 5253 eo,
1077 5190 1182 5241 ’661666
1201 5190 1236 5241 dc
1254 5189 1390 5258 besptismo
1410 5190 1581 5257 suscipiant,
1599 5189 1673 5242 inter
1691 5204 1761 5256 quos
1778 5205 1814 5242 ae
1832 5190 1924 5260 bapti·

235 5272 311 5346 quod
346 5272 525 5327 contrahatur
560 5274 671 5328 ratione
708 5281 958 5339 sacramentorum,
994 5276 1181 5342 quaessaetnm
1199 5277 1290 5342 ipsum
1317 5283 1342 5328 61
1368 5274 1448 5327 itlius
1462 5281 1576 5342 patrem
1599 5282 1625 5325 ct
1643 5282 1775 5341 61616666,
1801 5291 1852 5327 nec
1870 5292 1924 5329 noa

236 5357 392 5430 spiritualia
410 5363 482 5419 sunt,
501 5376 555 5411 ιιιιιι
577 5359 687 5428 quidem
712 5358 850 5427 omnium,
868 5359 917 5414 sed
937 5359 1068 5428 temti-imi
1091 5359 1165 5413 inter
1178 5361 1362 5429 baptizantem
1379 5368 1404 5412 et
1420 5360 1589 5429 baptr'zutum
1615 5359 1802 5429 baptismique
1815 5370 1925 5433 patrem

235 5452 264 5501 et
282 5445 503 5513 confirmationis
531 5461 555 5499 o.
588 5444 720 5507 Quamvis
744 5445 805 5501 eod.
828 5446 908 5515 cujus
933 5444 1081 5499 rationem
1079 5464 1127 5499 66
1154 5455 1270 5501 matrem
1296 5454 1402 5499 166666
1424 5444 1587 5514 spiritualis
1617 5445 1747 5512 cognatio
1775 5448 1924 5501 666166116-

236 5530 357 5587 redduut
374 5547 450 5596 eam,
475 5531 552 5598 quod
565 5546 618 5599 per
636 5531 803 5599 baptismum
819 5532 1007 5599 spiritrmtiter
1024 5549 1067 5585 re·
1092 5539 1146 5585 tur.
1181 5531 1219 5587 Et
1236 5536 1345 5601 postea.
1367 5534 1413 5585 ls'n
1430 5532 1698 5600 66666666666116,
1721 5549 1923 5600 666666666-
