4020 6022
211 193 272 253 450
794 181 919 242 Locus
934 180 1142 242 vlcusmus
1159 181 1329 250 QUINTUS

211 346 236 398 6.
255 339 330 398 Num
350 354 416 395 vero
428 336 492 394 illos
504 338 586 408 solos,
605 337 653 410 qui
668 338 831 412 religionem
844 338 1048 412 ingrediuntur,
1075 339 1185 393 8888811
1211 341 1305 404 Deus,
1334 339 1377 394 ita
1404 335 1531 395 88818181.
1583 338 1781 410 Unusquisque
1802 338 1837 393 iss
1864 355 1920 408 qua

210 427 264 483 hoc
300 432 344 483 est
383 425 565 482 monasticam
593 425 772 496 profitentur,
809 428 850 480 ad
884 426 1049 495 spirituales
1076 424 1221 480 vocatione
1238 428 1355 480 uocatus
1373 434 1423 494 est,
1439 433 1559 480 maneat
1600 426 1797 495 Unusquisque
1816 426 1849 479 iss
1866 441 1920 494 quo

212 515 327 585 nuptias
346 512 601 568 888881118888881
626 531 693 567 num
712 513 823 568 abillis
849 512 953 568 exclusi
971 517 1051 568 erunt
1075 518 1191 565 vocatus
1216 519 1270 577 est,
1287 512 1318 565 in
1345 512 1396 566 188
1420 521 1534 567 maneat
1558 515 1639 585 apud
1663 515 1768 569 Deum.
1817 511 1920 582 Atqui

210 598 376 671 conjugati?
407 617 473 653 num
501 598 553 654 soli
578 597 697 654 coelibes
725 606 791 654 sunt
810 598 912 655 Christi
930 598 1050 669 sponsa?
1077 595 1281 652 matrimonium
1301 604 1393 653 ratum
1409 598 1555 665 contraxit,
1586 615 1605 653 a
1622 597 1683 654 Deo
1700 597 1739 654 ad
1756 597 1920 669 conjuginm

211 703 278 741 num
311 684 465 756 spiritualis
495 683 674 756 desponsatio
708 684 850 755 perficitur
886 684 1051 740 monastices
1077 688 1199 740 vocatus.
1244 683 1320 756 Ergo
1346 684 1375 738 in
1406 685 1551 740 vocatione
1579 685 1628 740 illa
1654 689 1777 741 maneat.
1830 682 1977 745 8188118

211 770 390 843 professione,
428 787 484 825 non
521 776 615 826 autem
654 788 721 827 8888
757 771 785 825 18
805 770 945 826 Christum
973 768 1051 826 fidei
1077 769 1234 824 testimonio
1246 779 1372 840 patrum.
1409 771 1595 827 Bellarminus
1612 787 1648 826 88
1667 771 1785 826 unicum
1807 770 1919 843 quidem
1930 739 1986 838 1111

212 841 319 933 1111119
342 839 456 932 ³2³5.ss-
1078 871 1111 909 88
1122 855 1262 911 veteribus
1276 857 1410 913 ecclcsiae
1423 857 1582 913 doctoribus
1592 857 1707 913 adducit
1718 856 1920 926 testimonium,
1930 845 1978 880 ω’

246 950 304 1001 615.
339 944 390 996 Ad
398 944 586 1013 posteriorem
599 942 791 1013 exceptionem
802 940 873 997 haec
884 941 1051 1014 regerimus:
1076 939 1201 996 facturus
1238 942 1352 1014 utique,
1387 942 1411 997 si
1456 942 1562 1013 aliquid
1604 943 1730 1000 invenire
1772 944 1919 1015 potuisset

214 1039 237 1089 1.
256 1030 299 1085 Ex
319 1029 559 1085 consummatione
588 1027 755 1082 matrimonii
786 1028 840 1082 rati
871 1028 979 1083 nullum
1009 1043 1051 1082 se·
1081 1025 1221 1095 Urgemus
1261 1033 1354 1083 autem
1391 1033 1489 1083 contra
1518 1029 1720 1084 Bellarminum
1759 1030 1834 1086 duas
1861 1030 1919 1084 illas

212 1118 307 1191 quitur
331 1118 398 1172 boni
426 1115 579 1186 spiritualis
609 1115 817 1181 detrimentum,
849 1131 912 1169 cum
939 1114 967 1168 iu
985 1131 1050 1170 con·
1082 1112 1265 1183 hypotheses,
1291 1132 1361 1186 quas
1388 1132 1491 1187 negare
1509 1116 1587 1171 nulla
1605 1116 1732 1171 88818118
1751 1115 1849 1187 specie
1863 1122 1919 1186 pot·

209 1205 290 1277 jugio
315 1203 399 1258 etiam
426 1202 462 1257 sit
486 1218 552 1257 vera
574 1207 602 1256 et
619 1200 680 1256 Deo
703 1206 785 1271 grata
809 1200 931 1255 castitas.
981 1206 1005 1255 2.
1023 1200 1052 1257 si
1084 1204 1133 1253 est.
1176 1200 1256 1254 Prior
1288 1200 1357 1256 haec
1387 1207 1443 1256 est:
1479 1200 1579 1257 Patres
1615 1203 1756 1257 communi
1786 1202 1920 1274 suffragio

212 1290 417 1346 matrimonium
436 1294 657 1343 consummatum
677 1304 739 1341 cum
758 1286 924 1341 detrimento
942 1285 1053 1357 spiritu·
1081 1285 1196 1353 docent,
1222 1289 1355 1357 coujuqes
1376 1306 1432 1341 non
1453 1289 1511 1341 ussi
1529 1305 1561 1342 88
1585 1296 1680 1342 mutuo
1700 1307 1842 1343 consensu
1859 1308 1918 1344 con-

212 1376 264 1432 alis
283 1375 350 1431 boni
368 1392 482 1446 semper
497 1381 540 1429 est
557 1374 746 1444 conjunctum,
765 1389 936 1443 consequens
960 1371 1053 1440 fuerit,
1078 1373 1225 1427 tinentiam
1242 1390 1340 1428 vovere
1357 1391 1449 1443 posse,
1497 1373 1618 1428 Basilius
1638 1374 1667 1428 in
1686 1392 1733 1446 qq.
1754 1374 1819 1429 fuse
1837 1376 1918 1446 expli·

159 1472 162 1478 ’
212 1462 418 1518 matrimonium
449 1477 510 1516 esse
533 1460 563 1514 in
588 1477 618 1515 se
636 1476 669 1514 ac
690 1475 740 1530 988
758 1476 788 1513 se
806 1457 969 1531 ἐμπόδισμα
995 1457 1053 1528 pie·
1080 1458 1150 1513 catis
1170 1477 1198 1531 q.
1219 1465 1258 1515 12.
1278 1459 1467 1531 Hieronymus
1485 1461 1567 1531 epist.
1588 1466 1628 1516 14.
1646 1461 1684 1516 ad
1695 1461 1804 1517 Celent
1825 1462 1919 1533 Augu·

213 1550 279 1606 tatis
316 1556 346 1604 et
378 1548 527 1615 virtutum,
559 1546 638 1617 atqui
674 1544 843 1600 contrarium
881 1543 1052 1600 ostendimus
1080 1545 1169 1599 811888
1193 1545 1274 1617 epist.
1303 1553 1361 1602 199.
1387 1547 1423 1601 ad
1446 1546 1572 1602 Ediciam
1598 1553 1626 1603 et
1650 1547 1732 1618 epist.
1752 1554 1795 1604 11.
1814 1549 1852 1603 ad
1868 1549 1919 1602 Ar·

213 1635 341 1708 superius
369 1635 399 1688 in
428 1633 590 1706 quaestione
613 1631 648 1687 18
671 1630 819 1686 coelibatu.
868 1636 894 1688 1.
918 1630 959 1686 111
975 1629 1052 1685 aliud
1080 1639 1161 1688 ment.
1191 1639 1220 1687 81
1237 1632 1318 1689 Ρ881.
1337 1632 1489 1705 Gregorius
1519 1633 1537 1692 l.
1565 1639 1588 1688 9.
1614 1650 1657 1705 89.
1681 1640 1723 1689 39.
1746 1635 1782 1688 ad
1808 1634 1920 1691 Theoti·

213 1728 256 1778 est
283 1720 509 1783 1888818118,
537 1717 614 1774 aliud
644 1724 713 1782 8881,
743 1718 782 1771 ita
804 1719 920 1789 'quoque
948 1716 1051 1771 bonum
1079 1726 1150 1773 stam
1181 1725 1232 1775 ete.
1288 1719 1429 1775 Posterior
1457 1720 1527 1775 haec
1562 1727 1617 1777 est:
1655 1722 1831 1791 Gonjuqium
1865 1741 1919 1777 uon

212 1806 326 1880 aliquod
353 1807 514 1862 aestimatur
541 1805 631 1876 majus
658 1820 692 1859 ac
721 1804 819 1858 melius
851 1802 896 1857 881
915 1802 1051 1870 absolute,
1078 1806 1196 1874 copula,
1223 1808 1275 1860 sed
1293 1823 1440 1860 consensus
1458 1808 1541 1870 facit,
1594 1806 1760 1862 Ambrosius
1778 1808 1818 1862 de
1836 1807 1918 1862 instit.

213 1894 258 1950 881
275 1894 374 1948 relate.
407 1890 560 1964 virginalis
579 1891 750 1947 continentie
767 1889 894 1945 absolute
912 1896 941 1942 et
958 1886 1053 1949 181818
1079 1891 1236 1962 virgati.
1258 1891 1472 1964 Chrysostomus
1490 1893 1564 1949 hom.
1586 1895 1674 1950 1618
1699 1892 1919 1966 Matth.'Augu-

211 1983 240 2037 in
271 1981 395 2051 personis
427 1978 534 2034 idoneis
560 1984 604 2033 est
633 1979 723 2049 majus
751 1994 784 2032 ac
812 1976 910 2032 melius
946 1975 1051 2031 bonum
1080 1977 1169 2032 atinus
1201 1977 1249 2032 lib.
1276 1985 1296 2034 1.
1322 1979 1356 2034 de
1381 1987 1459 2051 nupt
1484 1986 1512 2034 81
1537 1996 1655 2051 888889.
1682 1997 1706 2035 a
1736 1987 1776 2037 11.
1796 1981 1919 2036 Isidorus

216 2084 300 2140 quam
330 2065 504 2122 continentia
536 2064 708 2136 conjugalis,
728 2064 777 2120 sed
809 2063 858 2132 illi,
889 2062 938 2133 qui
966 2060 1050 2116 fidem
1078 2064 1126 2120 lib.
1157 2072 1182 2121 9.
1213 2071 1297 2136 etym.
1324 2083 1347 2119 c.
1371 2072 1394 2120 1.
1420 2073 1471 2121 etc.
1491 2082 1525 2120 88
1543 2084 1598 2138 (988
1618 2066 1731 2122 18888818
1754 2067 1919 2140 colligimus,

216 2154 449 2209 matrimonialem
467 2152 547 2207 alteri
578 2151 656 2206 dedit
682 2158 710 2207 et
733 2152 763 2205 18
789 2147 962 2205 matrimonio
989 2154 1050 2202 rato
1079 2152 1154 2223 quod
1174 2152 1259 2221 juxta
1286 2151 1392 2223 piorum
1418 2158 1542 2207 veterum
1559 2154 1725 2208 seutentiam
1743 2162 1810 2225 post
1828 2156 1919 2209 matri·

212 2241 289 2310 vivit,
311 2258 367 2294 non
386 2244 429 2293 est
445 2238 535 2309 majus
552 2255 585 2292 ac
603 2238 700 2293 melius
720 2239 823 2293 bonum
836 2236 902 2308 quia
914 2235 950 2289 ad
967 2233 1049 2290 fidem
1079 2238 1200 2293 monium
1226 2255 1361 2293 consensu
1385 2238 1553 2293 ratificatum
1579 2256 1634 2293 non
1653 2239 1743 2310 possit
1765 2240 1841 2296 alter
1856 2259 1919 2297 con·

218 2326 383 2382 servandam
407 2325 469 2396 lege
497 2323 592 2378 divina
611 2324 793 2394 adstringitru
820 2330 848 2378 81
866 2320 1050 2376 indissolubili
1075 2327 1175 2396 Jugum
1213 2324 1319 2394 absque
1360 2324 1474 2378 alterius
1523 2341 1659 2381 consensu
1714 2327 1916 2382 continentiam

217 2411 384 2467 matrimonii
402 2409 515 2464 vinculo
530 2409 657 2479 jamdum
671 2409 911 2480 alteriobligatur.
949 2415 973 2463 1.
992 2407 1049 2462 Ad·
1078 2426 1186 2465 vovere.
1232 2409 1413 2465 Memorabile
1437 2416 1480 2464 est
1506 2410 1576 2465 illud
1594 2410 1724 2483 Gregorii
1749 2412 1919 2468 811188811-

162 2514 168 2526 ·
217 2498 273 2553 huc
293 2498 322 2552 in
337 2496 499 2569 quaestione
518 2500 571 2562 est,
591 2512 626 2549 an
645 2496 673 2548 in
685 2495 856 2566 professione
876 2493 1049 2557 monastices,
1078 2502 1149 2549 stam
1175 2494 1293 2551 relatum
1319 2513 1336 2550 8
1361 2495 1496 2551 Gratiano
1525 2496 1617 2566 injus
1637 2497 1762 2554 8888818.
1785 2516 1810 2552 8.
1850 2498 1920 2557 Sunt

211 2584 303 2657 qualis
322 2582 406 2637 hodie
425 2586 477 2650 est,
497 2581 588 2651 majus
598 2581 702 2637 bonum
714 2580 857 2650 spirituale
889 2579 1050 2651 acquiratur
1078 2582 1127 2654 qui
1146 2587 1254 2637 81821.
1273 2600 1299 2653 q.
1320 2587 1351 2637 2:
1372 2583 1443 2636 Sunt
1461 2583 1801 2653 9818118881,881198’888’8
1824 2588 1919 2654 988118

213 2688 297 2742 quam
316 2686 367 2741 per
383 2667 647 2723 consummationem
667 2666 791 2737 conjugii
808 2666 869 2734 rati,
887 2666 1049 2738 pracsertim
1077 2670 1212 2738 conjuqia
1237 2670 1336 2722 (181888
1362 2668 1494 2734 dissolu,
1523 2686 1618 2723 oerum
1643 2672 1788 2724 sciendum
1808 2680 1864 2737 est,
1893 2676 1920 2727 si

212 2757 248 2812 ab
273 2756 343 2824 11118,
373 2755 422 2827 qui
448 2753 635 2809 continentiae
654 2754 727 2808 dono
746 2768 807 2808 sese
829 2751 976 2809 instructos
994 2770 1049 2809 non
1077 2757 1128 2811 hoc
1151 2757 1195 2810 lea
1219 2756 1343 2809 humana
1366 2756 1513 2821 concessit,
1544 2757 1590 2810 188
1616 2764 1706 2809 tamen
1732 2758 1836 2814 (licina
1851 2778 1918 2830 pro

211 2860 272 2898 esse
311 2841 371 2912 ipso
417 2839 585 2895 matrimonii
629 2845 773 2895 contractu
818 2839 1048 2895 demonstrarunt.
1076 2842 1173 2911 1811811,
1185 2859 1241 2911 per
1258 2858 1287 2894 se
1308 2841 1380 2895 euim
1398 2842 1502 2895 8881188
1521 2842 1604 2895 dicit:
1658 2843 1731 2904 stos
1752 2846 1837 2900 Deus
1856 2864 1918 2900 con.

212 2938 235 2987 5.
256 2929 371 2983 Falsum
400 2931 460 2994 est,
491 2927 701 2981 matrimonium
730 2934 824 2981 ratum
847 2927 967 2981 dissolvi
990 2928 1049 2980 sine
1071 2929 1177 2998 junxit,
1199 2928 1279 2981 homo
1297 2946 1354 2982 nan
1373 2936 1494 2998 separet,
1510 2928 1560 2996 qui
1576 2928 1661 2981 etiam
1677 2931 1732 2983 ait:
1762 2933 1834 2984 Non
1854 2933 1918 2986 licet

213 3016 274 3070 ulio
294 3014 461 3067 detrimento
479 3013 600 3067 alterius
618 3012 755 3083 conjuqis,
775 3012 842 3084 quia
862 3012 978 3084 insignis
996 3030 1047 3083 per
1077 3014 1216 3079 dimittere
1230 3031 1345 3068 acorem
1366 3020 1481 3082 eccepto
1498 3031 1587 3067 causa
1604 3016 1829 3083 fornicationem
1856 3019 1919 3088 quis

214 3099 281 3155 fidei
298 3099 476 3154 violationem
505 3099 560 3170 ipsi
577 3099 697 3156 infertur
722 3099 826 3170 injuria
845 3104 874 3154 81
890 3098 1050 3170 ignominia,
1077 3117 1144 3170 8898
1169 3101 1254 3169 hujus
1280 3101 1371 3155 latori
1394 3101 1467 3171 lepis
1483 3103 1685 3156 contradicat!
1734 3106 1759 3156 6.
1788 3105 1840 3158 Ε8
1857 3105 1986 3170 881-11111

213 3187 339 3258 adeoque
361 3186 415 3240 nisi
445 3186 631 3241 continentiae
658 3186 731 3241 dono
757 3185 909 3240 instructus
938 3184 987 3251 sit,
1021 3184 1048 3238 in
1077 3186 1176 3255 fraqio
1194 3187 1436 3244 adversariorum.
1475 3187 1607 3241 Erasmus
1625 3187 1653 3241 in
1673 3205 1736 3243 ann.
1758 3194 1780 3244 1.
1809 3189 1873 3245 Cor.
1894 3158 1986 3249 11111

212 3272 367 3345 periculum
406 3271 522 3326 ustionis
561 3276 589 3325 et
624 3271 800 3326 scortationis
840 3273 1047 3342 praecipitatur.
1076 3278 1197 3326 nostram
1224 3272 1326 3344 probat
1351 3271 1531 3340 sententiam,
1562 3272 1591 3326 in
1619 3274 1737 3328 eandem
1761 3263 1986 3347 propendet¹¹⁰‘'

213 3364 237 3415 6.
256 3359 371 3413 Possem
402 3376 434 3414 88
466 3357 563 3413 eodem
590 3357 726 3429 principio
753 3358 932 3428 concludere,
965 3359 1049 3414 etiam
1075 3358 1173 3415 Claud.
1191 3357 1369 3428 Espencaeus
1387 3358 1435 3412 lib.
1457 3364 1480 3414 6.
1501 3359 1536 3415 18
1556 3359 1705 3415 continent
1724 3379 1748 3416 c.
1767 3368 1794 3416 4.

212 3449 433 3500 consummatum
445 3444 606 3515 conjugium
619 3461 670 3514 per
679 3443 834 3516 ingressum
847 3444 876 3499 iu
889 3445 1049 3517 religionem
1111 3451 1170 3500 611.
1204 3445 1312 3510 Restat,
1332 3451 1364 3499 ut
1381 3444 1544 3499 Bellarmiui
1554 3454 1721 3515 8898888818
1733 3448 1920 3516 excutiamus,
1934 3451 1986 3501 ersa

212 3531 297 3595 solvi,
327 3531 466 3600 quianon
489 3534 599 3584 tenetur
616 3531 716 3600 conjux
739 3529 776 3585 ad
790 3531 952 3586 solvendum
978 3533 1049 3602 ejus·
1077 3548 1109 3586 ea
1132 3548 1198 3585 8888
1223 3548 1278 3585 888
1302 3531 1438 3587 88881881
1461 3548 1605 3587 numerum
1629 3533 1781 3588 ternarium
1807 3553 1861 3591 nec
1886 3555 1919 3592 88
1933 3509 1986 3594 hohi

212 3617 287 3672 modi
312 3616 436 3671 debitum
462 3633 525 3670 cum
544 3616 710 3671 detrimento
735 3616 800 3670 boni
826 3616 1048 3686 spiritualium,
1078 3617 1231 3689 Scriptura,
1263 3635 1314 3672 nec
1341 3635 1374 3672 ex
1397 3617 1479 3672 dictis
1504 3625 1614 3689 patrum
1645 3619 1735 3689 petita
1757 3628 1839 3687 sunt,
1869 3608 1986 3706 scdffi'l

213 3703 325 3775 quando
349 3702 378 3755 id
402 3708 495 3772 981881
512 3701 572 3756 fieri
591 3702 650 3757 sine
669 3703 725 3758 ullo
750 3703 915 3759 detrimento
935 3704 1047 3758 alterius
1077 3704 1196 3775 primum
1215 3702 1371 3759 desumitur
1389 3722 1422 3759 es
1440 3705 1604 3759 testimoniis
1624 3706 1772 3775 eecksiae,
1802 3707 1858 3762 hoc
1876 3693 1986 3763 asturus

212 3789 349 3861 conjugis.
400 3789 465 3844 Jam
491 3806 556 3844 8888
587 3806 620 3843 88
647 3789 795 3861 hypothesi
819 3789 981 3846 Bellarmiui
1007 3798 1049 3846 est
1078 3790 1263 3846 Romanorum
1281 3789 1443 3861 pontificum
1462 3807 1486 3847 c.
1523 3791 1565 3844 Ex
1590 3792 1702 3861 publico
1727 3810 1751 3847 8.
1782 3811 1818 3848 88
1838 3771 1986 3865 9881821119.

214 3877 304 3946 majus
329 3875 433 3929 bonum
459 3874 618 3945 spirituale,
649 3876 761 3947 quando
789 3878 923 3948 conjuges
949 3885 1050 3932 888881
1078 3886 1125 3931 188
1147 3895 1171 3931 8.
1203 3878 1308 3932 Verum
1335 3877 1370 3932 de
1392 3894 1517 3931 convers.
1544 3879 1715 3949 conjugatos.
1735 3895 1758 3934 c.
1788 3879 1919 3952 Despon-

86 3968 377 4034 xv1.us·.nperpetuam
396 3961 604 4031 continentiam,
626 3979 678 4016 nec
695 3962 765 4016 ulter
785 3962 819 4018 de
838 3962 938 4018 damno
957 3968 1050 4034 potest
1077 3970 1166 4018 satam
1197 3969 1239 4020 21.
1267 3982 1293 4035 (9.
1319 3971 1340 4020 2,
1366 3970 1394 4019 81
1417 3963 1478 4018 aliis
1501 3964 1568 4019 ibid.
1592 3965 1719 4020 canonib.
1747 3966 1918 4036 8981118888-

214 4047 360 4121 conqueri,
396 4046 463 4119 quia
493 4047 624 4118 precibus
655 4064 672 4102 a
703 4047 764 4103 Deo
793 4049 919 4106 obtinere
957 4055 1050 4122 potest
1077 4051 1160 4104 cessit
1185 4068 1261 4105 conc.
1285 4050 1444 4106 Τ811.8888.
1466 4056 1507 4107 24.
1526 4067 1586 4105 888.
1613 4057 1637 4106 6.
1685 4050 1916 4122 Respondemus:

213 4135 330 4190 eandem
349 4133 555 4189 continentiam.
1079 4141 1102 4192 1.
1121 4138 1167 4190 Es
1185 4137 1247 4190 8818
1266 4137 1386 4190 Donsini
1404 4138 1487 4192 serbo
1505 4138 1647 4210 sapientia
1664 4155 1742 4193 uera.
1789 4138 1918 4197 Ecclesia

251 4227 310 4276 616.
346 4220 443 4290 Atque
474 4219 543 4274 haec
572 4225 638 4273 sunt
668 4220 724 4273 duo
752 4221 861 4290 potiora
896 4223 1050 4278 sententiae
1076 4222 1112 4277 81
1139 4239 1234 4277 vocem
1264 4222 1357 4292 sponsi
1386 4222 1414 4276 in
1434 4222 1582 4292 Scripturis
1609 4228 1754 4278 sonantem
1782 4231 1828 4281 est
1854 4226 1915 4279 alli·

44 4324 54 4339 *
85 4322 106 4365 1.
121 4323 155 4364 ux
215 4313 325 4364 nostrae
357 4313 535 4376 argumenta,
565 4306 666 4379 quibus
695 4306 824 4362 addimus
855 4314 878 4363 3.
913 4326 946 4362 es
976 4318 1050 4363 metu
1077 4314 1150 4380 gata.
1204 4313 1228 4364 2.
1256 4308 1450 4363 Recentiorum
1475 4308 1584 4362 illorum
1612 4307 1777 4379 pontificum
1802 4312 1915 4367 decreta

86 4380 201 4467 331911
211 4394 343 4465 periculi.
382 4392 438 4455 Qui
455 4394 570 4447 dimittit
589 4411 704 4447 uxorem
721 4412 802 4446 suam
828 4403 941 4463 8888918
956 4397 1049 4459 sarni·
1077 4395 1148 4447 hanc
1178 4393 1335 4464 opinionem
1368 4394 1456 4466 magis
1489 4399 1645 4465 suspectam
1676 4395 1800 4452 reddunt
1831 4415 1914 4469 quam

214 4481 335 4535 cationis
352 4499 449 4549 causa,
461 4480 542 4548 jacit
562 4497 623 4533 eam
639 4472 794 4549 moechari,
813 4479 905 4552 inquit
923 4479 1049 4536 Christus
1076 4482 1230 4553 probatam.
1282 4487 1304 4536 3.
1329 4481 1446 4535 Concilii
1471 4480 1628 4555 'lhidentini
1655 4481 1733 4536 nullu
1758 4486 1837 4554 apud
1865 4503 1913 4540 nos

213 4567 312 4622 Matth.
334 4573 357 4632 5,
375 4584 401 4620 8.
418 4571 459 4622 31.
480 4583 504 4619 8.
529 4570 567 4631 19,
585 4584 610 4620 8.
631 4571 655 4620 9.
712 4565 801 4637 Atqui
826 4566 891 4635 8181,
921 4567 1050 4639 89819881
1076 4568 1235 4636 auctoritas,
1258 4567 1292 4621 18
1311 4584 1367 4639 (988
1387 4567 1415 4621 18
1435 4573 1514 4622 tract.
1536 4567 1571 4623 de
1586 4568 1708 4637 magistr.
1732 4565 1759 4642 ἓ.
1779 4576 1840 4627 202.
1858 4572 1913 4627 late
1925 4558 1986 4610 mi

216 4652 421 4708 matrimonium
440 4658 530 4706 ratum
548 4651 743 4723 ingrediuntur
760 4653 969 4722 monasterium,
990 4653 1049 4710 sine
1076 4652 1190 4724 egimus.
1217 4660 1241 4709 1.
1257 4652 1336 4717 Quod
1351 4653 1536 4708 Bellarmiuus
1550 4654 1636 4725 addit,
1650 4662 1758 4708 rectam
1771 4659 1913 4712 rationem

213 4755 299 4794 causa
328 4738 517 4794 fornicationis
548 4755 648 4794 uxores
678 4754 742 4793 suas
775 4739 936 4805 dimittunt,
973 4742 1046 4813 quod
1077 4740 1621 4809 (1888889811888888188818888888181
1649 4743 1754 4795 8888118
1769 4745 1913 4813 pontifici.

212 4827 303 4898 ipsum
319 4825 402 4880 811888
422 4827 457 4881 18
477 4825 608 4880 uxoribus
620 4825 816 4880 monasterium
828 4825 1048 4899 ingredientibus
1075 4827 1123 4878 188
1142 4835 1169 4879 81
1186 4827 1238 4880 uni
1256 4826 1385 4894 98888811
1411 4827 1531 4881 concilio
1557 4845 1642 4896 98888
1660 4828 1788 4896 simplici
1804 4830 1912 4894 inficia-

211 4912 448 4986 intelligendum„
474 4912 551 4984 Ergo
568 4911 760 4968 fornicatiouis
779 4912 902 4984 periculo
926 4916 1045 4970 888818-
1075 4913 1148 4966 tioni
1168 4931 1327 4982 paruarum
1352 4912 1507 4977 hominum,
1532 4912 1574 4967 illi
1596 4913 1762 4984 opponimus
1786 4917 1912 4989 regulam

211 4999 301 5054 vicem
319 5005 470 5070 exponunt.
516 4998 597 5054 Circa
617 5000 750 5070 majorem
776 4999 943 5066 notandum,
972 5003 1046 5073 quod
1074 4999 1272 5067 Panormitaui,
1292 4997 1558 5066 Μ8881111Ρ8188181,
1571 4998 1714 5070 Gcrsonis,
1732 5000 1796 5057 Pici
1810 5003 1912 5059 111888·

211 5087 249 5141 811
267 5086 404 5157 generalis
423 5086 458 5141 de
477 5085 575 5156 quovis
594 5101 660 5140 varo
678 5091 705 5140 et
722 5084 847 5157 legitimo
874 5087 1047 5143 matrimonio
1074 5088 1183 5154 dulani,
1217 5089 1294 5158 quod
1317 5086 1368 5140 uni
1388 5087 1502 5152 homini,
1520 5087 1705 5154 8118818188,
1729 5090 1863 5145 meliores
1880 5108 1912 5145 er

215 5189 315 5245 agens,
343 5172 456 5228 8188811
475 5179 567 5228 ratum
585 5178 707 5241 tantum,
735 5173 792 5226 sive
818 5181 1047 5241 consummatum,
1076 5175 1227 5245 Scriptura
1254 5173 1380 5228 rationes
1407 5173 1539 5243 afferenti
1567 5176 1738 5228 eredendum
1765 5177 1913 5248 8119811888

86 5302 107 5343 t.
122 5303 154 5343 ur
214 5259 281 5332 quia
303 5257 479 5313 matrimonio
505 5264 565 5313 rato
594 5258 747 5314 essentialis
773 5257 898 5314 definitio
924 5262 1048 5334 conjugii
1073 5280 1156 5332 quam
1182 5261 1313 5331 pontifici
1353 5268 1403 5313 aut
1430 5260 1483 5313 toti
1513 5260 1633 5315 consilio
1667 5260 1728 5315 sine
1761 5278 1913 5319 eamus-um

86 5354 164 5404 resuta
214 5345 361 5416 competit,
392 5344 709 5400 81881181188888181.
754 5349 778 5399 1.
797 5346 844 5399 Es
861 5347 961 5414 reputa
979 5366 1046 5419 apo·
1075 5349 1222 5402 literatum
1241 5345 1395 5400 testimonio
1416 5345 1530 5413 aliquid
1547 5346 1687 5400 statuenti.

87 5405 201 5500 ffissfh,
214 5432 283 5487 81811
302 5436 324 5487 1.
346 5430 407 5487 Cor.
430 5436 459 5499 1,
485 5448 510 5487 v.
534 5436 698 5487 1116118
734 5432 954 5502 Unumquemque
977 5433 1048 5488 81881
1111 5438 1169 5491 618.
1205 5432 1333 5488 Alterum
1351 5431 1386 5484 81
1405 5430 1538 5500 exemplis
1555 5439 1715 5485 sanctorum
1727 5437 1771 5487 881
1785 5435 1986 5510 9811888818
