4020 6022
253 165 316 225 822
835 158 959 217 Locus
975 156 1180 217 vlcusfflus
1199 158 1368 225 QUINTUS

254 315 371 381 ἔθνους,
399 320 432 370 ut
454 331 506 375 eos,
533 320 615 371 vocat
632 313 772 386 sompnus
795 313 815 370 l.
838 318 877 371 12.
901 332 924 371 c.
945 319 984 371 l't.
1005 330 1087 371 serae
1117 313 1173 371 dno
1190 320 1282 375 autern
1305 320 1444 389 panem
1465 316 1502 372 de
1523 315 1657 373 eunuchis
1682 314 1775 373 animo
1798 320 1829 372 ct
1855 316 1951 389 spiritu

254 400 399 472 religionis
409 402 567 471 retinentes,
579 401 760 474 qniinlibris
771 400 944 458 ludaeorum
958 401 1091 457 dicuntur
1118 400 1232 471 talibus,
1259 403 1308 460 sed
1336 402 1439 459 rectitu
1464 401 1599 473 accipitur
1616 402 1653 459 de
1678 400 1814 459 eunuchis
1831 417 1951 473 corpore,

255 488 389 563 027³le
411 487 441 542 in
462 487 480 541 l.
494 486 749 556 Macc.'’Aen5ns'os;
767 488 885 543 alteram
901 494 1009 559 partem
1029 506 1091 545 con·
1119 489 1168 560 qui
1187 506 1238 561 per
1255 489 1414 545 violentiam
1438 489 1552 545 caetrati
1569 496 1648 557 sunt,
1672 488 1741 545 alias
1756 506 1847 561 genus
1866 487 1950 559 quod·

256 573 410 629 stituebsnt
425 576 453 627 oi
471 570 711 642 ἀποσταιήσανιες
729 571 783 629 ind
805 576 853 629 rod
873 572 994 645 Ἰσραήλ,
1015 573 1094 645 impii
1120 575 1185 630 dam
1205 574 1395 631 eunuchorum
1412 575 1442 630 in
1462 580 1596 631 accurata
1610 574 1661 631 ills
1671 574 1841 631 tractatione
1859 574 1954 630 fuisset

256 666 402 731 apostatae
437 664 466 714 et
503 658 574 730 legis
608 659 773 728 proditores,
813 644 945 735 iiiiii„
973 648 1094 735 wallia
1120 662 1354 733 praetermissum
1398 662 1506 718 Eodem
1530 661 1612 717 modo
1635 661 1765 732 exposuit
1783 660 1911 715 Hilarius
1927 661 1953 715 in

262 745 413 802 aludseis
441 743 540 801 vocati.
588 743 789 802 Caussubonus
816 764 904 803 exerc.
925 753 948 804 l.
975 747 1012 804 sd
1029 764 1094 803 ann.
1119 764 1219 805 comm.
1253 749 1289 802 In
1308 766 1365 803 uno
1383 748 1495 819 (inquit)
1510 748 1608 818 posuit
1621 746 1751 802 clismate
1762 755 1906 815 naturam,
1925 748 1953 799 in

263 831 363 887 Baron.
383 838 451 888 att.
477 829 578 886 Maiae
603 848 670 903 ergo
700 832 801 888 dicitur
825 833 914 889 lause
932 849 966 889 ex
987 832 1095 903 piorum
1120 836 1212 890 altem
1229 829 1437 897 amessitatem,
1457 835 1486 888 in
1514 836 1596 889 tertio
1622 834 1803 889 volutantem
1840 832 1953 889 Duobus

260 934 383 976 numero.
423 917 563 973 Lutherus
587 917 624 971 ad
650 934 762 973 sensum
783 918 934 989 respiciens
959 919 1094 976 reddidit:
1119 919 1174 975 illie
1194 920 1382 976 eunuchorum
1401 919 1558 992 generibus,
1580 920 1629 992 qni
1651 920 1724 976 tales
1741 925 1825 987 sunt,
1845 920 1890 974 ecl
1904 937 1954 989 per

259 1005 327 1074 itud
346 1013 403 1061 mor
421 1019 448 1060 a
474 1013 522 1061 trs
542 1004 620 1073 tiela
639 1005 699 1075 geit
717 1005 813 1061 torum
832 1005 946 1076 sedicet
965 1005 1018 1061 unt
1038 1014 1094 1062 ta·
1120 1013 1253 1061 staturam
1279 1007 1437 1069 inanitum,
1464 1006 1509 1061 vel
1533 1022 1587 1076 per
1613 1006 1778 1061 vintoniam
1805 1013 1954 1071 externus,

260 1093 329 1161 [ctat
346 1091 458 1161 geurien
485 1090 539 1146 aab
558 1090 630 1159 batte
647 1088 706 1147 aeis
733 1091 787 1147 unt
805 1092 887 1149 tehen
904 1091 1034 1161 minatici)
1053 1104 1094 1161 qe
1121 1093 1236 1164 opponit
1259 1092 1385 1149 Christus
1412 1092 1553 1147 eunuchos
1579 1093 1674 1148 animo
1700 1092 1862 1162 suspiritu
1881 1090 1955 1159 tales,

259 1181 330 1247 magt
356 1176 418 1232 tibet
444 1177 488 1232 bet
514 1177 606 1246 flabra
633 1175 764 1233 bisulca.
811 1176 853 1231 Ex
885 1176 933 1232 illa
957 1177 1043 1248 igitur
1066 1175 1095 1230 in
1121 1178 1169 1250 qui
1200 1196 1230 1234 ee
1262 1180 1335 1250 ipsos
1368 1179 1508 1233 euriuclos
1536 1180 1666 1241 feceritnt
1692 1186 1814 1248 propter
1843 1195 1955 1247 requam

259 1263 393 1335 religione
423 1261 544 1319 «Iudaica
581 1261 737 1317 constantia
767 1279 831 1317 eum
868 1263 944 1319 ritae
971 1261 1094 1333 periculo
1121 1265 1277 1333 coelorum,
1299 1264 1328 1320 id
1350 1270 1394 1320 est
1417 1262 1465 1335 qui
1484 1279 1547 1318 curn
1566 1279 1619 1319 nec
1637 1278 1687 1334 per
1714 1268 1835 1319 naturae
1854 1262 1956 1331 sitium,

260 1350 417 1420 conjunctu,
436 1365 491 1403 non
508 1355 602 1403 autem
620 1364 654 1402 ex
666 1347 819 1405 coelibatus
832 1352 897 1407 roto
912 1348 1094 1404 honorificum
1121 1368 1173 1407 nec
1197 1369 1248 1422 per
1275 1350 1418 1405 hominum
1444 1348 1608 1405 maleficium
1630 1348 1751 1405 eunuchi
1780 1356 1889 1417 essent,
1910 1348 1956 1403 sed

261 1436 331 1491 illud
350 1452 450 1491 nomen
469 1434 582 1490 sortitus
604 1434 696 1489 luerat
714 1434 831 1505 itacius,
850 1435 926 1506 quod
945 1441 1025 1506 pater
1044 1434 1094 1491 lu·
1121 1437 1181 1508 spti
1199 1437 1237 1494 sd
1263 1436 1436 1507 conjugium,
1465 1441 1557 1491 minen
1578 1435 1665 1491 libere
1690 1452 1725 1491 ac
1750 1441 1853 1506 sponte
1872 1435 1955 1491 abeo

262 1524 393 1579 dacorum
412 1521 623 1593 cognominatus
641 1526 691 1577 est.
1123 1523 1276 1593 abstinent,
1306 1523 1435 1594 adeoque
1450 1528 1579 1593 respectu
1598 1522 1723 1593 conjugii
1741 1522 1783 1579 ita
1800 1538 1832 1577 se
1850 1527 1956 1593 gerunt,

134 1614 249 1657 wlti-
297 1612 356 1665 509.
390 1609 432 1664 Ex
454 1609 487 1666 N.
505 1609 538 1663 T.
557 1608 627 1663 haec
645 1607 826 1665 fundamenta
844 1609 978 1665 afferunt:
995 1608 1095 1664 Matth.
1122 1628 1156 1665 ac
1173 1611 1195 1665 si
1214 1626 1328 1681 corpore
1346 1608 1465 1665 eunuchi
1486 1616 1586 1664 essent
1618 1608 1755 1681 Origenes
1773 1608 1827 1664 hoc
1846 1608 1956 1663 tertium
1969 1611 1999 1654 ll

135 1666 250 1765 labili:
267 1702 313 1765 tu,
339 1714 365 1752 v.
388 1702 432 1751 12:
462 1695 535 1749 Sunt
554 1695 686 1759 assucti,
710 1696 760 1764 qui
781 1712 811 1749 se
832 1704 959 1751 castrant
977 1703 1097 1765 proptor
1123 1698 1277 1753 membrum
1295 1696 1392 1752 itidem
1418 1696 1527 1767 accepit
1547 1696 1581 1750 de
1609 1695 1744 1753 eunuchis
1762 1712 1882 1766 corpore
1900 1694 1956 1750 tali-

136 1772 194 1810 ⁸¹¹⁰l
265 1800 383 1852 reguum
412 1781 561 1837 cadorum.
612 1783 685 1850 Ipsa
717 1782 904 1837 castratorum
932 1781 1098 1852 appellatio,
1123 1784 1183 1854 bus,
1204 1784 1279 1840 unde
1296 1800 1329 1839 ex
1346 1790 1524 1854 praepostero
1543 1798 1636 1839 amore
1654 1782 1853 1839 coelibatusse
1871 1782 1957 1852 ipsum

135 1821 240 1869 eunuchi,

136 1876 239 1966 gemm
265 1868 362 1923 scribit
376 1866 559 1923 Bellurminus
579 1867 596 1922 l.
610 1873 635 1924 2.
648 1867 682 1922 de
692 1884 763 1922 mon.
778 1885 802 1935 e.
813 1874 855 1925 23.
861 1869 1012 1938 perspicue
1024 1867 1097 1921 iudi·
1124 1870 1269 1938 curuavit,
1301 1870 1403 1940 (simile
1432 1869 1588 1939 exemplum
1619 1876 1819 1925 commemorat
1848 1869 1957 1925 Wierns

137 1982 228 2027 propi„
265 1961 489 2024 catuotanr,non
502 1954 574 2008 enim
587 1956 851 2025 esteanuclsus,qui
863 1954 1098 2021 solntrncontinet,
1124 1958 1142 2013 l.
1161 1964 1185 2014 3.
1214 1958 1249 2012 de
1268 1961 1371 2027 praest.
1400 1956 1490 2013 daem.
1512 1973 1536 2011 a
1557 1962 1597 2015 le.
1623 1956 1658 2013 de
1676 1955 1799 2027 quodam
1818 1955 1957 2023 monacho

137 2040 231 2121 ζζξῗξω
264 2044 317 2096 scd
333 2041 454 2111 quinon
476 2048 642 2110 potatuan
660 2043 809 2098 continere.
846 2043 980 2097 Eunuchi
996 2049 1097 2104 autem
1125 2045 1173 2115 qui
1205 2062 1223 2098 a
1252 2041 1385 2098 iratribus
1419 2042 1477 2096 voti
1506 2041 1589 2097 fracti
1617 2046 1765 2097 aecusatus
1796 2047 1883 2097 testes
1912 2058 1957 2112 per

136 2142 192 2175 run.
266 2129 302 2181 ste
328 2127 427 2197 quibus
452 2126 497 2180 tic
517 2127 628 2197 apitur,
654 2147 710 2183 riou
735 2135 872 2194 copusaur
897 2128 1039 2182 continere
1067 2143 1099 2181 ac
1125 2130 1284 2198 clrirurgum
1300 2128 1355 2182 sibi
1381 2128 1519 2198 amputari
1538 2128 1659 2193 curavit,
1683 2131 1716 2182 ut
1734 2128 1836 2183 iratres
1853 2128 1958 2198 reipsa

265 2213 333 2268 uitio
351 2220 479 2281 naturae,
499 2231 564 2267 nam
576 2213 614 2266 ab
629 2213 673 2267 lasis
691 2230 737 2267 eos
756 2213 883 2267 tiaratae
897 2216 956 2283 ipse
968 2213 1098 2282 sejunrit,
1126 2214 1578 2283 adoculumconfunde1·et)‚sed
1599 2213 1672 2270 hune
1692 2213 1841 2270 verborum
1861 2214 1958 2269 Christi

265 2316 352 2369 neque
371 2307 510 2367 coquntur
534 2300 675 2354 continere
693 2316 727 2353 ce
753 2300 812 2368 lenc
830 2301 930 2370 aliqua
953 2300 1100 2364 cornmuni,
1125 2319 1284 2373 perversum
1303 2300 1472 2356 intellectum
1490 2300 1611 2371 graviter
1629 2298 1731 2355 refellit
1748 2299 1960 2372 chrysostomus

263 2387 345 2440 trulla
379 2386 451 2440 enim
486 2386 530 2439 lac
554 2393 596 2439 est
627 2386 782 2455 prohibens
818 2387 931 2456 nuptias
965 2387 1099 2455 absolute,
1126 2388 1198 2443 hom.
1219 2392 1260 2443 ee.
1281 2387 1309 2441 in
1327 2386 1441 2441 blatth:
1460 2381 1493 2439 οὗ
1506 2388 1561 2441 sois
1572 2387 1666 2459 μελῶν
1680 2387 1756 2457 λέγει
1767 2388 1819 2453 τὴν
1837 2386 1960 2461 inrepit,

265 2474 353 2541 igitur
378 2473 410 2525 id
428 2472 518 2527 solum
542 2480 680 2536 remanet,
708 2481 738 2527 ut
762 2491 820 2528 aori
848 2473 958 2543 possirtt
986 2490 1019 2528 ea
1037 2474 1100 2543 lege
1126 2470 1233 2544 ἄπαγε,
1262 2471 1329 2528 itti
1358 2475 1412 2526 τῶν
1433 2476 1562 2541 πονηρῶν
1580 2476 1726 2545 λογισμῶν
1744 2472 1794 2541 τὴν
1812 2470 1960 2544 ἀναίρεσιν,

262 2559 438 2629 particulari
460 2567 557 2629 aperite
584 2568 725 2629 cecitate,
751 2560 842 2614 idest
861 2567 982 2616 caueto.
1019 2560 1101 2615 Idem
1127 2559 1162 2621 ὠς
1180 2556 1228 2631 ὅγε
1247 2556 1277 2613 τὸ
1294 2563 1380 2633 μέλος
1398 2558 1519 2627 ἐκτεμὼν
1542 2562 1587 2613 sal
1613 2557 1776 2633 aptificat·
1800 2558 1960 2629 ὑπεύθυνος,

268 2647 352 2700 ctiam
374 2646 517 2713 collipr'tur
536 2662 569 2698 ce
588 2645 641 2699 illc
662 2647 761 2716 verbo,
779 2647 829 2715 qui
847 2664 878 2701 sc
897 2655 1102 2702 castraverunt.
1127 2666 1184 2701 nors
1203 2648 1239 2701 sle
1264 2646 1434 2701 abscissione
1458 2647 1643 2700 raernbrorum
1676 2644 1762 2713 elicit,
1793 2648 1884 2714 αὸιίι,
1914 2648 1961 2701 sed

268 2734 344 2787 Nam
362 2732 390 2785 ei
408 2732 546 2786 Doctrinae
565 2732 728 2800 loqueretur
752 2735 788 2786 tle
807 2733 867 2800 tis,
892 2734 941 2803 qui
963 2734 1023 2789 sinc
1041 2734 1101 2787 ullo
1131 2751 1240 2803 procae
1268 2734 1446 2803 capitationis
1472 2731 1690 2787 interemtionem
1719 2734 1872 2803 intelligit,
1900 2753 1960 2788 nam

267 2826 330 2874 uoto
350 2818 469 2873 coelibes
487 2818 598 2887 vicarit,
617 2819 731 2886 eliceret,
751 2820 801 2889 qui
820 2836 849 2873 se
869 2828 995 2875 castrant
1012 2823 1101 2890 quoti·
1129 2823 1179 2890 qui
1203 2821 1354 2875 snensbram
1382 2820 1496 2891 incidit,
1527 2820 1721 2875 maledictioni
1744 2822 1889 2890 subjectus
1915 2829 1960 2886 cst,

269 2906 329 2974 elie,
353 2922 410 2960 aon
433 2905 482 2974 qui
504 2922 534 2959 sc
561 2912 762 2960 castraverunt.
805 2905 874 2960 Cum
899 2923 965 2975 erpo
989 2907 1102 2976 eliserit,
1129 2907 1286 2961 lscmicidac
1313 2906 1385 2960 enim
1412 2924 1499 2975 omis,
1527 2907 1577 2977 qui
1587 2906 1645 2961 tale
1664 2907 1852 2976 quidteatat,
1869 2925 1960 2978 apprc-

268 2992 318 3063 qui
337 3009 366 3047 se
395 2999 604 3059 castraverunt,
631 2991 788 3061 eipniticst,
819 3009 866 3047 eos
891 2994 976 3048 ciuica
992 2995 1103 3047 actione
1131 2995 1209 3048 ditm
1240 3000 1265 3047 et
1296 2992 1357 3045 Dei
1384 2990 1525 3061 opificium
1552 2991 1766 3047 criminumibus
1793 2994 1961 3049 occasionem

148 3078 207 3120 ¹Vl·
222 3076 256 3121 ⁴³·
268 3078 429 3133 volsmtaria
447 3088 607 3149 amputasse
624 3078 681 3132 sibi
691 3094 797 3133 amntem
813 3078 981 3144 laccdtatem
991 3088 1102 3135 contra·
1125 3071 1257 3148 praebet,
1270 3078 1508 3133 Marsiclsaeorum
1520 3095 1572 3132 ora
1590 3078 1713 3133 recludit
1733 3087 1760 3133 et
1777 3082 1896 3134 candem
1912 3078 1960 3133 ini·

270 3166 358 3220 laesisti
373 3167 496 3235 nuptias.
529 3164 754 3236 Respondemnm
787 3171 808 3222 l.
833 3180 867 3219 ex
890 3165 943 3219 hoc
962 3165 1023 3237 ipso
1042 3167 1102 3224 loeo
1130 3166 1264 3235 quitatem
1300 3164 1445 3220 committit
1479 3182 1542 3217 eum
1572 3164 1647 3232 illu,
1683 3165 1733 3235 spui
1763 3168 1846 3235 apud
1870 3173 1960 3234 pentes

268 3258 366 3307 eontra
394 3250 570 3307 Pontificium
599 3250 753 3308 coelibatus
786 3258 881 3307 votum
908 3259 1102 3324 argumentum
1130 3252 1297 3307 inutiluntur
1313 3260 1366 3308 etc.
1385 3268 1419 3307 ac
1437 3256 1536 3322 postea
1560 3249 1686 3305 nominat
1705 3251 1873 3325 desponsatis
1892 3253 1960 3325 lmp-

269 3338 410 3404 dneimus,
430 3337 505 3407 quod
526 3336 629 3392 donum
648 3338 834 3394 continentiae
848 3344 926 3395 extra
942 3340 1103 3409 conjuginm
1129 3346 1204 3410 γιιάς
1228 3342 1276 3394 sul
1296 3340 1441 3407 caraussii
1465 3338 1611 3408 ἐπιβουλῆς
1636 3337 1729 3409 ἔργον.
1774 3344 1798 3393 e.
1817 3338 1894 3409 Ergo
1909 3355 1961 3408 per

269 3442 324 3480 non
353 3423 390 3477 sit
422 3423 463 3477 ita
488 3428 690 3492 comparatum,
721 3430 752 3478 ut
782 3424 908 3495 quisquis
936 3424 1103 3481 coelibatum
1129 3426 1282 3490 cantatos,
1312 3426 1361 3495 quii
1381 3442 1411 3479 se
1430 3425 1506 3495 ipsos
1536 3430 1741 3493 castraverunt,
1773 3422 1961 3495 intelliguntur

270 3510 386 3583 elegerit
403 3526 437 3565 ac
454 3509 569 3578 voverit,
588 3509 670 3564 modo
691 3510 759 3564 velit
777 3515 805 3565 et
821 3516 907 3580 petat,
928 3511 1015 3581 possit
1032 3512 1102 3567 illud
1130 3512 1178 3581 illi,
1197 3512 1321 3582 quicum
1335 3512 1372 3567 ad
1390 3512 1551 3583 conjugium
1568 3511 1628 3582 apti
1640 3516 1741 3574 essent,
1761 3516 1858 3566 tamen
1869 3517 1960 3582 sponte

270 3598 387 3666 habere,
410 3597 460 3652 sed
484 3596 560 3668 quod
585 3596 621 3651 sit
640 3597 743 3652 donum
767 3596 895 3668 speciale.
941 3599 1011 3654 Cum
1030 3598 1103 3655 enim
1130 3614 1163 3652 ac
1182 3597 1268 3653 libere
1285 3597 1322 3653 ab
1343 3598 1525 3654 eoubstinent
1545 3615 1578 3653 uc
1597 3597 1749 3655 deliberato
1767 3598 1855 3653 animi
1868 3616 1960 3670 propo·

269 3683 389 3757 apostoli
413 3682 573 3748 audientes,
603 3683 771 3738 matrimonii
788 3683 928 3739 vinculum
958 3701 1018 3741 esse
1046 3690 1104 3741 tarn
1132 3684 1185 3738 sito
1206 3690 1328 3753 prmitcr
1362 3702 1478 3753 reanum
1504 3685 1645 3740 coelorum
1677 3687 1744 3756 (qua
1776 3685 1873 3756 phrasi
1898 3684 1960 3757 qnid

270 3777 376 3827 arctum
395 3775 480 3841 atque
499 3777 618 3841 excepta
642 3770 726 3826 unica
742 3769 872 3825 adulterii
891 3787 977 3826 causa
994 3772 1104 3841 penitus
1132 3769 1312 3841 intelligatur,
1332 3770 1457 3842 superius
1475 3770 1530 3827 fuit
1543 3770 1720 3842 expositum),
1736 3771 1778 3827 ita
1796 3772 1851 3829 sibi
1869 3791 1887 3828 a
1903 3788 1961 3827 con·

271 3856 472 3924 indissolubile,
486 3857 597 3913 inhaec
610 3856 695 3914 verba
707 3861 897 3929 erumperent:
919 3858 953 3912 Si
965 3860 1105 3929 nepotiani
1128 3858 1209 3929 jugie
1227 3864 1391 3928 temperant,
1410 3857 1476 3912 acsi
1489 3856 1736 3928 corporeeunuchi
1748 3866 1851 3916 essent
1878 3859 1961 3914 Theo

271 3945 392 4001 leontina
408 3962 471 3998 cum
488 3962 574 3998 ueore
587 3945 628 3998 ita
646 3952 840 4013 enumeratum
858 3953 908 4010 est,
925 3964 980 4000 uon
994 3948 1105 4015 aspectet
1133 3944 1281 4015 phylactus
1300 3943 1329 3998 in
1350 3960 1463 3999 comm:
1485 3944 1579 4008 Quies
1593 3944 1670 4015 ipsos
1688 3944 1831 3999 eunuchos
1847 3945 1962 4011 faciunt,

271 4034 391 4100 saulem
418 4030 519 4087 diserte
536 4029 663 4087 Christus
679 4031 842 4100 respondet,
869 4050 925 4085 non
943 4050 1036 4087 ornnes
1053 4034 1105 4089 loc
1134 4047 1190 4084 ilua
1206 4038 1285 4095 sunt,
1309 4031 1359 4099 qui
1381 4032 1506 4085 cerersda
1525 4029 1581 4084 sibi
1604 4030 1673 4101 ipsis
1692 4037 1856 4098 amputant,
1882 4031 1961 4084 nmle-

197 4168 200 4173 .
271 4120 384 4174 uerbum
403 4134 511 4186 capere,
529 4119 582 4170 sed
604 4117 703 4186 quibus
730 4119 828 4171 statum
837 4125 884 4173 est.
927 4110 1238 4175 steteruntmaesti
1265 4118 1339 4172 caim
1355 4117 1424 4185 loc,
1450 4119 1504 4172 sse
1530 4119 1607 4187 estod
1624 4116 1797 4172 continentes
1817 4125 1891 4173 sunt
1922 4116 1963 4171 Its

272 4213 304 4262 at
320 4224 353 4262 eo
373 4204 474 4259 clarius
497 4202 624 4259 Christus
644 4203 776 4275 explicet,
803 4203 917 4275 quiumn
934 4207 971 4261 ad
989 4192 1207 4315 coelibe-lenire
1237 4203 1308 4258 illud
1336 4200 1501 4274 εὐνούχισαν
1534 4201 1648 4263 ἑαυτούς
1679 4202 1796 4274 exponit
1825 4202 1962 4274 apostolus

271 4301 332 4351 tum
349 4291 408 4363 apti
438 4290 507 4359 sint,
527 4289 670 4346 constituit
693 4289 749 4345 duo
773 4290 961 4346 eunuchorum
978 4310 996 4348 s
1016 4294 1107 4348 matri-
1136 4296 1158 4345 1.
1176 4288 1237 4345 Cor.
1257 4296 1286 4355 t,
1313 4308 1339 4346 s.
1357 4296 1407 4347 37:
1439 4291 1494 4354 Qui
1515 4292 1613 4345 statuit
1637 4290 1668 4345 in
1690 4292 1777 4345 corde
1802 4309 1855 4346 suo
1866 4293 1964 4361 jirnsr

272 4379 364 4436 monio
382 4377 581 4435 abstinentium
594 4393 706 4448 genera,
724 4377 837 4448 quidam
852 4395 977 4447 corpore,
995 4378 1109 4449 quidam
1134 4394 1190 4431 non
1216 4377 1319 4433 labem
1343 4379 1550 4442 necessitatem,
1568 4384 1736 4450 potestatem
1755 4385 1849 4431 autem
1867 4378 1964 4432 talen

273 4462 686 4534 artimoacspiritutalessunt
720 4461 840 4534 Corpore
854 4463 925 4519 tales
934 4464 1034 4520 iterum
1043 4473 1109 4520 sunt
1134 4481 1202 4518 suae
1217 4464 1369 4519 coturnatis
1388 4472 1413 4517 et
1435 4464 1486 4519 loc
1500 4464 1645 4534 judicavit
1668 4464 1698 4517 in
1722 4466 1809 4518 corde
1829 4482 1889 4519 auo.
1924 4463 1965 4519 Dc

274 4553 408 4626 duplices,
420 4549 534 4622 quidam
547 4548 666 4606 eunuchi
676 4551 737 4604 nati
750 4567 783 4603 ec
792 4556 872 4605 utero
881 4551 989 4620 niatrsis,
998 4550 1052 4609 hoe
1066 4558 1108 4609 est
1128 4552 1214 4618 firmo
1234 4550 1319 4621 igitur
1335 4548 1488 4606 coelibatus
1505 4551 1661 4621 proposito,
1678 4567 1734 4605 non
1752 4557 1847 4606 autem
1861 4550 1897 4607 de
1908 4558 1965 4605 coto

269 4641 329 4711 jani
349 4639 414 4694 inde
431 4654 449 4692 a
466 4636 556 4708 prima
575 4636 721 4693 nativitate
740 4635 807 4692 vitio
825 4635 919 4708 aliquo
937 4638 1058 4694 naturali
1071 4638 1107 4695 ad
1119 4610 1122 4651 Ι
1134 4636 1287 4693 coelibatus
1311 4636 1422 4707 proprie
1444 4644 1472 4694 et
1494 4637 1652 4709 specialiter
1676 4635 1718 4691 sic
1742 4636 1818 4691 dicto
1843 4636 1964 4691 Christus

273 4725 433 4797 conjugium
443 4722 539 4795 inepti,
558 4722 672 4793 quidam
684 4739 749 4778 vero
764 4722 968 4789 eunuchifacti
976 4726 1012 4777 ab
1022 4726 1107 4779 lomi·
1119 4714 1122 4759 ¹
1135 4724 1265 4794 loquitur,
1282 4739 1373 4793 neque
1391 4722 1468 4778 aliud
1488 4723 1648 4795 quidquam,
1666 4723 1710 4777 sel
1730 4738 1764 4777 ex
1782 4723 1965 4795 appellatione

181 4866 183 4870 Α
272 4816 362 4883 nima,
371 4815 423 4869 hoc
433 4819 475 4869 est
484 4829 534 4883 per
543 4809 700 4866 violentiam
710 4810 810 4866 abillis
820 4811 942 4867 cmuati
959 4809 1337 4923 Theophypeunuchorum,
1363 4809 1408 4864 vel
1431 4826 1466 4866 ex
1495 4809 1674 4881 murpstione
1699 4809 1778 4867 verbi
1800 4809 1965 4881 εὐνουχίςιιν

272 4901 362 4956 lactus
379 4901 490 4971 quidem
509 4899 539 4954 in
556 4913 655 4956 comm.
674 4897 811 4968 pestanus
829 4897 881 4954 hoc
900 4898 1053 4954 membrum
1073 4899 1108 4955 de
1119 4938 1121 4955 ,
1133 4896 1295 4967 intempore
1310 4896 1459 4966 praeterito
1475 4895 1661 4951 Bellarrninus
1678 4896 1841 4967 exsculpere
1858 4896 1964 4969 poterit

275 4987 408 5044 emnem
435 4986 532 5058 spiritu
565 4983 669 5041 auen
695 4983 811 5055 accipit,
835 4984 875 5040 m
899 4985 972 5041 enm
998 4958 1332 5051 mauretaniarum,
1359 5000 1490 5054 persone
1515 4982 1553 5038 ue
1570 4982 1738 5039 ostreatum
1757 4982 1874 5040 resnou
1888 5000 1965 5055 poue

276 5074 321 5126 At
345 5073 500 5127 bominibus
526 5072 666 5127 eunuchus
693 5073 740 5137 lit,
767 5072 816 5139 pici
836 5087 870 5125 ee
886 5072 1008 5126 humano
1021 5089 1106 5142 prae·
1133 5069 1276 5140 concipere
1301 5068 1411 5125 firmum
1442 5068 1556 5141 aliquod
1582 5086 1616 5125 ac
1638 5068 1724 5125 fixum
1747 5084 1766 5124 a
1793 5070 1964 5127 inatrimonie

275 5168 355 5230 cepto
373 5160 500 5213 carnotis
517 5154 759 5229 concupiscentiae
784 5158 943 5212 incendium
962 5158 1106 5228 mandit,
1132 5155 1290 5212 abstinendi
1314 5156 1497 5228 propositum,
1528 5156 1627 5229 quodsi
1651 5156 1713 5228 quis
1736 5156 1767 5211 in
1790 5157 1916 5229 generali
1939 5165 1965 5215 et

274 5247 322 5302 cui
338 5245 454 5316 oppeciit
471 5263 548 5311 curri,
571 5246 620 5317 qui
637 5264 667 5299 sc
685 5245 776 5314 tirsum
796 5252 913 5314 castrat,
933 5244 985 5299 ltcc
1004 5245 1109 5314 estqui
1132 5243 1249 5300 abmiva
1267 5243 1469 5316 significatione
1486 5251 1582 5302 return
1600 5261 1664 5299 cum
1675 5243 1817 5301 veteribus
1829 5246 1965 5318 appellata
1975 5258 2000 5301 ιι

273 5353 331 5389 non
349 5332 387 5387 ab
403 5330 477 5400 alio,
498 5333 550 5385 sed
570 5348 599 5387 re
617 5332 685 5401 :ipso
708 5332 807 5385 dcctm
830 5338 871 5386 est
890 5338 917 5385 et
938 5348 992 5386 aaa
1010 5339 1121 5409 aperite,
1134 5328 1258 5394 voluerit,
1276 5348 1332 5386 non
1350 5348 1519 5402 magnopere
1535 5330 1753 5403 refragabimur,
1772 5332 1857 5388 modo
1874 5330 1966 5390 disai-

274 5424 316 5475 ad
331 5418 528 5475 continentiam
544 5418 712 5481 inclinatur,
738 5434 795 5489 qne
821 5417 927 5473 radone
946 5416 1035 5473 solum
1053 5417 1197 5494 pri-{men
1224 5416 1296 5472 inter
1323 5417 1379 5472 tale
1411 5418 1582 5488 propositum
1611 5423 1638 5472 et
1666 5424 1761 5472 votum
1791 5418 1964 5475 Pontificinm

276 5524 350 5563 mum
368 5503 521 5562 membrum
546 5504 580 5558 de
599 5502 731 5559 eimuchis
750 5520 862 5575 corpore
883 5502 985 5559 talibus
1002 5502 1289 5575 ageret—specialiter
1318 5519 1351 5557 uc
1380 5504 1475 5559 stricte
1501 5503 1542 5560 sie
1561 5504 1666 5560 dictum
1685 5504 1888 5575 constituatur,
1914 5522 1965 5579 qua
