4020 6022
739 148 826 224 ”na
843 164 1042 224 courcero.
1638 231 1643 252 ,
1715 177 1756 235 os

56 333 161 380 meos
172 332 288 395 patrae
305 333 331 380 ot
347 324 398 395 qai
418 325 567 380 ammte
583 322 698 378 ascire
714 320 801 374 matri
819 336 896 384 suae,
925 337 1061 377 commen
1088 328 1213 377 materno
1238 324 1333 396 urged
1356 329 1481 395 possunt.
1522 328 1545 379 t.
1559 322 1676 380 Praesto
1691 329 1758 378 eunt

55 411 194 483 effodiant
212 412 298 467 caui.
328 410 363 465 In
375 410 453 466 hace
471 410 551 465 dictis
563 424 672 480 semper
688 406 898 478 conjunguntur
924 409 1051 478 wesnpla
1068 407 1205 478 aSpiritu
1223 415 1319 465 sancto
1331 407 1524 465 commendata
1536 408 1646 465 illorum
1658 407 1757 466 libero·

56 502 138 568 pater
154 503 185 552 et
204 503 294 553 mater
311 513 344 552 ec
363 497 473 570 utrique
492 497 645 564 honorem,
669 493 852 549 reverentiam
869 499 897 547 et
923 510 992 557 rum,
1011 495 1059 565 qui
1076 495 1172 549 matris
1190 512 1355 552 consensum
1375 496 1587 568 requisiverunt.
1625 496 1695 552 Gen.
1715 501 1757 564 tt,

57 582 247 639 obedientiam
271 583 351 638 liberi
376 582 484 638 deferre
506 581 651 653 jubentur.
700 578 806 644 Quodsi
830 595 896 648 ergo
922 597 949 635 v.
966 585 1014 634 21:
1041 582 1144 648 Hapar·
1170 582 1231 644 tilio
1258 600 1309 636 sue
1336 583 1455 637 Ismails'
1476 600 1589 637 uaorem
1612 584 1704 648 duod,
1728 584 1758 639 in

57 684 91 724 ex
109 674 212 740 quarto
232 674 381 739 praecepto
405 668 557 723 necessitas
577 682 723 722 concessus
741 663 850 736 paterni
868 663 898 717 in
923 681 1006 736 quem
1023 665 1115 721 locum
1132 666 1173 723 sie
1193 673 1395 723 commentetur
1412 667 1568 722 Lntlrcrus:
1593 669 1758 724 Notandum

56 755 164 826 nuptiis
182 754 333 810 liberorum
354 758 429 808 recte
448 753 605 821 deducitur,
623 751 719 822 utique
738 750 821 805 etiam
841 767 897 804 ma·
923 759 972 815 est,
990 754 1068 820 quod
1077 753 1193 821 Moyses
1211 754 1316 807 duone
1328 755 1457 823 caenae
1474 754 1625 808 Ismoiiem
1644 756 1758 809 ducisse

56 845 154 896 tanus
173 856 326 895 consensus
343 840 373 894 in
394 838 493 895 iisdem
518 839 572 894 erit
590 836 769 893 nuenarius.
808 835 899 907 Gyril·
922 855 1035 893 uaorem
1052 855 1109 893 non
1132 847 1254 893 secutum
1271 857 1352 893 mam
1366 840 1546 909 uoluntatem,
1570 843 1623 894 sed
1637 842 1758 895 aucwri

55 928 102 982 lus
121 927 168 983 lib.
190 933 231 984 11.
248 926 277 981 in
295 926 387 983 Lavit.
406 925 481 980 circa
500 923 561 981 fin:
581 924 731 978 matum
744 930 785 976 est
798 939 897 977 nomen
923 932 1008 978 tatem
1037 925 1138 979 motas
1166 927 1208 978 ad
1235 925 1391 996 exemplum
1421 926 1544 980 omniunt
1575 927 1705 991 iuvenum
1731 935 1758 982 et

52 1015 152 1084 patris
187 1021 213 1068 et
237 1012 395 1066 sewaule
425 1018 477 1065 etc.
502 1011 610 1065 andra
637 1010 721 1064 etiam
747 1011 783 1063 de
808 1017 899 1063 matre
919 1010 1099 1080 puellarum,
1116 1018 1146 1064 ut
1159 1019 1312 1080 parentum
1330 1012 1525 1065 aucwritatero
1538 1013 1709 1082 praesmirn
1726 1013 1757 1066 in

56 1101 240 1155 minanda
262 1106 339 1164 nent,
365 1099 448 1168 cujus
465 1099 576 1167 labore,
600 1097 682 1164 cujus
707 1113 793 1163 curo,
816 1095 899 1164 cujus
923 1097 1115 1151 contr-abendo
1138 1096 1318 1151 mnrimmio
1342 1103 1496 1165 sequentia·
1525 1113 1575 1150 nec
1592 1104 1690 1151 eontra
1703 1115 1757 1167 pa·

55 1186 215 1241 vitreario
234 1194 261 1239 et
277 1193 361 1238 natus
378 1201 422 1254 es,
440 1193 466 1238 et
483 1184 622 1254 aceritus,
641 1190 669 1236 et
687 1188 796 1251 oportet
813 1189 839 1234 te
855 1197 898 1234 se·
922 1191 1032 1236 rentum
1062 1184 1231 1238 voluntatens
1259 1183 1425 1252 indrslpeant
1458 1183 1518 1236 suis
1551 1184 1697 1252 affectibus
1731 1192 1757 1237 et

56 1275 183 1328 meon
200 1273 360 1343 apostolum
379 1278 490 1340 partem
511 1270 623 1338 pratiae
646 1269 755 1330 referre
768 1268 898 1337 parenti·
923 1270 1135 1338 cupiditatibus.
1153 1269 1408 1338 Dederatanpelue
1415 1270 1757 1339 mndaonrpsiffooar‚

57 1359 119 1413 bas.
153 1363 178 1413 2.
196 1357 329 1412 Rationes
347 1355 450 1410 adduci
469 1360 587 1426 possunt
604 1353 767 1425 complures,
784 1358 898 1424 propter
922 1363 954 1410 ot
971 1365 1085 1410 curaret
1099 1357 1207 1425 filiurn,
1231 1357 1389 1410 institueret
1408 1363 1435 1409 et
1451 1357 1627 1424 manaret.
1664 1357 1759 1424 Ipitur

56 1461 132 1518 ques
154 1443 235 1499 liberi
260 1459 317 1498 non
340 1441 461 1497 debeant
482 1457 646 1496 consensum
673 1439 769 1494 matris
786 1439 815 1492 in
832 1455 897 1494 con·
924 1443 1023 1496 diuina
1039 1458 1105 1497 uoce
1116 1444 1232 1512 jubetur
1249 1442 1362 1497 obedis
1380 1443 1481 1510 matri,
1506 1458 1578 1511 prae
1600 1459 1713 1497 oaorem
1727 1444 1759 1497 ei

56 1529 199 1588 mendo
218 1526 392 1583 menimento
414 1527 565 1598 negligere.
588 1532 610 1582 t.
623 1525 649 1580 A
663 1525 810 1593 molestiis,
826 1540 897 1594 ques
923 1529 1028 1599 aeapit
1045 1545 1078 1583 ee
1096 1536 1173 1583 terra
1189 1529 1326 1598 Aemo,
1344 1547 1379 1582 aa
1392 1530 1485 1598 filius,
1503 1536 1533 1582 ut
1552 1531 1645 1593 decet,
1658 1530 1758 1583 mmsis

55 1618 89 1673 in
108 1613 280 1702 guntione,
308 1619 392 1685 perta
417 1619 446 1668 et
461 1613 626 1668 educatione
644 1611 793 1668 liberorum
813 1611 897 1665 susti·
921 1615 1032 1683 judicio
1050 1622 1076 1668 et
1091 1615 1230 1669 colummi
1246 1616 1414 1684 obsequitur.
1450 1616 1536 1683 ,Haec
1555 1615 1675 1668 aalma
1694 1614 1757 1683 Spi-

56 1709 201 1772 nuerunt,
228 1717 302 1774 qnae
327 1699 457 1754 adeatur
480 1713 613 1769 superero
629 1713 692 1762 eas,
717 1713 788 1767 quas
804 1703 897 1767 patres
922 1702 980 1756 ritis
1000 1708 1096 1755 sancto
1120 1701 1173 1753 boe
1197 1701 1259 1755 loco
1275 1703 1499 1765 commodatur,
1525 1709 1551 1754 et
1577 1701 1714 1755 benedicit
1732 1702 1760 1755 ei

59 1788 186 1861 ipsorum
203 1771 314 1842 nomine
337 1785 464 1841 tolerent
501 1782 603 1839 Genea.
624 1789 653 1847 3,
676 1800 703 1839 v.
726 1787 772 1838 te:
797 1782 897 1835 Multi-
924 1789 1004 1840 Deus
1039 1787 1191 1840 secundnm
1220 1786 1437 1855 promissionem
1473 1788 1570 1856 piasti
1600 1789 1757 1858 praecepti.

56 1873 176 1947 plicato
195 1886 346 1926 wannoc
363 1878 429 1924 tuas
448 1878 473 1923 et
492 1877 639 1939 contemtu
655 1870 778 1936 tuoe-iu
796 1868 896 1922 dolore
923 1871 994 1928 Gen.
1008 1877 1050 1939 ts,
1069 1890 1095 1927 v.
1109 1877 1150 1928 tb.
1168 1871 1296 1926 Rebecca
1307 1888 1370 1926 cum
1383 1873 1526 1928 lsaacode
1542 1873 1645 1942 nuptiis
1657 1870 1759 1928 bacobi

56 1960 159 2031 paries
177 1959 292 2013 liberm.
327 1955 410 2010 Hanc
434 1955 571 2010 rationem
597 1960 680 2027 urget
699 1960 728 2009 ct
747 1961 899 2025 exaggeret
923 1957 973 2013 filii
989 1957 1136 2014 consultat.
1174 1959 1208 2013 Si
1231 1960 1370 2030 acceptarit
1386 1959 1480 2012 Jacob
1504 1974 1618 2012 moran
1637 1961 1672 2012 de
1689 1960 1759 2021 filir'r

58 2046 166 2102 Tobiae
182 2043 289 2112 tetrior,
307 2041 420 2114 quando
437 2041 474 2095 ed
495 2040 582 2095 filium
601 2041 670 2094 dicit
687 2039 759 2096 Τοῦ.
778 2046 805 2109 4,
823 2057 849 2095 v.
867 2044 897 2094 3:
924 2046 1007 2110 Hetlr,
1026 2046 1092 2099 nolo
1109 2044 1215 2114 meere,
1240 2045 1316 2098 unde
1338 2045 1515 2115 postmodum
1532 2044 1647 2099 Imeus
1671 2044 1759 2100 filium

59 2129 340 2208 lamentantis
361 2128 447 2182 andri
474 2134 537 2180 tuac
559 2126 684 2180 omnim
705 2126 802 2179 dicim
823 2126 897 2178 vitat
924 2131 1039 2203 ableget
1066 2130 1096 2184 in
1122 2130 1353 2201 Mesopotamiam
1384 2129 1420 2185 ed
1450 2130 1606 2185 ducendam
1635 2148 1758 2187 uxorem.

60 2219 140 2288 sius,
156 2235 184 2274 v.
204 2223 229 2273 t.
248 2231 353 2269 mmor
373 2214 445 2268 enim
466 2230 526 2266 esse
543 2214 638 2281 debet,
659 2227 731 2282 quae
747 2218 775 2266 et
791 2219 898 2280 quanta
924 2217 991 2273 lud.
1012 2223 1057 2286 tt,
1076 2233 1102 2272 v.
1122 2222 1146 2272 t.
1169 2215 1282 2271 Simeon
1305 2215 1377 2286 patri
1398 2232 1448 2272 ruo
1466 2221 1495 2270 ct
1510 2215 1593 2270 matri
1610 2232 1677 2271 suae
1696 2233 1759 2287 pro·

56 2303 195 2375 pericula
208 2318 301 2372 passa
318 2301 356 2354 sit
369 2306 490 2370 prpter
511 2306 538 2352 te
563 2299 594 2351 in
610 2306 690 2351 utero
710 2315 770 2355 tuo.
808 2296 897 2352 Inoul·
924 2304 1045 2375 positum
1076 2303 1112 2358 de
1136 2318 1222 2357 uxore
1253 2317 1269 2356 e
1300 2300 1460 2356 Philisteeis
1497 2301 1624 2357 ducenda
1661 2302 1758 2372 aperit

61 2397 110 2445 eet
126 2389 244 2444 eandem
260 2386 399 2442 Sirecides
422 2401 447 2440 c.
471 2392 500 2451 7,
529 2403 554 2438 v·
580 2389 625 2440 29:
656 2382 783 2438 oeneus
798 2385 899 2438 mairie
924 2389 966 2444 Ex
979 2387 1103 2459 profanis
1115 2388 1236 2443 historiis
1253 2385 1381 2458 exempla
1397 2388 1545 2443 multorum
1558 2388 1760 2458 praestantissi-

61 2483 127 2529 tesae
146 2491 203 2528 non
220 2472 404 2539 οὸὶίυὺοατίε,
422 2487 493 2542 quoe
508 2470 655 2525 teiliwtin
668 2469 805 2525 laborioso
816 2477 899 2541 pettit
924 2490 1032 2531 morum
1048 2476 1170 2530 virorum
1188 2473 1291 2528 adduci
1308 2479 1431 2544 possunt,
1452 2473 1501 2544 qui
1512 2473 1608 2528 itidem
1620 2473 1649 2527 in
1665 2472 1759 2528 matri·

63 2559 300 2617 etmoieetissima
312 2556 479 2612 educatione
490 2555 641 2623 emisit3ut
653 2561 683 2610 et
693 2561 782 2611 mater
793 2561 898 2627 septem
924 2562 1016 2617 monio
1053 2559 1243 2616 coemendo
1280 2564 1435 2614 mammam
1481 2575 1646 2615 consensum
1682 2560 1759 2630 priua

61 2647 179 2703 frenum
198 2651 350 2714 mmynim
381 2648 404 2698 t.
431 2641 556 2696 Mecceb.
577 2647 606 2710 t,
632 2658 660 2700 s.
686 2647 734 2696 tl:
763 2641 826 2695 Fili
850 2643 899 2707 mi,
925 2647 1124 2720 explorandum
1151 2663 1212 2702 esse
1240 2646 1392 2715 duxmunt,
1420 2651 1452 2699 ut
1478 2644 1614 2716 Scipionis
1633 2644 1759 2701 Africam

62 2735 198 2788 numere
217 2731 280 2800 arei,
298 2746 370 2799 quae
388 2736 414 2782 te
427 2729 458 2781 in
473 2734 554 2781 utero
566 2744 662 2781 nonem
677 2728 817 2781 mensibus
829 2745 897 2798 por-
925 2752 958 2790 εχ
979 2733 1137 2797 plumbo,
1154 2731 1273 2787 Achillia
1291 2749 1325 2786 ex
1336 2729 1441 2787 Dareta
1452 2729 1586 2802 Phrygio,
1604 2730 1759 2787 Alexandri

10 2836 51 2885 aa,
63 2821 122 2874 tari
139 2827 166 2872 et
184 2819 231 2872 iac
248 2816 371 2869 tamaio
390 2815 461 2868 dedi
477 2822 504 2866 et
517 2814 581 2868 alui
593 2821 619 2866 et
632 2814 662 2866 in
680 2820 800 2867 adeum
816 2816 898 2868 comm
925 2819 1034 2876 Aurelii
1045 2835 1079 2874 er
1091 2818 1168 2876 Julio
1181 2817 1346 2887 Capitolino:
1373 2815 1460 2870 Plura
1471 2815 1615 2872 adducunt
1628 2817 1759 2872 &unius

58 2905 193 2976 padari.
231 2902 346 2972 Epona,
368 2917 438 2970 quoe
452 2899 555 2972 peperi
571 2899 689 2965 libetve,
702 2917 759 2954 nou
777 2901 900 2955 elecem-²
925 2907 960 2962 de
974 2907 1038 2976 jure
1056 2904 1175 2960 connub.
1196 2908 1267 2974 part.
1288 2908 1311 2959 2.
1331 2917 1354 2956 c.
1367 2908 1409 2958 47.
1429 2900 1476 2957 fol.
1492 2906 1551 2957 tte.
1568 2900 1711 2973 Cypraeus
1725 2903 1759 2966 de

63 2991 154 3062 inquit
177 2989 400 3060 Climmnffltss
426 2986 502 3056 apud
530 2985 693 3055 Euripidem
719 2985 749 3039 in
775 2985 896 3058 Iphigin.
924 2991 1046 3062 sponsal.
1078 3009 1102 3046 c.
1128 2996 1153 3045 6.
1178 3006 1207 3059 p.
1228 2994 1285 3045 tet.
1312 2994 1340 3043 et
1363 3004 1440 3058 seqq.
1477 2995 1503 3044 4.
1521 2987 1563 3041 Ex
1588 2988 1655 3059 ipsis
1667 2989 1758 3057 juris·

63 3083 87 3134 t.
105 3076 135 3131 A
154 3073 296 3130 communi
306 3073 383 3141 jure,
401 3070 476 3142 quod
495 3077 612 3141 uterque
631 3086 732 3141 parent
748 3071 778 3126 in
795 3071 897 3126 liberos
924 3077 1059 3133 conmbtis
1076 3075 1191 3148 quidam
1215 3078 1358 3142 statumt,
1387 3073 1469 3129 ctiam
1485 3074 1550 3143 jure
1567 3073 1642 3128 cirili
1661 3075 1758 3129 matris

64 3163 178 3218 obtinet
222 3159 321 3230 Neque
344 3157 418 3212 euim
441 3156 518 3212 solus
537 3164 618 3227 pater
634 3157 671 3211 ed
690 3159 896 3229 generationem
923 3180 1087 3227 consensum
1109 3159 1221 3232 requiri.
1259 3159 1380 3214 Basilius
1403 3158 1554 3214 Mennerus
1583 3160 1612 3214 in
1638 3158 1692 3215 hec
1709 3176 1757 3215 no·

64 3257 89 3304 et
105 3246 300 3304 educationem
316 3243 466 3298 liberorum
478 3242 625 3311 concurrit,
641 3243 690 3297 sed
705 3244 802 3298 matris
814 3245 896 3299 cuam
922 3256 982 3305 ntra
1008 3246 1152 3304 academia
1174 3245 1246 3316 juris
1271 3244 1412 3317 qnondam
1435 3245 1576 3315 professor
1600 3244 1629 3298 in
1652 3245 1701 3302 lib.
1722 3246 1758 3301 ds

63 3334 232 3406 adjutorium
254 3337 283 3386 et
303 3347 390 3402 opere
413 3330 508 3384 dimna
532 3329 707 3386 ordinatione
729 3330 766 3385 ed
790 3330 896 3402 prolem
922 3335 1056 3391 clandest.
1077 3332 1189 3403 conjug.
1200 3331 1253 3386 hac
1265 3330 1302 3386 de
1318 3345 1349 3384 re
1362 3329 1403 3384 sic
1414 3329 1540 3386 disserit:
1562 3326 1695 3393 Quonn's
1703 3333 1757 3400 jus

63 3419 252 3492 generandam
274 3422 304 3472 et
322 3416 497 3471 edumdem
514 3415 676 3486 requiritur,
697 3433 730 3471 ac
748 3421 896 3488 propterea
922 3422 1004 3477 cis-de
1021 3437 1079 3474 non
1096 3419 1226 3472 meatur
1239 3417 1400 3472 necesaria
1422 3417 1567 3486 requirere
1587 3417 1758 3472 retunsona

64 3522 222 3564 mmmunes
246 3509 312 3558 eunt
336 3501 417 3558 libmi
443 3502 555 3572 utrique
580 3501 699 3573 parenti.
739 3502 804 3558 Jam
830 3519 896 3559 vcro
922 3508 1031 3576 notris,
1050 3512 1144 3558 tamen
1161 3503 1237 3557 iden
1247 3503 1304 3572 jos,
1317 3501 1475 3572 praecrpue
1489 3503 1660 3572 posteriores
1672 3503 1757 3572 impe

64 3594 165 3652 nmini
184 3590 272 3646 invito
290 3588 375 3645 debet
391 3604 472 3642 suum
485 3587 676 3658 citruculpem
689 3605 768 3643 susm
785 3588 897 3659 autern,
921 3592 1050 3648 retortae
1078 3589 1288 3644 constitutiones
1314 3605 1371 3643 non
1395 3589 1507 3641 omnino
1536 3589 1667 3642 sidentur
1697 3607 1759 3644 ears

64 3695 128 3754 ergo
153 3678 238 3735 etiem
261 3675 354 3730 necui
376 3673 486 3744 parenti
509 3673 596 3729 invito
618 3673 697 3728 liberi
715 3674 818 3729 debent
831 3675 896 3730 aab·
922 3679 1079 3733 secludere.
1113 3673 1247 3740 Namlea
1265 3673 1308 3727 ait
1324 3673 1355 3726 in
1374 3672 1393 3728 l.
1410 3672 1442 3725 in
1458 3674 1759 3743 retunderetur

63 3766 149 3834 uehi,
174 3763 241 3818 inde
269 3760 346 3832 apud
369 3759 481 3815 Limum
505 3758 645 3829 Scipionis
672 3759 798 3814 Africani
828 3776 898 3814 uxor
922 3772 1016 3835 nupt:
1034 3763 1069 3818 Si
1082 3761 1185 3832 puella
1202 3759 1341 3828 suijuris
1357 3759 1396 3812 sit
1413 3759 1551 3813 intrati.
1571 3777 1676 3814 annum
1695 3778 1758 3815 con·

60 3850 239 3924 indignatur,
262 3847 335 3901 nihii
354 3849 390 3901 de
416 3847 569 3900 eommunis
579 3847 664 3914 filiae
683 3846 838 3901 elocutione
856 3862 898 3901 ee·
923 3852 1021 3904 stituto
1047 3856 1074 3903 et
1096 3847 1192 3918 patris
1219 3845 1328 3899 cumbis
1355 3845 1447 3909 fucrit
1473 3846 1626 3915 destinata,
1656 3848 1759 3901 matris

55 3951 123 3995 cum
142 3935 338 3993 romuleum.
367 3937 392 3988 3.
406 3930 453 3987 Ab
472 3933 581 4002 affectu
601 3947 657 4002 quo
675 3937 778 3986 mames
794 3931 897 3987 liberes
923 3937 1014 4006 inquit
1036 3942 1063 3989 et
1079 3932 1307 4002 propinquorum
1331 3939 1358 3984 et
1387 3931 1478 4000 ipsias
1503 3932 1621 3985 aarum
1649 3950 1758 4002 proprie

52 4024 291 4096 complectuntur.
323 4017 430 4082 Quodsi
448 4016 520 4073 cuim
537 4017 601 4072 ideo
618 4023 765 4089 parentum
782 4033 897 4074 consen·
921 4023 1085 4092 requiratur
1111 4019 1272 4088 judicium,
1301 4014 1400 4086 quibus
1433 4017 1524 4070 verbis
1559 4034 1616 4071 non
1645 4020 1759 4074 obscure

45 4122 106 4167 tue
127 4127 146 4165 a
163 4106 258 4164 liberis
276 4105 307 4159 in
324 4104 500 4159 matrimonio
516 4104 712 4175 requirendus,
733 4104 800 4176 quia
816 4121 896 4177 prae·
906 4105 911 4189 Ι
921 4110 1112 4179 optinentur,
1136 4105 1237 4160 mat&
1254 4121 1362 4174 quoqrn
1379 4103 1547 4158 comicum
1565 4105 1698 4160 edidere·
1711 4109 1759 4160 de·

41 4201 209 4252 manetur
230 4192 366 4265 optimum
388 4189 535 4245 maium
565 4205 667 4258 capere
692 4198 718 4243 et
744 4192 896 4246 recusans
923 4198 995 4251 bere.
1031 4195 1072 4248 Et
1089 4191 1217 4246 noadiae
1235 4189 1444 4244 constitutiones
1460 4190 1621 4244 Justiniani
1637 4193 1758 4260 impera·
1782 4233 1785 4237 -

35 4278 160 4338 liborio
180 4280 363 4350 prospicere,
388 4276 408 4330 1.
432 4276 537 4346 penult.
555 4274 585 4331 ff.
604 4274 639 4331 de
656 4275 719 4332 bon.
737 4276 828 4336 libert.
844 4278 897 4332 uti·
922 4283 993 4338 toris
1021 4280 1182 4335 indistincte
1213 4276 1295 4330 naua
1328 4278 1411 4341 facto
1445 4276 1584 4329 nomione
1607 4278 1870 4346 potestatium,

31 4378 116 4435 que
139 4383 198 4422 non
220 4370 264 4420 est
282 4360 468 4435 negligendus
493 4361 589 4417 metris
607 4378 773 4429 consensus,
791 4364 896 4435 quippe
923 4371 1074 4438 loquentia
1093 4367 1129 4418 de
1140 4363 1321 4434 parentibus,
1345 4361 1476 4418 Autem.
1494 4368 1525 4414 ut
1542 4377 1605 4416 eum
1625 4365 1661 4415 de
1679 4365 1758 4432 apel·

28 4463 135 4521 quae
151 4451 301 4509 martimo
321 4454 351 4505 et
368 4447 631 4503 arctissimo‘emore
643 4448 745 4504 liberos
764 4454 897 4521 tanquam
924 4456 972 4511 lat.
991 4470 1116 4523 copnosc.
1131 4451 1260 4521 parentis
1283 4457 1376 4502 autem
1393 4447 1587 4519 appellatione
1603 4450 1758 4504 continetur

23 4540 106 4595 oui
135 4544 231 4610 partes
245 4532 456 4604 complectitur.
502 4537 528 4587 t.
556 4533 583 4586 A
608 4534 748 4602 paritatis
777 4537 896 4594 radone.
923 4543 1008 4596 etiam
1033 4547 1138 4608 mater,
1164 4537 1229 4591 aeia
1255 4543 1280 4590 et
1306 4552 1400 4589 omnes
1414 4536 1623 4588 udsmndentes.
1650 4533 1758 4607 1.s.§.

24 4614 224 4697 Requiritnr
240 4625 387 4693 parentum
405 4633 569 4687 morcarus,
591 4636 626 4671 ne
643 4621 715 4687 ipsis
738 4620 832 4674 insitis
851 4623 896 4676 be
923 4628 1048 4683 Praetor.
1067 4624 1096 4679 ff.
1118 4625 1152 4678 de
1176 4622 1205 4677 in
1228 4622 1277 4693 jus
1289 4620 1423 4677 vocando.
1443 4619 1507 4675 etl.
1525 4619 1711 4690 appellatione
1728 4620 1758 4677 ff.

23 4720 110 4765 Pes
126 4717 312 4780 meatur,
332 4704 362 4779 S·
387 4712 411 4762 3.
433 4707 451 4761 l.
471 4712 510 4761 12.
533 4706 562 4760 ff.
581 4707 618 4761 de
637 4712 709 4776 capt.
729 4712 758 4761 et
776 4708 895 4778 postlim.
923 4715 959 4769 de
975 4712 1050 4767 verb.
1065 4709 1158 4782 signif.
1186 4711 1278 4762 Aliud
1289 4724 1396 4778 qrsoqrse
1414 4707 1569 4779 capbuluns
1583 4709 1611 4761 in
1624 4708 1758 4764 Antheut.

29 4790 150 4869 Atqui
170 4813 227 4850 non
244 4795 336 4850 minue
353 4791 436 4847 matri
453 4807 538 4864 quesn
557 4790 632 4862 petri
648 4791 701 4846 hoc
720 4791 849 4864 obtingit,
865 4799 898 4848 ut
923 4805 956 4854 ut
977 4814 1040 4854 oum
1060 4797 1095 4851 de
1114 4813 1179 4866 app.
1196 4811 1277 4869 cogn.
1300 4802 1328 4849 et
1351 4795 1378 4848 in
1398 4793 1417 4848 l.
1437 4799 1460 4850 t.
1479 4790 1508 4865 S.
1528 4793 1572 4848 sin
1588 4800 1681 4849 summ
1702 4811 1758 4852 ver.

32 4873 120 4948 ipsi
143 4883 248 4938 invites
272 4880 354 4936 heres
383 4884 569 4950 egnmcewr,
601 4877 625 4931 si
654 4894 805 4934 consensus
836 4882 897 4951 ejus
924 4884 1043 4956 Oportet
1062 4880 1092 4938 0.
1110 4882 1145 4937 de
1162 4887 1249 4953 rapti
1277 4881 1393 4935 Diserte
1409 4880 1588 4950 praecipitur
1606 4889 1633 4934 et
1652 4881 1759 4950 simpli-

35 4968 230 5041 negligatnr.
265 4966 329 5022 Non
347 4971 441 5036 potest
466 4962 661 5018 filiusfamilias
679 4965 800 5022 elienere
824 4966 898 5023 bona
924 4972 994 5026 cicer
1007 4969 1205 5039 aparentibus
1220 4967 1266 5021 cel
1283 4965 1319 5020 ab
1337 4966 1396 5036 bis,
1419 4982 1489 5035 quos
1515 4967 1607 5030 deon,
1632 4968 1760 5036 paenam

46 5056 150 5115 neris
167 5055 212 5111 sel
236 5053 348 5118 metris,
372 5051 518 5123 utriusque
545 5051 619 5105 enim
643 5068 703 5108 esee
726 5070 822 5124 parem
844 5054 897 5110 hec
924 5072 982 5112 esse
997 5056 1159 5125 petendam,
1176 5068 1227 5107 nec
1242 5052 1332 5106 ullam
1344 5051 1420 5116 facit
1435 5052 1599 5106 medonem
1612 5052 1761 5122 potestate‘s

55 5129 101 5190 in
116 5147 189 5209 perte
212 5140 348 5196 rationem
371 5139 453 5193 docet
480 5136 611 5193 Salomon
636 5136 718 5195 Prov.
738 5143 784 5205 28,
805 5156 832 5197 v.
855 5146 898 5198 24,
923 5149 973 5198 ete.
1011 5143 1051 5197 Et
1077 5140 1203 5211 pomae
1226 5135 1335 5207 (inquit)
1355 5138 1411 5189 nto
1440 5137 1531 5200 facile
1556 5138 1656 5205 refelli
1675 5154 1760 5206 porse

64 5232 133 5294 ergo
151 5244 203 5283 nec
231 5243 261 5282 se
284 5225 376 5296 ipsum
401 5224 461 5279 sine
484 5223 572 5294 petris
593 5227 622 5278 et
643 5224 739 5278 matris
763 5241 898 5282 consensu
923 5230 1088 5293 adeonae,
1112 5227 1139 5281 a·
1161 5226 1225 5296 quis
1248 5223 1390 5277 abeatur
1407 5221 1556 5291 disputare
1575 5224 1651 5291 uelit,
1668 5224 1760 5293 maore

73 5304 182 5369 *limera
200 5318 301 5385 potest.
331 5311 464 5378 Breviter,
483 5326 555 5382 quae
566 5310 687 5365 rationes
700 5327 751 5381 pro
762 5328 897 5368 consensu
924 5334 1009 5387 qnam
1026 5313 1178 5385 asperitatis
1195 5311 1334 5366 rationem
1350 5308 1460 5378 bebere,
1479 5314 1573 5364 tamen
1590 5327 1653 5364 cum
1671 5310 1760 5363 maai·

76 5403 208 5458 tuentum
232 5400 264 5454 in
287 5412 390 5471 genere
416 5396 585 5464 afferuntur,
610 5411 661 5452 eae
683 5396 713 5452 in
736 5398 829 5468 specie
845 5417 896 5470 pro
923 5417 966 5457 ms
984 5403 1084 5458 &mot
1099 5417 1161 5465 nos,
1178 5397 1230 5469 qui
1242 5410 1308 5451 cere
1327 5394 1455 5450 uolumus
1470 5411 1529 5451 esse
1548 5411 1583 5451 ae
1601 5395 1761 5464 dicijuris·
