4020 6022
778 220 831 279 ιι
851 176 1052 280 consueto.
1697 236 1756 295 257

68 382 168 429 eorem
184 375 297 445 quidem
314 384 438 447 peccato,
456 394 512 431 non
523 384 615 431 tomen
629 384 752 446 tempore
764 378 826 445 ιιιι,
846 394 900 447 ano
913 378 917 443 Ι
929 378 978 433 sad
996 379 1026 433 in
1045 394 1146 451 genere
1172 379 1208 435 de
1229 380 1326 452 queris
1346 400 1413 453 usu,
1438 382 1505 456 quia
1529 400 1562 439 ex
1586 400 1618 439 so
1635 384 1762 441 educere

68 462 235 531 conjugales
253 471 332 517 ιιιιιι
348 472 498 532 geruntur,
513 465 677 537 praesentio
695 466 787 519 sancti
808 464 901 536 Spiri-
929 470 1058 534 conetur,
1085 466 1242 523 sacerdotes
1267 467 1433 540 acoujugio
1451 485 1511 525 esse
1531 469 1674 535 arctandos,
1694 486 1759 526 con-

67 556 116 601 tus
146 550 275 614 dabitur,
302 551 413 605 etiamsi
426 551 569 623 prepheta
592 551 723 606 uideatur
748 568 826 621 esre,
855 551 905 622 qui
929 549 1022 605 fundit
1037 568 1101 606 vero
1122 551 1374 624 hypocritaactum
1392 555 1484 626 ipsum
1502 554 1632 628 conjugii,
1651 554 1761 628 quiper

67 635 261 703 generationis
276 638 373 707 officio
397 638 565 707 abeeqnitur.
602 637 851 709 ceclaturas.
872 645 902 693 4:
915 656 918 715 Ι
930 652 960 689 se
979 644 1123 706 peccatum
1143 656 1199 694 non
1217 645 1267 709 est,
1285 647 1314 694 et
1326 639 1432 711 lepram
1451 639 1588 710 libidinis,
1606 658 1678 712 quae
1698 648 1761 712 post

71 719 234 793 Quicunque
249 725 334 779 acori
349 724 471 777 ιιιιίιιιιι
490 725 601 792 reddit,
620 742 723 779 cacare
741 742 797 779 non
810 721 1037 801 potestglapsum
1063 724 1194 791 accessit,
1221 741 1347 796 quaeque
1374 725 1518 782 honestate
1544 727 1703 798 nuptiarum
1731 728 1761 783 in

68 807 197 861 wodani
224 826 275 863 nee
308 812 343 865 de
370 810 506 864 carnibus
536 811 615 878 Aoni
645 812 788 865 comedere
816 812 902 866 dehet.
915 808 983 878 ‚piis
1010 809 1176 880 conjugibus
1204 811 1309 883 tegitur
1336 820 1365 867 et
1386 812 1540 883 excipitur.)
1579 811 1708 869 Costeras
1732 814 1760 870 in

69 891 157 946 ltem:
186 894 221 947 Si
235 912 327 964 panes
349 896 556 966 propositionis
585 896 621 948 ab
647 896 705 964 hie,
731 897 782 965 qai
803 912 905 950 amorre
930 894 1031 950 enchir.
1063 910 1125 965 cap.
1153 901 1193 951 15.
1221 896 1440 965 conjunctionem
1466 900 1641 967 conjugalem
1674 916 1706 953 ec
1730 914 1761 953 ιι

67 994 138 1030 anae
155 980 313 1048 tetigerant,
332 982 442 1035 comedi
458 999 515 1034 non
530 988 672 1049 poterant,
690 988 794 1051 meanto
812 981 987 1050 maurusam
1015 981 1132 1043 foedam
1158 990 1185 1034 et
1215 982 1387 1038 immundam
1405 1002 1464 1038 rese
1482 984 1563 1054 dicit,
1590 993 1621 1039 ut
1638 986 1761 1053 sanctifi·

67 1064 121 1117 ille
138 1066 238 1133 ponas,
268 1067 319 1136 qni
345 1068 380 1119 de
405 1067 483 1121 coelo
501 1068 660 1137 descendit,
684 1085 741 1121 non
756 1074 850 1138 potest
867 1067 904 1119 ab
916 1084 918 1105 ¹
930 1066 1040 1119 catione
1057 1068 1225 1121 sacramenti
1241 1069 1383 1140 indigeat,
1401 1088 1455 1140 quo
1472 1071 1677 1136 sanctificatum
1694 1070 1760 1126 item

68 1149 122 1213 irie,
135 1152 185 1219 qui
204 1152 399 1221 conjugalitate
408 1154 499 1222 panto
510 1162 573 1207 onte
591 1154 740 1208 temerant
758 1153 905 1221 compleci-
916 1162 918 1169 ·
930 1152 1053 1205 animam
1071 1154 1193 1208 hominis
1206 1171 1261 1224 per
1279 1171 1340 1209 eam
1359 1158 1401 1210 ad
1423 1157 1564 1217 inferiora
1584 1156 1761 1227 deprimini

69 1237 130 1303 bere,
149 1238 256 1291 uiolari
273 1246 357 1307 atque
374 1241 509 1310 contingi,
533 1258 589 1293 non
612 1243 689 1309 quod
702 1240 817 1309 nuptias
837 1256 901 1291 con·
915 1214 1021 1313 {minue
1040 1240 1155 1293 idoneor
1173 1241 1210 1293 sit
1227 1242 1359 1295 coelestia
1376 1244 1512 1296 meditari
1529 1252 1612 1312 atque
1629 1251 1760 1297 tractare.

68 1324 244 1393 damnemus,
270 1327 322 1378 sed
340 1327 418 1394 quod
434 1342 465 1380 eo
484 1333 617 1396 tempore,
636 1343 691 1394 auo
710 1344 809 1380 carues
827 1326 905 1391 Aguri
915 1322 1063 1423 jPistorius
1081 1326 1111 1379 in
1129 1324 1256 1397 hodeget.
1275 1343 1298 1380 c.
1320 1332 1359 1382 13.
1380 1346 1408 1398 p.
1423 1334 1482 1384 ott.
1502 1331 1594 1384 Deum
1610 1347 1666 1383 non
1677 1330 1762 1397 ferre

71 1412 275 1465 manducaturi
300 1429 409 1481 ιιιιιιιι,
435 1429 537 1465 cacare
555 1430 574 1465 a
594 1412 756 1466 carnalibus
772 1412 1107 1480 operiorsseonjupalem
1127 1413 1345 1466 commixtionem
1365 1415 1396 1467 iu
1406 1417 1656 1482 porsoniesanctie
1673 1422 1700 1469 et
1713 1416 1760 1468 as-

69 1498 230 1554 deteamue.
253 1514 277 1553 c.
296 1496 348 1553 Vir
359 1514 423 1552 cum
437 1498 554 1569 proprie.
568 1514 642 1553 caus.
662 1502 690 1551 et
702 1502 808 1569 quaest.
827 1497 903 1554 iisd:
915 1488 918 1507 '
929 1497 1013 1564 notio,
1040 1505 1067 1551 ιι
1082 1499 1147 1568 pior
1165 1499 1298 1567 coniuges
1315 1501 1490 1563 sanctificari
1507 1500 1675 1554 abstinentia
1694 1518 1760 1555 cou-

74 1582 127 1637 Vir
143 1601 205 1638 cum
221 1584 344 1656 propria
360 1600 446 1637 neore
464 1584 620 1648 dormiens,
646 1583 704 1636 niei
727 1584 801 1637 tona
819 1600 904 1653 agno,
915 1570 1037 1650 ljncatu
1054 1585 1270 1640 consuetudinis.

69 1670 218 1724 ecclesiam
249 1672 357 1723 intrare
388 1688 443 1724 non
471 1670 559 1723 delet.
616 1668 746 1732 Quamuis
776 1666 918 1724 diuersaei
965 1673 1022 1725 434.
1058 1670 1190 1736 Quamvis
1207 1688 1288 1736 vero,
1310 1680 1341 1725 ut
1359 1672 1500 1727 evidenter
1514 1676 1572 1746 jam
1592 1674 1759 1729 demonstra·
1774 1667 1833 1708 ⁰⁸⁰¹
1866 1720 1874 1759 ¹

68 1756 213 1810 hominum
231 1758 358 1811 nationes
377 1759 412 1809 de
431 1758 483 1809 lac
500 1773 531 1809 re
549 1757 662 1809 diuersa
681 1757 802 1809 sentiant
820 1765 904 1827 atque
915 1752 918 1783 ¹
930 1760 996 1819 tum,
1018 1772 1083 1810 usus
1104 1757 1229 1828 conjugii
1247 1757 1275 1811 in
1294 1774 1324 1812 se
1336 1774 1368 1811 ac
1382 1774 1431 1827 per
1443 1775 1472 1813 se
1489 1774 1545 1813 uon
1558 1759 1593 1815 sit
1606 1766 1760 1830 peecatum,
1773 1718 1865 1819 imm

68 1844 135 1897 alia
151 1834 294 1898 cintodire
305 1844 461 1911 siderentur,
484 1844 673 1897 Rontanorum
692 1850 783 1896 lansen
796 1860 904 1913 semper
915 1842 917 1915 ξ
928 1847 1021 1896 tamen
1034 1834 1259 1914 distinguendum
1277 1850 1318 1897 est
1329 1844 1403 1898 inter
1417 1861 1497 1898 usum
1518 1846 1649 1917 conjugii,
1669 1846 1759 1917 qualis
1773 1822 1868 1871 '‘mn''

68 1929 109 1985 ab
131 1930 336 1999 emiorsioribus
358 1948 425 1983 ιιιιιι
450 1930 507 1992 fnit
526 1938 593 2000 port
612 1930 811 1983 admistionem
836 1918 1027 2000 pro-¹iuisset
1040 1929 1071 1981 in
1088 1934 1164 1981 statu
1182 1928 1351 1997 integritates
1364 1936 1393 1985 et
1404 1931 1494 2001 qualis
1509 1938 1551 1986 est
1564 1932 1760 2003 portlapsam.

64 2016 155 2085 princ
168 2015 266 2069 neoris
278 2023 304 2069 ιι
317 2015 661 2084 kcamipurificotionem
676 2032 811 2084 quaerere
830 2024 856 2070 ιι
868 2016 904 2070 at
916 2038 918 2079 f
932 2014 1005 2067 Ante
1024 2013 1131 2084 lapsum
1157 2012 1256 2069 suimet
1278 2015 1366 2070 modis
1393 2017 1520 2072 omnibus
1540 2035 1625 2088 purus
1646 2034 1679 2073 ac
1698 2036 1758 2074 san·

68 2101 202 2169 inpressu
218 2101 352 2155 ecciesiae
369 2100 516 2169 pardulum
534 2109 695 2171 temperare.
726 2102 835 2167 (Posset
851 2100 904 2155 hoc
915 2100 918 2159 ἱ
930 2106 991 2155 ctus
1013 2106 1041 2155 ιι
1059 2099 1167 2173 absque
1185 2100 1242 2156 ulla
1260 2098 1356 2170 ἇιιιξιςι
1374 2108 1403 2156 et
1423 2102 1591 2158 adhaerente
1608 2104 1762 2175 cupiditate

68 2187 160 2242 rideri
178 2186 296 2258 petitum
308 2202 342 2241 ex
360 2186 422 2258 lege
442 2186 564 2241 Mosaios
587 2187 650 2243 Lem
675 2194 713 2256 15,
732 2206 757 2243 r.
777 2193 823 2244 16:
847 2185 1029 2257 tas-,mitiora
1047 2188 1181 2256 conjuges
1198 2185 1251 2240 sibi
1264 2188 1380 2244 invicem
1398 2188 1616 2259 cohabitassent3
1636 2191 1686 2245 sed
1699 2198 1761 2262 post

69 2274 109 2328 de
127 2290 181 2343 prro
200 2274 343 2342 egreditur
366 2290 458 2328 remen
477 2274 581 2341 coitus,
608 2275 715 2329 ιιιιαιιι
729 2293 806 2345 aquo
825 2291 904 2329 omne
916 2272 919 2317 l
930 2270 1038 2342 lapsum
1057 2272 1180 2327 admixta
1201 2280 1243 2327 est
1256 2275 1441 2345 generationis
1458 2277 1534 2347 operi
1553 2278 1630 2347 lepra
1640 2276 1762 2331 lihidinis

67 2378 174 2429 corpus
191 2376 272 2413 enum
288 2368 314 2413 ιι
341 2361 501 2413 immundus
519 2361 675 2430 oriturque
694 2364 735 2415 ad
751 2356 958 2431 r·espernm.iet
982 2374 1085 2428 provee
1112 2360 1353 2429 concupiscentiae
1376 2362 1481 2416 vitium.
1523 2361 1761 2425 Quemadmodum

68 2446 127 2503 Sed
150 2462 184 2500 ex
204 2450 281 2500 textu
299 2445 428 2501 Hebraeo
451 2453 582 2518 apparet,
610 2464 665 2501 non
695 2448 729 2502 de
753 2464 902 2519 congressu
916 2426 1003 2499 fenim
1020 2450 1110 2499 toturn
1127 2444 1263 2501 hominem
1283 2463 1315 2501 ac
1334 2464 1428 2501 omncs
1447 2449 1556 2503 animae
1573 2450 1721 2504 facultates
1733 2455 1762 2504 et

68 2531 190 2586 maritali
209 2547 272 2586 cum
291 2547 389 2597 uxore,
409 2532 457 2586 sed
477 2533 513 2587 de
534 2531 670 2587 effusione
689 2535 815 2598 seminis,
832 2551 905 2608 quae
917 2516 920 2553 ¹
930 2531 1052 2599 corporis
1068 2538 1160 2601 partes
1173 2531 1307 2602 originale
1319 2541 1463 2603 peccatum
1477 2534 1644 2590 horribiliter
1655 2534 1760 2601 iniecit,

68 2619 102 2672 in
121 2634 217 2672 somno
240 2619 407 2690 quandoque
430 2619 578 2690 contingit,
601 2619 640 2674 ibi
663 2635 723 2675 esse
744 2635 906 2689 sermonem,
917 2592 920 2695 ¹
931 2616 970 2670 ita
989 2633 1099 2688 quoque
1117 2618 1246 2674 membris
1265 2618 1437 2689 generationi
1454 2620 1553 2674 dicatis
1564 2620 1672 2691 peccati
1684 2620 1762 2692 lepra

68 2703 185 2759 additur
207 2703 281 2757 enim
304 2721 330 2757 v.
358 2710 404 2759 l'l:
431 2706 527 2758 Omnis
551 2706 636 2760 ιιιιιι
659 2714 685 2759 et
704 2708 793 2761 omnis
810 2702 1027 2777 pellis,¹intime
1050 2704 1164 2773 insedit,
1189 2704 1265 2760 unde
1292 2706 1454 2777 protoplasti
1479 2706 1553 2760 ioliis
1570 2705 1639 2761 ficus
1665 2707 1761 2762 eadem

68 2806 158 2860 super
172 2808 256 2859 quam
266 2793 356 2856 fimrit
368 2793 469 2863 effusio
484 2793 606 2862 seminis,
624 2794 764 2847 locantur
775 2794 805 2846 in
817 2795 905 2863 aquis.
931 2799 1026 2860 tegere
1043 2796 1072 2844 et
1089 2790 1219 2847 obvelare
1234 2792 1389 2857 voluerunt,
1407 2810 1470 2846 cum
1490 2791 1627 2847 insolitam
1647 2795 1762 2857 ιὶιαξιαι·

69 2877 154 2941 Quod
171 2892 239 2948 ergo
255 2878 381 2949 sequitur
398 2896 422 2934 r.
445 2883 489 2933 ts:
509 2879 627 2947 Mulier,
646 2896 707 2932 cam
726 2896 780 2947 mro
798 2879 906 2945 coierit,
931 2874 971 2930 ibi
988 2875 1131 2941 sentirent,
1151 2875 1220 2932 Gen.
1233 2881 1258 2942 3,
1272 2894 1298 2930 v.
1311 2883 1335 2934 ’1.
1353 2894 1386 2931 ac
1406 2877 1482 2933 Deus
1501 2878 1561 2949 ipse
1580 2881 1690 2933 ιιιιιιιι
1707 2878 1763 2933 illis

68 2965 215 3019 ιοιιιιιιιι·
235 2982 311 3033 aqrra
330 2972 356 3017 ιι
373 2965 515 3018 immundo
539 2966 593 3019 erit
610 2972 663 3022 etc.
687 2964 716 3019 id
740 2964 856 3020 limitata
873 2961 1012 3027 ac,addit
1028 2979 1056 3021 v.
1076 2963 1202 3034 atquin
1223 2970 1251 3018 et
1271 2964 1411 3034 apostolus
1429 2970 1510 3019 vocat
1526 2968 1650 3020 membra
1668 2962 1762 3041 ἀτιμό-

70 3052 255 3107 determinate
274 3050 485 3121 accipiendum,
503 3056 651 3122 antequam
669 3051 776 3105 scilieet
793 3052 907 3105 maritus
918 3034 921 3117 ¹
932 3067 998 3123 τερα
1016 3052 1062 3102 ιιι
1081 3048 1244 3122 ἀσχήμονα,
1269 3066 1341 3121 quae
1364 3051 1486 3122 tegendo
1513 3058 1578 3105 sunt
1604 3052 1763 3107 honoranda

68 3138 159 3194 inerit
177 3137 214 3192 ab
231 3137 281 3191 illa
296 3136 450 3208 pollutione
466 3138 651 3205 emundatus.)
683 3138 860 3192 Innocentius
879 3138 922 3247 ιιι
936 3141 958 3189 1.
975 3134 1038 3189 Cor.
1059 3140 1106 3199 rt,
1129 3153 1154 3190 r.
1175 3140 1217 3191 23.
1233 3204 1236 3209 ¹
1251 3135 1346 3207 Atque
1361 3134 1426 3189 inde
1443 3143 1501 3205 est,
1519 3138 1591 3207 quod
1610 3138 1764 3211 conjugalis

70 3223 189 3281 Siricius
202 3220 347 3294 pontifices
365 3222 401 3277 ad
418 3223 550 3295 conjugia
564 3224 737 3279 sacerdotum
756 3241 908 3280 accommo·
933 3235 1105 3293 congressus,
1124 3222 1172 3293 qui
1190 3228 1256 3276 ante
1273 3221 1381 3293 lapsum
1401 3221 1508 3275 nullum
1524 3223 1658 3293 pudorem
1674 3224 1763 3280 meus-

71 3312 144 3367 dant
162 3310 313 3366 mutentias
332 3308 395 3363 illas
413 3310 592 3380 apostolicas:
613 3310 670 3372 Qui
686 3313 717 3364 in
734 3327 819 3365 carne
836 3318 908 3377 sant,
934 3308 1029 3371 sisset.
1057 3308 1139 3363 hodie
1163 3316 1300 3363 secretum
1324 3314 1407 3362 amat
1450 3309 1624 3379 Augustinus
1649 3310 1697 3367 lib.
1725 3317 1765 3366 14.

73 3400 141 3451 Deo
156 3398 272 3467 placere
289 3414 345 3449 non
358 3406 486 3464 possunt.
522 3397 576 3460 Qui
592 3405 656 3451 runt
673 3398 823 3466 inquinati,
844 3400 908 3451 Deo
935 3394 1218 3451 contanciam:
1240 3395 1307 3458 Qum
1325 3396 1426 3463 nescit,
1451 3404 1482 3448 nt
1494 3396 1557 3462 filii
1574 3406 1766 3466 procreentur,

66 3484 189 3555 placere
207 3502 262 3537 non
277 3490 406 3553 possunt,
422 3500 484 3536 mem
503 3484 637 3552 scriptum
656 3485 701 3550 sit,
721 3484 909 3554 coinquinatio
935 3482 1004 3550 auid
1022 3482 1095 3537 inter
1114 3500 1143 3535 ιι
1160 3483 1292 3551 conjugae
1316 3488 1415 3549 agant,
1441 3483 1666 3551 quandoquidem
1684 3492 1715 3537 nt
1733 3485 1767 3537 id

72 3579 104 3624 et
128 3570 288 3633 infidelibus
314 3570 386 3623 nitu
410 3578 451 3622 ιιι
475 3572 614 3624 monadum.
652 3569 737 3641 Hugo
755 3570 909 3641 virginibus
934 3578 1046 3637 agatur,
1066 3577 1145 3623 tanto
1165 3569 1324 3623 celebritate
1343 3570 1485 3622 ducuntur
1500 3586 1615 3633 uxorea.
1631 3579 1656 3624 ιι
1674 3578 1766 3624 tamen

71 3657 107 3711 in
123 3657 327 3727 comparatione
347 3656 498 3727 conjugum
516 3657 707 3711 accommodat
725 3656 792 3710 illud
804 3656 861 3725 Sap
885 3660 909 3720 3,
934 3672 997 3708 cerm
1014 3656 1119 3725 agitur,
1146 3658 1222 3708 unde
1233 3655 1296 3723 filii
1311 3662 1478 3724 nascamur,
1505 3672 1555 3708 nec
1571 3656 1628 3724 ipsi
1653 3657 1722 3723 filii,
1741 3658 1767 3709 si

10 3752 56 3795 m.
71 3759 104 3798 v.
125 3746 169 3799 13:
184 3742 268 3797 Felice
286 3742 391 3795 sterilis
409 3750 435 3795 et
453 3760 509 3795 nou
527 3743 717 3811 coinquinato,
733 3758 805 3810 arrae
823 3742 909 3794 ιιιιι-
936 3743 985 3811 ptri
1001 3742 1068 3795 inde
1085 3742 1148 3811 jam
1176 3742 1238 3794 nati
1256 3750 1333 3805 aunt,
1359 3749 1440 3795 testes
1463 3742 1529 3805 fieri
1544 3741 1766 3808 permittentur!

72 3830 116 3883 vit
134 3837 225 3883 torum
242 3829 273 3882 in
291 3828 404 3896 delicto,
422 3843 484 3882 cum
497 3833 588 3881 textus
606 3828 741 3894 ostendat,
759 3826 910 3899 illegitimis
938 3828 1078 3883 Sicorim
1104 3828 1156 3881 hoc
1178 3836 1250 3881 recte
1268 3829 1384 3896 factum
1408 3828 1450 3879 od
1466 3826 1512 3879 rui
1529 3828 1658 3880 notitiam
1676 3827 1766 3881 lucem

72 3914 316 3971 commixtionibus
334 3920 412 3968 extra
439 3915 600 3985 conjugium
625 3914 693 3968 illud
714 3914 824 3984 opponi.
842 3913 910 3968 Vul·
936 3914 1043 3986 appetit
1055 3913 1222 3981 animorum,
1237 3920 1269 3965 ut
1282 3920 1374 3965 tarsen
1389 3912 1514 3979 refugiat
1526 3913 1679 3982 oculorum,
1691 3914 1764 3965 unde

73 4002 250 4076 gatissimum
266 4007 310 4057 est
328 4001 357 4054 in
386 4005 491 4071 papatu
518 4000 553 4055 ad
572 4000 692 4055 coelibes
709 4000 909 4055 accommodari
921 3994 925 4069 ¹
936 4003 999 4067 hoc,
1023 4000 1081 4053 ιιιιι·
1098 4000 1165 4069 quia
1183 3999 1225 4051 sic
1244 3998 1364 4068 geritur,
1390 3999 1466 4068 quod
1483 3999 1579 4051 deceat
1596 4014 1630 4051 ιι,
1652 4006 1766 4063 notura,

73 4088 147 4145 illud
167 4086 390 4159 apocalypticum
409 4104 470 4157 cap.
493 4093 531 4153 14,
549 4105 576 4144 r.
594 4094 624 4143 t:
642 4088 685 4141 Hi
697 4096 769 4151 eunt,
788 4089 838 4156 qui
847 4105 909 4141 cnm
936 4098 966 4142 ut
983 4087 1067 4141 etiam
1084 4087 1160 4156 guod
1170 4088 1287 4154 pudeat,
1306 4085 1496 4139 comitatorem
1510 4102 1611 4155 poena.
1641 4102 1701 4156 cap.
1720 4091 1765 4141 ta:

73 4176 241 4233 mulieribus
259 4192 314 4228 non
331 4183 394 4227 ιιιιι
413 4174 595 4245 coinquinati,
615 4174 738 4242 uirgines
751 4176 823 4227 enim
839 4182 911 4242 ιιιιι,
938 4178 977 4228 ,ιι
993 4191 1059 4229 cero
1077 4172 1213 4242 genitales
1228 4173 1356 4242 eorporis
1369 4179 1468 4241 partes
1481 4172 1522 4225 ita
1537 4171 1626 4225 libido
1637 4190 1688 4227 erto
1700 4172 1769 4241 jrsri

74 4280 142 4320 cnm
157 4263 193 4318 de
206 4260 342 4333 spirituali
355 4260 514 4331 virginitate
525 4261 554 4315 id
568 4260 759 4331 accipiendum
774 4261 818 4316 sit.
850 4260 913 4315 Bel·
938 4261 1143 4331 quodammodo
1160 4258 1343 4327 mancipavit,
1361 4266 1392 4312 ιιι
1409 4259 1514 4312 moveri
1531 4276 1586 4313 non
1603 4258 1724 4327 valeant,
1742 4258 1768 4309 ei

74 4350 212 4407 larminus
223 4347 271 4403 lib.
287 4355 309 4404 1.
327 4347 363 4402 de
375 4346 481 4403 clericis
498 4364 520 4403 c.
542 4352 580 4403 18.
596 4344 624 4421 ἕ.
638 4346 702 4402 Jem
715 4364 779 4402 vero
791 4354 858 4404 etc:
877 4349 913 4402 In
937 4351 1002 4419 ipim
1020 4346 1144 4413 defuerit
1160 4354 1211 4401 etc.
1231 4346 1282 4399 ιιι
1301 4353 1341 4399 ιιι
1359 4347 1436 4415 quod
1448 4348 1546 4413 pudet,
1566 4347 1617 4399 hoc
1635 4346 1768 4413 estquod

73 4446 145 4493 actu
169 4434 297 4504 conjugii
313 4435 413 4502 negari
435 4452 491 4488 ιιι
503 4442 608 4503 potest,
632 4436 698 4504 main
724 4436 850 4488 admista
876 4434 913 4487 sit
938 4434 1103 4489 intuentium
1129 4432 1224 4487 oculos
1254 4432 1439 4486 aubeecendo
1472 4432 1591 4497 devitat,
1622 4432 1767 4500 magisque

75 4524 221 4595 maedam
237 4522 387 4588 impuritas
411 4528 437 4573 et
450 4520 586 4589 pollutio,
603 4538 659 4573 non
677 4537 749 4589 guae
763 4526 913 4590 peccatum
936 4526 996 4587 sert
1011 4521 1092 4574 homo
1106 4520 1287 4588 spectantium
1307 4519 1519 4585 rectitudinem,
1538 4520 1651 4587 qnando
1663 4518 1768 4585 iniuste
1780 4517 1827 4559 XV·
1841 4514 1887 4559 ¹²⁸·

74 4610 136 4679 sit,
162 4609 215 4663 sed
234 4623 305 4677 ortae
331 4622 363 4661 ιι
386 4613 502 4675 peccato
530 4613 622 4660 tomen
648 4614 718 4660 nato
737 4607 781 4661 rit.
819 4607 914 4659 Etiam
939 4607 1072 4661 irascitur
1092 4605 1209 4668 homini,
1237 4622 1321 4674 quom
1344 4605 1426 4657 sanius
1449 4606 1626 4672 adspectum,
1655 4606 1768 4675 quondo

76 4702 241 4751 sanctorum
260 4692 468 4747 matrimonium
491 4692 552 4745 sine
569 4692 730 4761 pollutione
747 4694 871 4761 praedam
888 4700 916 4745 ιι
933 4695 1012 4764 jurate
1042 4694 1171 4745 miscetur
1197 4692 1286 4745 acori.
1338 4690 1423 4743 Plura
1451 4690 1480 4743 in
1508 4690 1580 4743 hanc
1605 4689 1768 4745 sententiam

76 4781 257 4853 turpitudine
274 4797 329 4833 non
349 4778 683 4833 exercerisatirtertotur
698 4779 815 4831 rebellio
833 4794 914 4831 mem-
939 4797 1015 4851 seqq.
1048 4794 1128 4847 capp.
1162 4775 1247 4830 addit.
1294 4776 1336 4830 Pii
1360 4793 1426 4847 ergo
1456 4777 1590 4847 conjuges
1620 4777 1768 4848 utrumque

77 4870 195 4923 ormam
226 4875 251 4920 ιι
275 4866 443 4919 verecundia
469 4865 592 4918 humana
617 4865 819 4927 indicano,
844 4880 915 4933 orcae
939 4869 1104 4935 agnoscent,
1130 4861 1259 4916 videlicet
1278 4862 1403 4916 ardorem
1419 4862 1495 4915 illum
1513 4878 1547 4915 ac
1566 4860 1691 4917 flammas
1705 4881 1768 4919 con·

80 4970 194 5026 serrper
212 4958 347 5008 secretam
365 4954 484 5021 qrraerrt.
521 4950 621 5022 (Atqui
639 4951 721 5006 etiam
741 4950 833 5006 alvum
853 4966 915 5004 exo
940 4949 1127 5022 cupiscentiae
1155 4954 1251 5003 sancto
1279 4947 1465 5017 generationis
1490 4949 1565 5017 operi
1589 4949 1769 5007 adhaerentes

74 5040 203 5097 metaturi
224 5044 360 5094 secretum
378 5037 544 5108 quaerimus,
561 5054 628 5090 num
647 5037 832 5107 idpropterea
851 5052 914 5107 pec·
939 5056 973 5094 or
996 5042 1111 5108 precato
1135 5042 1208 5090 ortas
1232 5050 1307 5100 esse,
1330 5050 1364 5087 ac
1387 5032 1473 5088 nihilo
1496 5039 1589 5090 tamen
1614 5035 1704 5091 minus
1721 5036 1769 5089 mi-

74 5136 174 5184 catnm
205 5131 249 5182 est
276 5130 305 5179 et
331 5123 447 5195 pollutio
479 5140 570 5179 coram
597 5121 692 5191 Deci)
738 5123 776 5177 Et
803 5129 913 5193 postea:
940 5124 1027 5179 raude
1045 5123 1100 5177 Dci
1129 5121 1253 5176 bonitate
1280 5120 1395 5182 ἀταξίαν
1421 5120 1497 5176 illam
1522 5122 1770 5194 concupiscentiae,

77 5216 171 5269 Αιιιιι
189 5211 316 5282 conjugii
334 5211 452 5264 manime
470 5210 577 5264 ιιιιιιιι
601 5210 689 5263 adem
707 5210 805 5263 mentis
822 5218 848 5264 ct
867 5212 912 5263 de·
942 5228 1014 5283 quae
1043 5227 1093 5280 pcr
1122 5209 1229 5279 lapsum
1251 5207 1387 5274 accessit,
1414 5208 1537 5280 conjugii
1564 5208 1707 5265 honestate
1737 5226 1770 5263 ac

70 5301 180 5373 primit
199 5301 241 5352 ad
259 5298 402 5359 inferiora
420 5306 448 5350 et
463 5297 611 5367 pertrabat
630 5305 657 5350 et
679 5297 801 5349 animam
820 5298 912 5364 ipsam
941 5295 1086 5351 sanctitate
1103 5295 1181 5365 quasi
1208 5293 1365 5349 obumbrari
1393 5310 1426 5348 ac
1443 5296 1516 5368 tegi,
1542 5301 1571 5351 et
1596 5296 1771 5368 conjugalem

76 5386 228 5445 canalem
256 5387 463 5455 pnouanrmodo
490 5386 571 5448 facit.
617 5382 683 5451 (Ubi
700 5386 774 5446 nota,
798 5398 853 5436 non
879 5382 914 5435 de
942 5380 1184 5445 consuetudinem,
1208 5379 1232 5434 si
1256 5380 1328 5433 intra
1349 5379 1425 5451 leges
1450 5383 1574 5455 conjugii
1604 5384 1771 5447 coirceatur,

74 5475 268 5533 immoderato
285 5472 408 5543 conjugii
424 5470 655 5528 usuBellarmino
673 5484 824 5526 sermonem
843 5484 913 5535 esse,
946 5484 1038 5525 coram
1065 5466 1126 5521 Deo
1156 5473 1184 5521 et
1210 5466 1240 5521 in
1265 5474 1413 5535 conspectu
1438 5468 1498 5538 ejus
1523 5484 1583 5523 esse
1608 5468 1771 5535 castimtsm,

137 5566 367 5613 ammonam
1412 5576 1442 5628 ii
