4020 6022
860 212 913 268 Dll
930 209 1130 270 censuale.
1783 221 1843 278 449

147 373 195 431 hb.
226 378 251 429 t.
280 372 317 429 de
342 389 417 429 cons.
447 388 546 445 evang.
570 388 595 427 c.
629 377 652 428 1.
678 369 725 427 lib.
752 377 774 426 1.
801 370 836 427 de
852 375 930 441 nupt.
952 372 981 425 et
1010 371 1223 438 sacramentum,
1241 365 1317 439 quod
1332 366 1490 423 nonetiem
1507 366 1717 439 superiectum,
1735 367 1845 424 institu-
1894 360 1901 377 '

145 460 303 532 concupisc.
336 478 359 516 c.
394 466 433 517 11.
462 477 515 515 uec
544 459 681 515 diffitente
707 458 876 514 Bellarmino
905 457 981 512 dieto
1007 452 1076 507 tioni
1106 453 1214 509 scilicet
1244 453 1355 510 divinae
1385 470 1539 525 congruum
1571 459 1598 509 et
1629 453 1755 524 partibus
1786 455 1844 511 suis

144 548 205 602 loco
249 565 340 619 neque
382 551 476 603 tamen
510 547 651 618 Josephus
690 545 809 601 Mariam
850 543 982 617 cognovit
1012 547 1187 601 συστατικαῖς
1204 542 1371 606 absolutum,
1389 556 1422 595 ex
1442 556 1497 610 quo
1514 540 1697 597 fundamento
1715 562 1844 614 ποτηριο-

144 633 246 693 hlattb.
271 639 297 698 l,
325 651 351 691 v.
372 640 413 690 25.
434 634 506 690 male
524 634 610 707 igitur
627 633 788 705 conjugium
806 637 898 688 ratum
915 646 979 685 con·
1007 631 1130 697 rinctus
1163 626 1339 682 Pontificiam
1378 627 1583 699 impugnamus.
1639 635 1664 685 4.
1699 629 1844 697 Quomodo

144 720 235 775 sertim
256 719 360 776 homini
388 720 488 774 claudo
508 720 552 775 vel
570 736 669 784 coeco,
701 737 763 773 cum
790 736 846 773 non
867 718 938 773 desit
955 717 981 773 ei
1006 714 1212 771 matrimonium
1229 722 1320 771 ratum
1337 715 1390 770 erit
1408 731 1505 770 verum
1516 722 1727 786 mouumentum,
1745 718 1769 772 si
1788 734 1844 774 non

145 807 258 881 aliquod
275 807 429 862 membrum
447 806 595 878 integrale.
634 805 664 862 Si
684 806 718 861 de
735 805 901 860 accidentali
918 820 980 875 per·
1007 800 1148 874 significat
1164 801 1249 872 illud,
1278 801 1308 857 in
1335 805 1416 874 cujus
1435 801 1638 874 significatione
1663 804 1735 861 ratio
1754 818 1845 860 sacra·

145 894 263 950 sectione
283 894 433 965 quaeritur,
455 893 646 963 concedimus,
665 892 870 947 matrimonium
890 896 981 946 ratum
1008 889 1091 944 menti
1118 888 1264 944 comistit'l
1315 895 1339 944 5.
1357 889 1422 947 lam
1442 895 1507 945 ante
1532 891 1718 961 ostendimus,
1751 890 1844 947 matri·

145 997 164 1036 a
183 985 373 1037 consummato
390 979 520 1050 differre,
550 985 581 1034 ut
600 977 793 1050 imperfectum
813 997 830 1034 a
849 979 980 1049 perfecto,
1007 975 1129 1030 monium
1152 982 1244 1031 ratum
1269 975 1340 1032 illud
1364 976 1457 1047 ipsum
1483 976 1641 1048 significare
1665 995 1747 1049 posse
1768 978 1844 1051 quod

147 1067 196 1122 sed
222 1084 255 1122 ex
283 1083 316 1123 eo
343 1066 439 1121 inferri
466 1066 578 1137 nequit,
608 1065 684 1138 quod
710 1065 781 1120 illud
799 1066 837 1120 sit
854 1064 981 1129 solubile,
1007 1069 1237 1124 consummatum.

146 1154 199 1209 hoc
216 1169 282 1208 vero
297 1152 455 1221 insolubile,
474 1152 638 1209 miserabilis
657 1152 729 1208 enim
741 1151 838 1223 petitio
851 1151 981 1224 principii
1043 1155 1101 1207 614.
1138 1151 1189 1204 Ad
1217 1150 1331 1204 tertium
1359 1150 1498 1204 rationem
1526 1165 1544 1203 a
1571 1154 1668 1206 mutua
1693 1152 1844 1224 conjugum

146 1248 202 1306 est,
229 1241 341 1312 quando
359 1239 546 1295 Bellarminus
563 1240 616 1295 hoc
634 1240 698 1295 loco
716 1239 826 1309 scribit,
854 1240 887 1294 id
905 1242 983 1310 quod
1008 1236 1177 1310 obligatione
1202 1236 1319 1309 petitam
1345 1236 1492 1307 dupliciter
1523 1235 1640 1308 excipit:
1670 1237 1764 1293 Primo
1788 1255 1843 1310 sos,

145 1329 222 1381 deest
250 1327 428 1382 matrimonio
456 1335 535 1392 rulo,
565 1334 606 1381 est
632 1327 677 1395 id,
709 1328 787 1396 pund
809 1327 882 1391 facit
906 1326 984 1380 illud
1008 1325 1058 1394 qui
1074 1325 1144 1378 dant
1157 1340 1187 1378 se
1204 1325 1282 1392 ipsos
1297 1324 1390 1391 uxori,
1407 1340 1515 1393 semper
1532 1324 1705 1393 intelligere,
1724 1342 1754 1378 se
1774 1328 1845 1380 dare

146 1415 272 1469 solubile.
316 1420 340 1472 5.
362 1412 455 1478 Quare
476 1430 570 1467 eorum
591 1413 790 1482 secerdotium,
820 1412 868 1484 qui
888 1417 982 1483 partes
1007 1428 1070 1466 cum
1089 1411 1316 1480 reconditione,
1347 1409 1406 1462 nisi
1423 1416 1555 1463 vocentur
1573 1426 1592 1462 a
1609 1410 1673 1463 Deo
1697 1412 1739 1464 cd
1759 1413 1845 1481 spiri·

144 1500 231 1555 officii
251 1500 293 1554 sui
311 1501 435 1555 nondum
452 1499 662 1565 administrant,
688 1515 744 1554 non
763 1499 871 1554 dicatur
889 1516 981 1553 sceer-
1007 1498 1101 1551 tuales
1129 1498 1254 1570 nuptias.
1295 1496 1423 1552 Secundo
1445 1514 1502 1550 non
1527 1497 1616 1551 maeri
1641 1498 1788 1568 eonjupem
1805 1501 1848 1553 cd

147 1587 253 1641 deliram
270 1596 363 1642 ratum
383 1596 408 1642 et
426 1605 482 1641 non
501 1594 733 1655 consummatum,
764 1587 824 1658 ejus
852 1585 892 1640 rei
910 1586 981 1640 ratio
1007 1584 1170 1639 solvendum
1196 1584 1338 1654 ejusmodi
1359 1583 1482 1637 debitum
1506 1599 1568 1636 cum
1592 1585 1761 1638 detrimento
1781 1585 1847 1640 honi

145 1674 249 1729 frustra
275 1674 434 1746 quaeritur,
467 1691 529 1728 eum
547 1672 600 1728 hoc
620 1690 653 1728 ex
682 1690 736 1728 usu
752 1672 883 1744 loquendi
900 1672 981 1727 unice
1008 1671 1169 1741 spiritualis
1185 1671 1239 1740 sui,
1259 1672 1374 1740 quande
1393 1670 1427 1723 id
1439 1677 1534 1740 potest
1550 1671 1617 1735 sieri
1639 1671 1700 1724 sine
1717 1671 1778 1726 ullo
1797 1674 1844 1727 de-

52 1765 72 1806 1.
86 1763 132 1806 ²5&
147 1760 311 1833 dependeat,
331 1760 436 1814 suflicit
454 1760 542 1826 nobis,
562 1761 636 1832 quod
654 1760 860 1815 matrimonium
879 1764 981 1829 ratum,
1008 1757 1138 1811 trimentc
1156 1756 1274 1811 oimrius
1292 1757 1437 1827 conjugis,
1464 1757 1546 1810 utin
1560 1758 1709 1827 praesenti
1731 1759 1844 1812 accidit.

145 1848 181 1903 ad
200 1848 275 1919 quod
296 1848 397 1919 copula
414 1849 538 1903 nondum
555 1846 690 1912 accessit,
714 1846 824 1902 dicatur
842 1862 898 1901 nou
916 1863 979 1901 con·
1010 1843 1164 1915 Utramque
1185 1841 1351 1898 solutionem
1369 1841 1438 1898 dicit
1457 1858 1516 1897 esse
1534 1843 1650 1909 bonam,
1685 1843 1736 1898 sed
1753 1850 1844 1915 poste-

145 1941 320 1998 summatum‚
338 1952 395 1990 non
412 1940 526 2005 propter
541 1933 680 1990 deiectum
694 1934 811 2004 alicujus
826 1932 981 1988 essentialis
1007 1930 1107 1985 riorem
1127 1947 1186 1985 esse
1203 1922 1294 2000 napis
1311 1931 1485 1994 conformem
1503 1931 1623 1984 decretis
1635 1939 1661 1984 et
1671 1933 1760 1998 saetis
1771 1950 1844 2002 pon·

145 2022 188 2077 vel
219 2021 383 2093 integrantis
414 2022 516 2092 partis,
548 2021 597 2076 sed
626 2022 735 2077 ratione
753 2038 820 2076 usus
848 2024 979 2076 stactus.
1008 2018 1120 2086 titicum,
1153 2017 1204 2087 qui
1233 2016 1397 2087 dispensant
1428 2017 1457 2069 in
1487 2018 1666 2072 matrimonio
1700 2026 1764 2072 rato
1788 2037 1845 2074 non

144 2108 188 2162 Ac
215 2108 237 2161 si
263 2125 321 2163 rem
345 2114 420 2162 recta
446 2107 593 2164 aestimare
616 2107 733 2163 velimus
749 2106 849 2179 judicii
867 2107 980 2177 nunna,
1006 2110 1204 2159 conmmncm.
1251 2102 1295 2158 De
1323 2103 1414 2174 priore
1432 2103 1510 2173 dicit,
1541 2103 1617 2176 quod
1635 2105 1743 2158 udatur
1767 2107 1843 2160 testi·

145 2194 220 2249 haud
256 2194 376 2250 absurde
413 2195 523 2249 illorum
554 2195 738 2250 secerdotium
766 2194 905 2248 diceretur
920 2202 980 2249 'non
1007 2192 1100 2245 monio
1113 2190 1234 2245 Nicclci
1247 2195 1288 2246 27.
1302 2194 1409 2260 quaest.
1429 2194 1452 2246 2.
1466 2206 1489 2244 c.
1503 2189 1621 2262 Scripsit
1633 2196 1694 2260 etc,
1706 2190 1755 2246 uhi
1768 2192 1845 2262 dicit,

145 2288 373 2350 consummatum,
393 2281 440 2352 qui
459 2281 564 2336 nullam
581 2280 760 2336 sacerdotalis
777 2281 917 2344 muneris,
935 2280 979 2335 cui
1006 2280 1101 2332 Deum
1121 2293 1194 2344 esse,
1216 2276 1367 2347 pui*soluit
1384 2277 1608 2346 matrimonium,
1640 2295 1703 2330 cum
1721 2279 1845 2350 eliensem

145 2368 275 2424 destinati
294 2373 323 2423 et
340 2368 493 2424 consecrati
513 2373 586 2436 suut,
599 2368 744 2441 attingunt
754 2374 872 2438 partem,
889 2385 980 2440 neque
1006 2371 1085 2419 occat
1104 2366 1146 2418 od
1161 2364 1333 2433 religionem.
1368 2364 1409 2417 Ar
1429 2362 1542 2435 (inquit)
1556 2364 1773 2427 fundumentum
1792 2365 1844 2420 hcc

145 2456 217 2511 euim
236 2456 356 2525 implent
373 2456 558 2510 ministerium
576 2473 671 2521 acuns,
700 2471 751 2509 nec
769 2472 880 2508 curnem
899 2473 980 2509 suum
1006 2470 1063 2506 non
1082 2459 1122 2506 est
1138 2450 1270 2516 solidum,
1292 2450 1361 2520 quie
1379 2450 1519 2503 Nicolaum
1537 2450 1662 2520 loquitur
1691 2453 1727 2505 de
1745 2453 1844 2506 matri·
1880 2518 1886 2532 .

144 2549 334 2598 ecnnrmmcnt
357 2546 381 2596 2.
402 2541 474 2599 Tim.
494 2548 525 2611 4,
552 2559 578 2598 v.
599 2548 621 2597 5.
640 2547 669 2596 et
687 2547 709 2599 ’1.
760 2546 785 2596 6.
804 2540 934 2595 Firmitas
951 2547 979 2596 et
1006 2538 1099 2593 monio
1126 2544 1315 2592 consummato
1343 2545 1370 2591 et
1400 2537 1533 2607 intelligit
1559 2537 1636 2592 illud
1658 2538 1732 2592 solui
1749 2542 1847 2608 quoad

143 2627 377 2683 indissolubilitas
404 2628 614 2684 matrimonialis
640 2627 745 2684 vinculi
767 2645 823 2683 uon
841 2627 980 2699 dependet
1006 2633 1097 2680 torum
1135 2632 1160 2680 et
1191 2643 1247 2679 non
1282 2626 1380 2695 qsmad
1416 2624 1565 2678 uinculum.
1617 2623 1843 2696 Respondemus:

143 2733 176 2769 ce
212 2715 417 2770 sacramentali
452 2717 579 2785 quodam
615 2715 827 2785 sipniflcetione,
865 2714 914 2770 sed
947 2730 979 2767 es
1005 2718 1124 2784 unaque
1155 2711 1280 2782 exceptio
1316 2715 1359 2767 est
1387 2708 1523 2780 absurda,
1554 2711 1682 2783 puerilis,
1714 2711 1844 2785 principii

144 2803 242 2857 diuina
272 2802 446 2856 institutione
478 2806 507 2856 et
536 2816 570 2856 ex
605 2801 730 2874 legitimo
759 2800 978 2857 contrahentium
1004 2799 1166 2872 petitionem
1195 2798 1346 2853 involvens.
1380 2798 1471 2853 Priori
1498 2798 1568 2853 haec
1605 2798 1783 2870 opponimus:
1821 2807 1844 2856 1.

142 2907 287 2945 consensu.
335 2897 359 2945 ’1.
389 2890 419 2945 si
458 2889 663 2945 matrimonium
696 2894 786 2943 ratum
813 2895 856 2943 est
882 2904 977 2943 verum
1005 2886 1127 2942 conditio
1147 2885 1196 2940 illa
1226 2902 1281 2940 non
1302 2891 1395 2956 potest
1412 2883 1594 2956 subintelligi,
1613 2885 1679 2957 quia
1705 2892 1845 2959 repugnat

142 2990 352 3042 sacramentum,
371 2994 427 3032 uon
447 2977 538 3032 minus
555 2976 608 3032 erit
626 2974 772 3031 insolubile
785 2993 868 3047 quam
886 2974 978 3029 matri·
1005 2981 1123 3030 naturae
1142 2971 1275 3044 conjugii,
1296 2971 1398 3043 quippe
1418 2971 1493 3043 quod
1512 2988 1546 3027 ex
1564 2971 1658 3027 divina
1670 2972 1844 3031 institutione
1857 2991 1971 3039 rumas.

143 3065 264 3121 monium
283 3071 512 3134 consummatum,
531 3084 595 3121 oum
613 3082 647 3122 ex
666 3064 816 3137 hypothesi
829 3063 978 3120 Pontificia
1005 3073 1048 3117 est
1072 3061 1213 3116 vinculum
1238 3057 1439 3113 indissolubile.
1491 3064 1516 3117 2.
1542 3057 1572 3113 Si
1599 3059 1721 3115 conditio
1747 3061 1796 3117 illa
1813 3062 1843 3118 iu

142 3153 257 3208 firmitas
285 3158 313 3208 et
338 3153 567 3209 indissolubiliter
595 3152 761 3208 matrimonii
791 3151 913 3223 pendeat
945 3169 977 3208 ex
1005 3149 1285 3222 conjugiicontractu
1298 3163 1407 3218 semper
1424 3145 1843 3221 subintelligitur,consequeus

142 3247 243 3296 natura
261 3241 436 3296 sacramenti.
487 3239 543 3295 Sed
561 3239 638 3310 prius
657 3256 760 3311 negare
788 3256 843 3293 uon
862 3244 979 3310 possunt
1005 3237 1096 3304 fuerit,
1113 3235 1220 3308 quoties
1241 3233 1279 3288 ob
1296 3233 1380 3288 talem
1397 3233 1583 3289 conditionem
1602 3235 1843 3306 supervenientem

142 3326 296 3390 Peneum,
324 3333 355 3381 ut
374 3345 406 3382 ex
424 3326 517 3382 verbis
537 3324 700 3381 Bellarmini
718 3324 753 3379 de
772 3325 890 3380 matrim.
910 3342 932 3380 c.
954 3332 977 3380 5.
1005 3321 1211 3379 matrimonium
1246 3319 1398 3389 dirimitur,
1440 3336 1495 3374 non
1532 3320 1601 3376 solvi
1639 3322 1842 3379 matrimonium

142 3420 260 3471 constat.
285 3413 361 3489 Ergo
387 3418 412 3469 8.
432 3413 533 3486 triplex
554 3412 602 3466 illa
627 3410 869 3484 significationen
887 3411 977 3465 minus
1004 3414 1109 3480 ratum,
1140 3407 1190 3463 sed
1208 3410 1318 3462 tantum
1347 3405 1520 3476 pronuntiari
1544 3406 1667 3475 irritum,
1697 3409 1771 3480 quod
1792 3427 1843 3465 sua

144 3502 172 3557 in
191 3501 367 3557 matrimonio
385 3506 446 3556 rato
466 3517 548 3572 quam
567 3499 596 3553 in
617 3505 806 3553 consummato
828 3498 976 3569 deprehen·
1005 3504 1104 3554 natura
1128 3500 1220 3551 ratum
1244 3511 1301 3550 uon
1328 3499 1394 3548 eret
1443 3495 1484 3548 At
1500 3493 1685 3549 Bellarminus
1710 3513 1843 3571 praesup-

142 3588 225 3643 ditur.
263 3587 335 3654 Quia
351 3587 423 3642 enim
442 3586 471 3640 in
490 3585 664 3640 matrimonio
680 3591 741 3641 rato
760 3587 977 3658 conjunguntur,
1004 3584 1099 3657 ponit,
1132 3581 1337 3638 matrimonium
1355 3580 1424 3635 illud
1443 3586 1507 3635 aute
1525 3580 1733 3637 dissolutionem
1757 3583 1844 3638 fuisse

132 3675 190 3747 ,qui
214 3674 336 3729 caritatis
367 3673 474 3745 glutine
497 3672 616 3727 invicem
640 3664 759 3727 uniti'et
778 3678 895 3727 naturae
914 3689 977 3727 con·
1006 3676 1111 3741 ratum,
1141 3686 1194 3725 nec
1221 3668 1355 3724 hocloco
1382 3667 1442 3740 agit
1468 3667 1503 3723 de
1527 3667 1730 3737 impedimentis
1750 3669 1843 3725 matri-

145 3761 313 3818 iormitatem
338 3760 477 3828 obtinent,
508 3775 593 3829 eccur
621 3775 714 3814 eorum
740 3759 898 3831 conjunctio
923 3776 977 3814 nou
1006 3758 1129 3814 monium
1149 3754 1368 3811 contrahendum
1386 3752 1598 3824 prohibentibus
1624 3761 1652 3808 et
1670 3760 1843 3810 contractum

143 3855 237 3921 posset
269 3846 426 3923 significare
458 3846 680 3918 conjunctionem
705 3845 807 3901 Christi
840 3863 903 3900 cum
935 3864 977 3903 ec·
1007 3842 1237 3911 dissolventibus,
1267 3840 1317 3896 sed
1337 3841 1372 3895 de
1387 3839 1472 3911 justis
1498 3840 1556 3895 veri
1575 3839 1699 3906 divortii,
1731 3842 1783 3897 hoc
1802 3847 1844 3898 est

143 3937 228 3992 clesia
252 3953 302 4008 per
327 3933 470 3989 caritatem
497 3940 525 3988 et
550 3933 773 4004 conjunctionem
795 3933 897 3988 Christi
916 3951 977 3989 cum
1007 3931 1151 3989 solutionis
1172 3930 1269 4000 moad
1285 3926 1428 3980 uinculum
1445 3926 1546 3982 causis.
1593 3933 1617 3981 3.
1636 3926 1690 3992 Qui
1709 3928 1843 3984 conditio·

145 4022 260 4078 ecclesia
277 4038 327 4092 per
344 4027 460 4076 naturae
478 4019 715 4075 conformitatem?
746 4019 920 4075 Contrarium
946 4038 978 4075 er
1007 4037 1071 4076 nem
1090 4018 1118 4072 in
1142 4019 1288 4072 conuecta
1308 4012 1464 4084 appositam
1483 4012 1570 4068 fuisse
1589 4014 1747 4084 praetendit
1766 4021 1793 4071 et
1811 4034 1845 4072 ex

145 4110 236 4166 verbis
264 4107 381 4180 apostoli
400 4105 501 4178 Ephes.
526 4113 549 4160 5.
570 4123 712 4178 nunquam
736 4106 978 4163 demonstrabitur.
1009 4125 1043 4163 ea
1061 4111 1232 4161 contractum
1251 4100 1381 4173 ajudice
1399 4099 1507 4154 irritum
1525 4099 1699 4170 pronuntiari
1711 4102 1847 4170 postulat,

146 4204 170 4254 9.
192 4196 245 4260 Qui
270 4195 325 4250 duo
352 4193 526 4249 matrimonia
547 4200 609 4248 rata
625 4192 777 4263 conhahit,
807 4193 872 4248 licet
895 4213 978 4249 unum
1008 4193 1195 4250 conditionem
1232 4188 1308 4244 illam
1343 4186 1499 4259 appositam
1535 4185 1621 4241 fuisse
1656 4187 1845 4245 demonstrare

145 4289 254 4340 tantum
273 4289 322 4338 aut
340 4282 446 4338 nullum
467 4285 646 4347 consummet,
664 4299 729 4337 vere
748 4289 791 4335 est
810 4298 903 4336 coram
922 4282 981 4339 Deo
1008 4281 1099 4337 debet.
1150 4277 1205 4332 Sed
1232 4274 1289 4329 tale
1314 4273 1382 4347 quid
1408 4273 1443 4329 de
1470 4273 1644 4328 matrimonio
1664 4279 1725 4329 rato
1742 4274 1845 4349 simpli·

145 4373 282 4444 digamus,
302 4388 365 4426 cum
382 4368 459 4440 prius
478 4373 650 4423 conuectum
672 4367 757 4422 fuerit
774 4384 870 4423 verum
889 4368 981 4423 matri·
1008 4368 1078 4423 citer
1115 4370 1143 4421 et
1180 4362 1308 4418 absolute
1343 4366 1485 4416 conuecto
1523 4359 1705 4416 demonstrari
1741 4363 1844 4434 nequit.

145 4458 275 4515 monium.
1008 4462 1033 4512 4.
1062 4453 1139 4508 Deus
1164 4449 1337 4505 voluntatem
1366 4465 1444 4503 suam
1472 4446 1501 4500 in
1527 4446 1612 4502 verbo
1640 4447 1680 4502 sic
1703 4447 1845 4520 revelavit,

182 4551 242 4601 613.
279 4546 325 4597 Ad
353 4544 506 4596 secundum
534 4543 671 4594 rohonem
697 4558 715 4595 a
744 4541 861 4596 veritate
890 4556 980 4595 sacre·
1009 4539 1084 4613 quod
1108 4537 1242 4609 conjuges
1267 4540 1364 4607 utpote
1389 4533 1522 4588 divinitus
1547 4532 1709 4588 indivisibili
1734 4534 1846 4592 vinculo

145 4633 230 4689 menti
249 4629 304 4686 κατ’
325 4627 480 4701 ἄνθρωπον
497 4646 530 4685 ex
541 4627 690 4700 hypothesi
702 4626 849 4682 Pontificia
869 4627 981 4682 ductam
1008 4625 1150 4698 conjuncti
1169 4641 1187 4680 a
1205 4641 1234 4679 se
1260 4622 1379 4678 invicem
1406 4621 1548 4676 discedere
1575 4619 1687 4676 minime
1713 4621 1843 4680 debeant.

145 4718 264 4790 excipit,
291 4717 499 4772 matrimonium
519 4722 613 4769 retum
631 4732 689 4769 esee
708 4732 802 4769 oerum
822 4731 981 4769 sacramen·
1007 4715 1083 4786 Ergo
1108 4729 1164 4767 non
1187 4714 1303 4782 possunt
1321 4707 1375 4762 dici
1394 4706 1528 4761 divinitus
1547 4705 1631 4771 solvi,
1662 4706 1710 4778 qui
1733 4724 1784 4779 per
1802 4708 1843 4763 in·

145 4818 212 4877 lum,
226 4809 279 4860 sed
295 4823 351 4859 non
365 4806 525 4874 perfectum
538 4804 635 4872 quood
646 4817 740 4855 omnes
752 4801 980 4871 significationes.
1007 4816 1136 4873 gressum
1156 4797 1185 4853 iu
1205 4795 1367 4867 religionem
1385 4793 1591 4848 matrimonium
1618 4793 1742 4863 solvunt,
1773 4794 1842 4850 alias

145 4893 374 4966 Respondemus:
396 4898 417 4946 1.
437 4889 541 4946 suffieit
561 4889 635 4961 quod
655 4889 692 4943 sit
715 4887 870 4960 perfectum
889 4889 980 4961 quoad
1008 4889 1086 4944 Deus
1112 4882 1234 4954 sibiipsi
1261 4881 1461 4936 adversaretur.
1507 4886 1531 4936 5.
1550 4880 1637 4935 Recte
1654 4879 1740 4952 igitur
1759 4899 1843 4954 agno·

147 4989 241 5056 partes
259 4978 433 5047 essentiales,
468 4978 497 5033 id
517 4977 592 5050 quod
608 4976 793 5032 Bellarminus
814 4992 916 5048 negare
934 4993 980 5031 ne·
1009 4974 1061 5030 scit
1091 4968 1289 5033 Bellarminus,
1323 4969 1374 5022 hoe
1400 4969 1616 5030 fundamentum
1641 4967 1761 5022 Nicolai
1787 4986 1844 5024 non

146 5070 222 5144 quit,
239 5068 279 5123 sic
303 5065 375 5123 euim
392 5064 489 5120 scribit
507 5064 555 5119 lib.
574 5064 609 5119 de
627 5063 745 5121 matrim.
772 5080 795 5118 c.
818 5068 846 5118 5:
878 5063 980 5117 Sucro-
993 5042 996 5110 i
1009 5076 1068 5116 esse
1086 5057 1219 5118 solidum,
1239 5056 1316 5125 gued
1334 5056 1415 5108 Deus
1433 5053 1525 5107 soluat
1541 5053 1764 5123 matrimonium,
1782 5072 1844 5108 crem

144 5164 264 5212 mentum
287 5152 464 5207 matrimonii
486 5159 571 5208 totum
594 5169 629 5205 ac
643 5151 760 5221 plenum
792 5157 926 5220 meatum
942 5152 995 5217 ad¹
1009 5146 1133 5216 aliquem
1162 5147 1243 5196 occat
1273 5142 1315 5193 ad
1343 5140 1515 5208 religionem.
1571 5138 1626 5195 Sed
1655 5139 1708 5195 hac
1736 5140 1844 5196 ratione

142 5251 242 5315 portes
267 5240 428 5296 essentiales
447 5239 586 5292 inuenitur
606 5239 636 5292 in
660 5244 806 5292 contractu
823 5252 879 5306 per
898 5220 1120 5307 uerba'propria
1151 5228 1245 5284 vineta
1270 5243 1321 5281 sua
1348 5225 1441 5281 caedit
1465 5231 1493 5281 et
1520 5225 1646 5283 cruribus
1663 5228 1720 5281 suis
1740 5226 1843 5298 impru-

146 5335 181 5386 de
201 5313 350 5400 praesenti.
389 5332 412 5382 2.
431 5324 622 5380 insolubilitas
635 5324 755 5396 conjugii
774 5341 828 5378 non
845 5286 997 5394 dependeti
1010 5321 1107 5376 denter
1124 5315 1228 5372 asciam
1244 5313 1341 5378 illidit,
1368 5328 1432 5366 nam
1451 5311 1617 5385 hypothesin
1638 5312 1673 5367 de
1691 5311 1843 5368 infallibili·

148 5437 165 5474 a
192 5415 360 5490 perfectione
380 5412 603 5485 significationis,
634 5413 683 5468 sed
702 5430 720 5466 a
745 5410 915 5482 perfectione
940 5388 1066 5465 seitate
1080 5404 1190 5478 papalis
1204 5401 1305 5475 judicii
1322 5399 1475 5456 labefactat
1501 5411 1528 5455 et
1549 5399 1779 5457 Scholasticorum
1798 5419 1843 5460 ex·

145 5503 266 5561 cundum
294 5505 387 5573 partes
417 5499 585 5556 essentiales.
637 5504 662 5556 ³.
690 5496 805 5554 Nullum
824 5503 867 5552 est
883 5511 978 5552 verum
1010 5493 1164 5566 ceptionem
1196 5488 1232 5544 ad
1260 5487 1378 5560 primam
1413 5485 1546 5543 rationem
1576 5486 1686 5558 penitus
1725 5487 1841 5545 subruit.

197 5596 360 5642 cenaene.
381 5594 426 5640 vu
1478 5595 1511 5647 29
