4020 6022
796 337 850 395 DE
869 337 1069 402 ceramum.
1691 355 1749 411 407

56 493 210 547 smtenias
227 494 340 564 aliquid
355 496 493 564 adjice&
510 498 588 567 quod
599 513 656 551 non
671 504 729 550 tam
741 496 893 566 apostolus,
907 496 910 597 l
922 502 1038 552 mutam.
1073 497 1199 552 Christus
1218 498 1341 570 loquitar
1358 501 1394 555 de
1410 500 1531 553 divortio
1543 518 1563 553 a
1575 507 1663 569 parte
1674 501 1752 555 inno

57 596 142 648 quam
161 578 287 638 ciram·
311 583 374 650 ipse
394 599 449 652 per
470 582 646 651 coapostoli
665 582 781 653 loqrsens
790 584 895 650 facere
920 591 998 637 cerae
1019 584 1098 652 justa
1119 601 1154 637 ee
1170 602 1258 639 causa
1276 586 1430 652 faciendo,·
1451 585 1557 640 Paulus
1577 587 1613 639 ds
1631 586 1752 640 diuortio

56 664 202 735 rideatur,
224 665 302 722 Rom.
324 674 370 733 15,
393 686 419 722 v.
442 674 480 726 18.
519 669 575 724 Sed
597 668 621 722 si
643 669 688 724 rel
711 669 827 724 maxime
849 684 894 739 po·
921 688 942 725 a
952 677 1039 739 parte
1055 679 1169 725 nocente
1186 672 1332 726 temerarie
1349 679 1376 725 et
1390 672 1493 740 injurie
1510 674 1597 737 facto.
1635 670 1752 735 Quando

56 751 152 806 testati
184 759 213 808 et
241 754 400 810 auctoritati
433 755 603 826 apostolicae
633 755 687 810 hoc
718 754 894 818 concedatur,
922 756 1048 826 quaestio
1065 756 1101 813 de
1120 757 1378 813 divortiofaciendo
1391 758 1563 829 proponitur,
1580 774 1677 812 sensus
1691 759 1751 828 ejus

57 838 180 892 nondum
203 845 296 895 tamm
322 840 421 895 satisfit
444 841 600 896 exclusivae
623 840 756 895 loeudoni
783 839 894 909 Christi,
922 847 978 906 est,
1002 849 1115 915 propter
1132 862 1201 915 quas
1217 861 1315 900 cauam
1334 846 1376 899 vir
1394 847 1451 900 sive
1467 843 1565 899 mulier
1583 844 1670 914 possit
1688 861 1706 898 a
1719 860 1752 897 se

58 940 131 994 quae
158 923 214 978 vim
238 941 317 980 suam
347 926 466 997 amittit,
493 926 518 981 si
541 925 598 981 elia
620 926 731 981 diromii
756 942 842 982 causa
866 927 895 980 in
921 929 1110 1000 repudiareet
1127 931 1247 1000 abjicere
1264 932 1324 986 sive
1341 932 1522 986 uxoremsive
1545 930 1752 1002 maritnmlegi·

58 1010 158 1064 ecdem
185 1011 355 1082 quaestionis
382 1018 458 1068 statu
481 1013 653 1068 admittatur.
698 1020 723 1069 t.
746 1013 895 1069 Albericns
920 1016 988 1071 time
1013 1016 1207 1086 conjunctum
1241 1017 1278 1072 ad
1304 1017 1377 1072 hanc
1400 1017 1590 1089 quaestionem
1613 1024 1688 1072 recte
1711 1030 1753 1068 re·

59 1094 180 1151 Gentilis
203 1096 266 1152 libr.
284 1103 308 1153 6.
336 1098 370 1153 de
389 1104 467 1169 nupt
493 1115 554 1170 cap.
577 1105 617 1156 14.
641 1099 837 1154 discessionem
854 1098 1073 1172 sic'spondetur
1108 1119 1158 1173 per
1186 1103 1353 1158 exclusivum
1385 1103 1501 1174 Christi,
1539 1103 1615 1175 quod
1642 1110 1753 1174 propter

60 1182 197 1253 explicat,
226 1191 258 1239 ut
272 1201 359 1240 noras
375 1185 523 1241 desertoris
543 1186 589 1241 rel
606 1186 763 1242 desertricis
781 1186 893 1257 nuptias
920 1187 1009 1244 solum
1033 1189 1201 1244 adulterium
1218 1189 1288 1245 illud
1308 1191 1397 1246 liceat
1435 1189 1534 1260 Neque
1552 1188 1625 1242 enim
1643 1194 1751 1258 aposto·

59 1275 89 1323 et
113 1269 154 1325 sic
177 1269 342 1327 adulterium
359 1271 492 1329 includat.
530 1274 663 1342 Omnino,
685 1273 791 1345 inquit,
811 1281 893 1342 puto,
920 1273 965 1328 lus
988 1281 1098 1345 praeter
1120 1275 1230 1330 unicam
1256 1274 1331 1330 illam
1349 1274 1452 1330 Christi
1471 1275 1660 1346 exceptionem
1677 1264 1753 1327 fideli

59 1357 219 1425 apostolum
244 1358 325 1428 loqui
342 1361 378 1413 de
395 1377 426 1414 eo
445 1360 570 1429 infideli,
605 1361 657 1429 qui
671 1377 701 1414 ee
718 1338 1063 1430 separareritlccncedit,
1090 1368 1124 1416 ut
1145 1368 1258 1433 propter
1280 1360 1471 1417 infidelitatem
1497 1378 1545 1417 seu
1564 1360 1752 1432 disparitatem

59 1459 80 1495 a
99 1444 187 1512 fideli
210 1461 263 1514 per
288 1447 441 1501 dicor-tim
464 1456 492 1502 et
510 1449 561 1517 jur
587 1448 713 1502 aliorsum
730 1446 894 1517 nuptiarum
920 1447 1061 1519 roligionis
1089 1447 1229 1504 infidelem
1250 1447 1393 1519 repudiet,
1422 1449 1489 1520 quin
1509 1449 1602 1519 potius
1626 1463 1753 1519 expresse

58 1527 116 1581 sibi
128 1531 241 1601 feceret,
258 1538 289 1586 ut
306 1533 428 1602 proinde
445 1534 591 1587 discedam
610 1534 696 1587 etiam
717 1533 814 1599 fidelis
829 1549 894 1601 pos·
920 1533 1008 1602 addit,
1026 1534 1051 1587 si
1067 1532 1188 1589 infidelis
1204 1534 1341 1590 consentit
1359 1533 1495 1601 habitare,
1513 1533 1603 1590 fidelis
1622 1550 1682 1589 cam
1697 1550 1753 1588 non

57 1615 96 1668 eit
120 1623 146 1669 et
170 1617 248 1671 olias
272 1619 437 1674 contrahere
453 1620 583 1689 nuptias,
616 1621 643 1674 ri
661 1620 786 1685 infidelis
804 1618 894 1672 debeo
921 1618 1054 1689 dimittat,
1084 1620 1134 1676 sed
1157 1622 1181 1675 si
1206 1621 1297 1677 fidelis
1313 1620 1349 1676 ab
1368 1620 1474 1676 infideli
1492 1621 1593 1692 injuste
1612 1620 1753 1676 deseratur

58 1702 115 1767 dit,
139 1703 247 1757 seilim
270 1722 289 1757 a
313 1705 492 1760 matrimonio
513 1722 568 1776 per
592 1707 668 1760 αἱίω
694 1707 824 1775 nuptiae,
853 1704 893 1758 s'ta
919 1712 949 1761 et
965 1705 1129 1778 abjiciatur,
1155 1707 1184 1761 in
1202 1707 1255 1763 hoc
1272 1707 1425 1763 malitiosae
1443 1707 1605 1763 desertionis
1625 1723 1707 1776 casu,
1728 1705 1752 1758 si

59 1789 133 1843 ιιι
159 1790 273 1844 mmm
301 1792 484 1862 ιιιιιιιιιιι·
509 1794 664 1864 nepam
702 1791 819 1849 smera
852 1796 894 1859 ro,
918 1791 1037 1848 ιιιιιιιι
1055 1778 1159 1849 eree
1175 1794 1285 1866 nequit,
1311 1801 1343 1849 ut
1361 1786 1516 1864 ιιιιιιιιιιι,
1534 1799 1564 1850 ιι
1582 1793 1672 1848 rem
1689 1810 1751 1848 ιιι-

58 1893 84 1933 r.
101 1880 149 1932 32:
170 1877 279 1932 Misiier
291 1882 504 1944 καταλείπουσα,
522 1880 688 1950 relinquam,
706 1880 798 1934 cirum
814 1896 893 1932 mum
917 1880 1007 1935 tinere
1023 1879 1133 1952 nequit,
1154 1881 1316 1951 pronuntiat
1340 1880 1495 1951 apostolus,
1518 1879 1602 1936 tidem
1620 1896 1675 1935 non
1692 1895 1753 1934 esse

59 1978 85 2016 v.
103 1966 145 2018 33.
166 1965 197 2018 in
218 1965 410 2028 fornicatione
435 1967 616 2023 adulteravit.
652 1967 718 2020 Non
737 1965 894 2019 disceditur
919 1966 1052 2021 desertori
1073 1966 1209 2021 serviliter
1224 1965 1381 2038 alligatam,
1407 1967 1457 2021 sed
1476 1966 1598 2024 liberam.
1636 1965 1753 2021 Occasio

59 2066 78 2102 a
102 2051 277 2105 matrimomo
300 2051 359 2105 ns'ei
371 2069 426 2122 per
455 2053 620 2121 moram,
644 2054 722 2122 meod
738 2059 779 2106 ert
797 2052 893 2106 matri·
919 2060 947 2108 et
966 2069 1066 2124 scopus
1089 2052 1234 2125 utriusque
1257 2053 1383 2124 responsi
1407 2052 1551 2108 achristo
1575 2061 1604 2107 et
1626 2051 1752 2123 apostolo

58 2136 147 2190 monii
163 2137 323 2207 disolutis,
341 2146 372 2191 ut
390 2138 501 2193 dsbcedi
518 2138 684 2193 abandons
697 2138 813 2204 dicitur,
831 2155 893 2191 cum
919 2139 978 2195 dati
1001 2158 1060 2196 rem
1084 2156 1193 2196 omnem
1218 2140 1340 2210 expedit
1381 2139 1525 2195 Pharisaei
1545 2144 1695 2211 quaerunt,
1717 2154 1754 2192 an

60 2224 142 2277 enutio
158 2231 305 2278 commacla
322 2224 497 2279 ds'sroleitur.
533 2224 607 2287 Quin
625 2226 729 2295 etipse
747 2225 892 2294 apostolae
919 2243 1084 2299 quacunque
1110 2244 1143 2283 ex
1168 2243 1255 2282 causa
1278 2227 1361 2283 liceat
1389 2227 1448 2282 viro
1470 2226 1610 2280 dimittere
1632 2240 1753 2289 uxorem,

59 2324 84 2361 r.
101 2313 142 2364 10.
161 2325 230 2366 voce
241 2313 368 2384 pepticas
384 2313 473 2365 utimr
487 2329 544 2381 pro
562 2312 731 2366 discueioae
751 2329 813 2366 eum
829 2328 890 2366 eon·
918 2313 1068 2384 respondet
1091 2311 1230 2380 Chr-istus,
1254 2329 1288 2368 er
1315 2312 1394 2369 nulla
1417 2329 1503 2368 causa
1533 2313 1617 2367 licere
1639 2310 1692 2366 nisi
1717 2309 1754 2365 ob

54 2394 134 2465 jupis'
148 2396 286 2451 telamone
302 2398 461 2466 coniuncta,
480 2399 660 2468 aotmnporis
680 2398 891 2453 circumstantia
919 2399 1126 2466 scortationem,
1158 2399 1264 2455 nullam
1289 2416 1357 2472 ergo
1384 2400 1510 2471 agnoscit
1532 2398 1617 2454 aliam
1642 2396 1752 2452 divortii

59 2481 173 2551 aliquid
195 2499 307 2537 nonme
328 2490 430 2552 potest,
472 2484 604 2539 Vivebant
630 2484 787 2540 Chn‘stioni
812 2485 892 2540 illiue
918 2485 1039 2540 faciendi
1057 2501 1171 2540 eausam
1186 2490 1297 2556 praeter
1313 2484 1488 2540 adulterium.
1522 2482 1752 2555 Oomnthiiquae·

58 2569 192 2639 temporis
208 2570 283 2624 iuter
294 2571 423 2625 Judaecs
440 2577 467 2625 et
484 2571 615 2637 ethnicae,
633 2572 733 2642 qrsibue
748 2589 805 2642 per
815 2572 892 2642 lepre
918 2572 1027 2637 rebant,
1047 2588 1085 2627 an
1101 2572 1138 2627 ob
1151 2570 1343 2628 infidelitatem
1356 2570 1514 2627 ledendum
1532 2571 1570 2626 sit
1587 2569 1751 2638 divordum3

59 2654 207 2711 uerebar
228 2663 256 2711 et
272 2658 418 2711 Romanae
441 2657 548 2711 licitum
570 2665 631 2713 erat
646 2667 746 2727 petere
765 2659 891 2713 libellum
918 2659 1164 2730 negatapcstolus,
1184 2664 1213 2714 et
1228 2657 1283 2714 bac
1300 2657 1447 2730 negatione
1465 2674 1629 2729 responsum
1649 2655 1753 2731 Christi

58 2743 173 2812 repudii
189 2750 216 2797 et
232 2744 365 2813 reparari
383 2761 402 2797 a
417 2742 577 2799 Christiano
596 2747 731 2815 eonjupe,·
743 2746 810 2815 jam
826 2762 891 2799 cero
918 2763 973 2799 non
991 2743 1120 2814 infirmat,
1138 2745 1188 2801 sed
1203 2743 1353 2801 confirmat
1381 2744 1558 2809 Quaerebant
1575 2743 1691 2799 ulterius
1709 2742 1753 2797 vel

58 2827 171 2883 Mus
189 2829 305 2899 repudii
321 2830 406 2884 etiam
421 2831 585 2885 includebat
593 2839 759 2900 potestatem
769 2830 893 2886 ducendi
919 2848 1051 2902 quaerere
1067 2836 1205 2902 poterant,
1223 2832 1247 2886 si
1263 2848 1381 2902 persona
1399 2830 1519 2886 infidelis
1530 2831 1651 2887 defecto
1665 2829 1753 2884 disce·

59 2915 154 2972 oiiam.
190 2915 285 2987 Atque
307 2913 377 2970 haec
400 2916 491 2972 omnia
516 2924 591 2973 recte
613 2916 750 2989 probant,
776 2917 806 2971 in
825 2933 892 2972 casu
919 2918 968 2972 dat
988 2924 1017 2974 et
1041 2917 1117 2975 fideb
1134 2917 1296 2973 cohabitare
1312 2918 1395 2987 nolit,
1421 2917 1472 2972 scd
1488 2917 1634 2988 repudium
1650 2915 1753 2981 mittat,

58 3000 211 3058 malitiosae
240 3002 403 3058 desertionis
432 3021 496 3060 cum
523 3021 596 3059 novo
627 3003 801 3061 matrimonio
827 3020 891 3058 con-
919 3003 987 3075 quid
1009 3003 1086 3059 fideli
1102 3003 1278 3071 iaciendum
1304 3004 1453 3075 respondet
1469 3004 1624 3074 apostolus,
1645 3008 1753 3074 partam

56 3089 173 3160 Junctae
196 3089 268 3161 parti
286 3089 426 3147 innocenti
444 3091 635 3147 concedendas
655 3109 716 3148 esse
732 3091 801 3146 alias
821 3106 891 3161 nup·
918 3091 1022 3162 injuste
1045 3090 1183 3147 desertam
1198 3107 1254 3146 non
1277 3107 1339 3146 esse
1356 3090 1410 3145 sub
1426 3090 1557 3146 sevitute
1575 3089 1751 3145 demendam

58 3175 127 3241 tias,
150 3175 199 3232 sed
221 3177 396 3233 ostendemus
419 3178 548 3247 inferius,
577 3179 608 3234 in
632 3195 700 3234 casu
722 3177 893 3245 desertionis,
919 3183 1032 3250 propter
1059 3177 1247 3250 illegitimum.
1260 3175 1379 3233 infidelis
1401 3177 1521 3248 iactum,
1546 3194 1602 3232 con
1626 3193 1693 3249 erpo
1716 3174 1751 3230 de

59 3261 169 3317 etiamsi
190 3280 247 3318 non
265 3269 373 3319 constet
391 3263 427 3318 de
446 3281 518 3320 noro
537 3264 683 3321 desertoris
701 3263 746 3319 rel
766 3262 892 3319 desertri-
920 3265 1017 3321 eadem
1035 3264 1205 3336 quaestione,
1226 3262 1262 3320 de
1280 3263 1371 3319 cauda
1383 3263 1488 3319 scilicet
1500 3263 1610 3319 divortii
1621 3263 1751 3332 faciendi,

59 3350 99 3404 cis
115 3348 296 3415 matrimonio,
313 3350 408 3422 rigore
424 3350 616 3422 hujustextus
633 3350 779 3421 apostolici
790 3368 892 3406 norum
920 3351 993 3423 agit,
1018 3351 1068 3405 sed
1091 3350 1302 3422 praesuppositis
1319 3350 1464 3422 illegitimo
1490 3349 1611 3405 infidelis
1634 3349 1751 3405 divortio
1850 3348 1855 3353 '

59 3434 265 3491 matrimonium
281 3438 356 3509 parti
374 3437 499 3495 desertae
515 3438 654 3493 innocenti
674 3436 891 3502 concedendum,
919 3454 1053 3509 personae
1077 3437 1231 3493 morene·
1254 3443 1285 3495 et
1309 3437 1400 3492 fidelis
1420 3438 1603 3493 conscientiae
1622 3436 1751 3493 comulit.

10 3518 45 3567 Ν
58 3521 102 3578 sic
125 3538 192 3593 ergo
218 3522 291 3578 radit
313 3523 476 3595 quamitum.
525 3530 548 3581 8.
570 3524 690 3591 Quidam
716 3524 892 3595 respondent,
920 3524 1037 3581 Deserta
1060 3540 1179 3596 persona
1199 3530 1309 3579 tantum
1330 3523 1425 3593 abest,
1447 3530 1481 3579 nt
1504 3524 1627 3595 separari
1649 3539 1680 3577 se
1698 3523 1752 3592 pri·

53 3625 111 3679 per
135 3608 318 3664 desertionem
344 3609 441 3680 mam,
467 3611 503 3663 de
525 3629 581 3681 praa
598 3610 744 3679 apostolus
759 3610 892 3680 loquiur,
918 3611 1005 3667 mario
1023 3628 1057 3668 ac
1074 3611 1178 3666 directe
1196 3616 1284 3682 petat,
1300 3617 1333 3666 ιιι
1351 3615 1448 3666 contra
1464 3611 1556 3681 potius
1575 3609 1751 3665 dmmbieem

58 3712 117 3749 non
140 3695 214 3750 colei
228 3694 366 3750 uinculum
386 3695 551 3766 conjupale,
574 3696 692 3767 ideoque
706 3697 816 3751 nomine
835 3714 891 3752 ser·
917 3703 1028 3770 repetat
1045 3704 1074 3754 et
1091 3698 1129 3753 ad
1146 3696 1306 3769 conjugalis
1317 3694 1411 3752 officia
1421 3697 1546 3752 revocari
1560 3713 1621 3750 eam
1634 3694 1751 3766 flagitet

57 3780 155 3837 rituti
172 3783 203 3835 in
221 3789 294 3836 uam
311 3783 466 3852 apostolico
481 3783 641 3853 mtellipunt
660 3784 756 3838 uaeris
772 3782 816 3837 rel
833 3800 890 3837 ma·
918 3784 949 3841 si
972 3785 1064 3840 dicas:
1099 3782 1211 3837 Paulae
1234 3783 1377 3838 innocersti
1397 3785 1528 3837 detortae
1548 3785 1632 3851 parti
1652 3800 1752 3836 norum

57 3868 112 3923 riti
135 3869 247 3938 officia,
273 3885 344 3939 qliae
359 3886 483 3940 persona
502 3869 597 3935 nmio
615 3872 727 3925 deserta
743 3869 892 3925 dmeririn
917 3868 1125 3927 matrimonium
1141 3870 1278 3937 concedit,
1292 3867 1634 3939 prieriserpocisculum
1644 3876 1753 3939 oporiet

54 3962 207 4027 proestare
231 3973 288 4010 non
313 3963 453 4022 matur,
481 3957 538 4012 imo
571 3975 622 4013 nec
644 3958 777 4012 nimitum
802 3958 894 4012 teneri
919 3958 1123 4026 merelatum,
1141 3956 1216 4010 adm
1233 3974 1331 4012 nouum
1349 3955 1555 4010 matrimonium
1574 3955 1752 4025 atapoatolo

58 4041 239 4096 desertricem
255 4041 397 4111 infidelem
416 4043 505 4112 requi,
523 4047 600 4114 quod
618 4043 728 4114 alioqssi
742 4061 813 4099 uror
830 4044 891 4112 siue
919 4044 1036 4100 conmdi
1058 4062 1115 4098 non
1132 4050 1242 4113 poscet,
1272 4045 1345 4097 duas
1372 4044 1460 4113 ipitur
1486 4059 1544 4097 esse
1568 4042 1753 4095 disertionem

57 4128 158 4194 facere
174 4135 314 4198 teneatur,
334 4145 376 4200 ⁸ac
390 4130 515 4199 proinde
531 4148 588 4185 non
606 4131 734 4201 efficiere
751 4130 891 4199 hocloco,
918 4148 1034 4199 ramas,
1070 4129 1244 4184 adulterium
1266 4137 1293 4183 et
1323 4129 1513 4198 immicum,
1540 4129 1752 4198 praesupponit.

59 4216 139 4286 qaod
149 4217 356 4271 matrimonium
366 4234 422 4287 per
432 4219 612 4273 desertionem
625 4218 683 4273 eice
697 4218 891 4274 &mmmmm
917 4217 1140 4288 Respondemus:
1157 4231 1209 4270 nos
1227 4214 1281 4271 hoc
1298 4213 1417 4271 libenter
1435 4214 1626 4285 concedimus,
1643 4214 1752 4271 interim

60 4301 225 4356 ulteuurius
252 4302 347 4373 partie
378 4304 512 4358 reamur.
556 4304 614 4362 sed
638 4322 688 4360 suc
710 4304 772 4361 loeo
794 4310 892 4377 postea
918 4303 1074 4361 exclusisse
1096 4300 1213 4372 Christi,
1241 4319 1314 4374 quae
1342 4301 1431 4357 solum
1453 4300 1619 4356 adulterium
1641 4300 1752 4356 unicam

61 4386 325 4456 remuneremur,
354 4364 390 4446 oi
419 4390 583 4447 ιιιιιιιιι
610 4391 792 4448 emmonem
818 4391 892 4463 ιιιιι
919 4389 1029 4447 nvom
1051 4406 1165 4446 ιιιιιιι
1187 4388 1281 4460 mni,
1305 4387 1375 4443 ιιιιι
1398 4389 1523 4459 remi,
1551 4388 1618 4461 ιιιι
1640 4402 1697 4442 ιιι
1717 4388 1752 4442 ιι

60 4474 187 4531 mortae
204 4475 395 4533 concedendus
413 4495 473 4533 esse
489 4494 576 4534 noras
591 4479 712 4552 nuptias,
730 4497 782 4535 nec
801 4483 892 4550 potest
919 4495 976 4533 una
1002 4476 1156 4547 cademque
1182 4476 1357 4547 qmestiono,
1384 4492 1436 4532 nec
1462 4475 1497 4531 de
1521 4492 1577 4531 uno
1600 4476 1753 4545 eodemque
1767 4480 1823 4521 lvi·
1840 4477 1884 4520 ιιι.

61 4559 100 4616 ab
117 4559 215 4616 officiis
234 4561 289 4617 illis
309 4562 398 4634 excipi
416 4563 493 4634 illud,
513 4565 588 4636 quod
602 4582 786 4637 paeneunum
806 4582 891 4621 mere·
919 4582 987 4620 casu
1005 4580 1069 4618 cnm
1084 4560 1211 4634 apostolo
1230 4561 1302 4635 agit,
1330 4561 1381 4618 sed
1400 4560 1526 4617 Christus
1543 4561 1664 4617 ostendit
1688 4577 1752 4616 cau·

60 4652 108 4701 tur
120 4662 220 4704 nomen
238 4649 384 4719 servitutis,
401 4649 538 4720 videlicet,
557 4652 631 4724 quod
648 4652 696 4724 qui
713 4652 743 4707 in
762 4651 892 4723 conjugio
919 4667 978 4709 cam
998 4650 1109 4707 divortii
1126 4649 1261 4720 faciendi,
1283 4649 1426 4722 apostolus
1444 4666 1558 4705 musam
1577 4647 1688 4703 divortii
1703 4664 1752 4719 pa·

60 4738 119 4799 est,
141 4750 196 4813 uon
220 4734 307 4791 habet
329 4737 449 4808 corporis
466 4738 509 4792 sui
526 4745 707 4809 potestatem,
738 4745 762 4798 1.
782 4736 844 4794 Cor.
866 4744 889 4804 7,
919 4737 1006 4794 tiendi
1029 4752 1064 4793 ac
1090 4736 1282 4793 liberationem
1298 4736 1334 4793 ob
1353 4736 1485 4808 injustam
1503 4734 1685 4791 desertionem
1705 4732 1752 4790 ob·

59 4826 119 4876 ut
151 4820 307 4889 &Quidam
318 4823 493 4895 respondent
508 4823 649 4879 Circeium
662 4826 741 4896 loqui
753 4826 891 4890 deformi·
918 4823 1041 4895 tinendi3
1076 4822 1202 4879 Christus
1227 4823 1349 4895 loquitur
1377 4822 1411 4877 de
1447 4822 1596 4876 divortium
1625 4820 1751 4887 iaciente,

59 4906 169 4960 cotim
196 4910 354 4978 corporali,
380 4911 503 4965 Paulum
531 4913 568 4965 de
591 4912 782 4978 fornicatione
805 4912 890 4982 spiri·
918 4912 1058 4983 apostolus
1086 4911 1122 4966 de
1146 4910 1294 4966 divortium
1316 4908 1457 4981 patiente,
1481 4907 1606 4963 Christus
1630 4907 1753 4978 munitur

59 4991 144 5058 reali,
161 4993 290 5049 videlieet
306 4997 483 5062 infidelitate.
520 4996 577 5053 Sed
596 4998 701 5054 Paulus
712 5015 890 5071 nequaquam
918 4998 953 5054 de
989 5014 1036 5066 eo,
1072 4997 1121 5069 qul
1152 5014 1169 5053 a
1197 4997 1317 5068 conjoge
1347 4994 1475 5065 divertit,
1510 4994 1614 5051 Paulus
1646 4995 1680 5049 de
1711 5011 1753 5060 eo,

61 5077 138 5144 dicit,
155 5086 269 5151 propter
285 5080 475 5138 infidelitatem
487 5082 645 5140 iaciendum
661 5101 722 5141 esse
733 5085 890 5153 divortium,
918 5100 936 5140 a
965 5101 1021 5157 quo
1052 5086 1155 5155 conjux
1183 5083 1308 5147 divertit3
1339 5081 1464 5137 Christus
1495 5079 1617 5152 loquitur
1646 5081 1681 5137 de
1710 5097 1752 5135 se·

59 5164 134 5219 deut
152 5173 267 5237 proptor
283 5167 490 5224 iomicationem
505 5169 576 5225 illud
592 5169 652 5227 lieri
668 5189 749 5242 posse
764 5171 890 5228 Christus
917 5171 1062 5242 paradone
1088 5169 1258 5239 voluntaria,
1280 5168 1387 5224 Paulus
1409 5167 1443 5224 de
1466 5168 1639 5241 separatione
1656 5167 1751 5223 inrita

59 5251 197 5321 concedit,
215 5269 249 5309 ac
262 5254 399 5311 dirmsum
415 5271 476 5312 esse
493 5255 682 5314 icmicaticnis
699 5259 848 5330 corporalis
862 5268 891 5316 et
917 5258 1007 5315 Multo
1043 5257 1133 5313 minus
1168 5273 1203 5313 ex
1238 5255 1391 5327 apostolico
1426 5261 1505 5312 textu
1533 5255 1622 5312 evinci
1651 5260 1751 5326 potest

58 5336 210 5409 spiritualis
239 5344 377 5412 (respectu
402 5343 526 5416 conjugii
550 5359 585 5400 ac
610 5344 732 5415 divomii)
756 5346 890 5403 conditio·
918 5345 1109 5418 carneum
1127 5359 1209 5414 posse
1227 5342 1296 5397 alias
1319 5341 1430 5396 diuortii
1448 5341 1569 5399 faciendi
1585 5357 1687 5396 musas
1704 5339 1745 5395 in·

57 5439 137 5496 nem,
160 5427 329 5483 ostendimus
351 5430 486 5502 supmius.
524 5437 564 5488 lt.
587 5431 789 5504 Amplectimur
805 5433 892 5506 igitur
918 5431 1070 5498 ucducme,
1097 5430 1165 5502 quia
1191 5427 1298 5483 Paulus
1325 5427 1484 5485 immediato
1514 5428 1635 5501 Spiritus
1661 5424 1750 5481 sancti

57 5510 228 5582 Chemuicii‚
248 5514 383 5573 lientuerl
402 5526 432 5575 et
449 5519 565 5575 eliorum
583 5525 696 5575 norbae
712 5521 797 5592 partis
815 5520 891 5577 theo·
919 5516 1017 5575 afflatu
1035 5515 1179 5589 impulsus,
1193 5532 1277 5588 quem
1295 5514 1325 5570 iu
1347 5515 1409 5571 aliis
1425 5514 1585 5571 hominibus
1596 5530 1653 5569 non
1665 5528 1751 5584 aguc-

55 5600 185 5673 tororum
213 5601 433 5663 conciliationem
462 5624 495 5664 er
521 5607 587 5679 ipsis
614 5607 767 5665 uisceribus
797 5615 889 5665 textus
918 5604 1029 5674 ιιὶιιιιιι,
1056 5619 1108 5659 nec
1124 5601 1212 5659 ullam
1231 5608 1325 5674 potest
1342 5600 1434 5659 afferri
1456 5603 1568 5673 eimau,
1592 5598 1668 5674 quod
1686 5616 1750 5655 tou·
