4020 6022
833 276 885 335 DE
907 275 1107 336 CONJUGIO.
1760 289 1819 346 461

125 433 328 505 ιοιιιιιιιιιιαιιι,
347 451 398 489 nse
418 452 469 505 spo
486 443 515 490 te
534 438 706 505 condenso,
732 436 782 490 sed
799 432 916 488 solidam
932 425 1105 495 sthicetae
1128 433 1294 505 rescriptum
1319 436 1349 491 in
1374 435 1491 492 eandem
1515 435 1680 491 ιιιιιιιιιιιιιι
1697 435 1822 492 adducit.

125 519 262 591 integram
272 521 440 592 quaestionis
459 521 534 576 illius
555 522 766 593 explicationem
776 537 810 575 ex
820 520 962 590 primaeva
973 528 976 593 j
987 520 1065 585 Quae
1087 521 1180 575 omnia
1204 538 1260 575 non
1279 539 1313 578 eo
1329 523 1494 579 adducimus
1517 522 1585 588 fine,
1612 522 1691 595 qussi
1708 538 1822 593 magno·

124 605 249 677 conjugii
283 605 456 664 institutione
486 609 577 665 verbis
614 608 706 680 planis
736 624 770 662 ac
807 607 1053 678 perspicuisipers
1084 607 1251 678 probemus,
1284 609 1359 679 quod
1388 608 1545 680 jurisdictio
1578 608 1661 664 etiam
1690 607 1822 664 secularis

123 693 259 763 proponit
309 693 414 748 Paulus
446 695 531 750 etiam
564 696 599 750 de
633 694 716 749 variis
752 656 1134 765 quaestionibusiprogressu
1153 694 1287 765 temporis
1301 694 1588 766 episcopisconcessa,
1605 695 1655 750 sed
1675 700 1708 749 ut
1721 696 1822 750 veteris

124 779 372 835 matrimonialibus
392 798 409 835 a
429 781 580 836 Corinthiis
598 798 648 851 per
659 781 753 849 literas
766 779 961 851 interrogatus,
987 779 1122 835 ecclesiae
1131 779 1277 850 judicium,
1297 780 1372 852 quod
1388 798 1406 836 a
1424 780 1665 836 matrimonialium
1676 797 1822 836 causarum

123 883 162 918 an
180 867 288 920 scilicet
300 867 401 936 fidelis
415 868 508 938 possit
534 868 696 922 cohabitare
724 867 849 936 infideli,
880 884 918 920 an
935 867 963 920 si
987 865 1145 936 cognitione
1170 870 1199 921 et
1224 866 1423 937 dijudicatione
1446 882 1586 922 sacrorum
1610 867 1749 923 antistites
1766 884 1821 922 non

124 953 250 1016 infidelis
270 954 415 1024 discedat,
440 956 536 1019 ιιιιιιιι
552 956 683 1009 ιιιιιιιιιιι·
698 956 740 1008 ita-
756 956 794 1009 sit
813 955 960 1024 subjectus,
988 970 1048 1009 esse
1065 952 1177 1023 penitus
1194 953 1382 1009 excludendos
1399 953 1523 1021 censuit,
1541 971 1575 1009 ex
1593 969 1626 1010 eo
1644 953 1821 1009 manifestum

123 1049 155 1094 ut
168 1048 295 1112 potestas
314 1043 381 1096 naci
399 1043 576 1098 matrimonii
594 1044 652 1115 ipsi
663 1043 778 1112 penitus
790 1043 960 1108 atadcmta,
986 1037 1045 1093 fieri
1066 1038 1162 1108 possit

124 1144 162 1180 nn
176 1136 305 1196 praestet
323 1130 456 1183 coelibem
473 1145 586 1183 manere
615 1147 698 1199 quam
717 1129 877 1199 conjugium
896 1146 959 1183 con·
1023 1130 1081 1179 700.
1116 1124 1220 1181 Contra
1239 1124 1473 1182 banosccundam
1486 1124 1888 1196 propositionemaliquotffl·
1901 1127 1947 1171 ιιι

123 1213 244 1282 traicere,
263 1220 314 1269 etc.
352 1213 386 1270 de
409 1213 488 1284 his,'
480 1232 602 1287 mquam,
620 1215 805 1287 iuterrogatus
819 1215 960 1286 apostolus
985 1211 1140 1266 formantur
1180 1218 1354 1312 argumenta.
1410 1215 1434 1265 1.
1471 1215 1512 1265 Er
1550 1211 1678 1282 corrjupii
1705 1220 1818 1266 natura.
1830 1195 1906 1291 ξιξ.

126 1304 149 1354 ι.
170 1298 233 1354 Cor.
252 1305 280 1369 7,
307 1318 334 1356 ι.
364 1306 385 1355 1.
413 1317 474 1355 uon
498 1301 614 1355 remittit
640 1300 795 1356 Corinthios
820 1300 858 1356 ad
883 1300 959 1355 aliud
986 1298 1201 1352 Matrimonium
1219 1305 1259 1352 est
1273 1299 1355 1367 juris
1374 1305 1507 1367 naturae,
1536 1300 1613 1367 quod
1637 1305 1730 1352 αιιιιιιι
1750 1299 1819 1367 jure
1832 1310 1919 1345 sorum

122 1385 213 1439 iorum
244 1402 295 1440 uec
320 1386 412 1458 rejicit
439 1391 529 1441 totum
545 1386 688 1457 negotium
706 1386 743 1441 ad
768 1387 960 1459 magistratum
985 1391 1106 1438 naturas
1125 1385 1282 1438 bominibus
1299 1384 1443 1454 competit,
1468 1401 1525 1437 non
1538 1392 1632 1452 potest
1642 1385 1709 1455 juri
1730 1384 1821 1438 alicui
1832 1353 1948 1455 numm

123 1471 283 1541 politicum,
314 1473 363 1527 sed
389 1471 572 1527 conscientias
597 1489 630 1528 ex
657 1472 741 1528 verbo
759 1469 813 1529 Dei
831 1473 960 1528 informat
985 1472 1080 1525 divino
1098 1471 1241 1539 ungulari
1257 1471 1391 1525 ιιάιιτιιι.
1437 1469 1687 1541 Respondemust'
1674 1488 1722 1540 Jus
1749 1466 1944 1549 fflfldiiiiums

108 1564 153 1612 ‘ct
171 1558 297 1628 exemplo
317 1575 367 1614 suo
387 1558 441 1629 piis
460 1565 488 1615 et
508 1559 628 1613 cordatis
651 1559 788 1632 theologis
808 1561 959 1631 praelucet,
984 1556 1120 1624 naturale,
1141 1572 1174 1611 ex
1193 1574 1248 1628 quo
1264 1557 1397 1629 conjugia
1415 1556 1487 1612 inter
1505 1562 1604 1629 gentes
1622 1563 1684 1612 orta
1709 1558 1738 1611 iu
1755 1559 1819 1629 jure
1831 1560 1926 1653 mh

124 1644 240 1714 quod
232 1663 261 1699 m
290 1645 401 1700 casibus
432 1644 619 1700 conscientiae
645 1663 678 1701 ex
711 1647 958 1701 matrimonialibus
984 1644 1078 1698 divino
1095 1641 1263 1714 propheticis
1283 1643 1605 1714 etapostolicisscriptis
1620 1641 1819 1714 comprehenso
1832 1663 1912 1713 somt-

52 1728 55 1735 '
123 1732 213 1785 causis
241 1732 308 1786 ortis
331 1749 386 1788 uon
412 1732 759 1804 debeautsubterfugere‚
791 1733 958 1805 quominus
985 1727 1137 1800 perfectius
1168 1736 1196 1784 et
1223 1728 1324 1783 clarius
1353 1728 1513 1799 exponitur,
1542 1745 1605 1784 cum
1633 1746 1684 1800 per
1709 1728 1819 1800 lapsum
1831 1717 1945 1809 md„

123 1834 157 1871 ex
186 1817 270 1873 verbo
287 1818 342 1873 Dei
363 1818 453 1890 rogati
471 1835 549 1872 suam
566 1818 693 1888 aperiant
718 1819 896 1883 sententiam,
925 1836 958 1874 ex
986 1814 1134 1884 primorum
1159 1819 1305 1885 parentum
1332 1815 1429 1870 notitia
1452 1814 1560 1869 illius'
1547 1814 1619 1885 Juris
1638 1814 1773 1870 naturelis
1790 1814 1940 1869 insanusne

123 1903 224 1973 quibus
248 1905 375 1960 omnibus
399 1905 438 1959 sic
462 1904 660 1961 concludimus.
711 1904 791 1969 Quod
817 1905 958 1960 conforme
987 1900 1125 1956 mentibus
1160 1900 1301 1956 homiuum
1337 1900 1515 1956 vehementer
1551 1901 1588 1955 sit
1615 1901 1763 1956 obscurata
1792 1908 1821 1956 et

123 1995 166 2046 est
184 1992 310 2062 exemplo
328 1991 431 2046 Christi
451 1999 480 2047 ιι
496 1992 691 2063 apostolorum,
709 1991 779 2045 illud
798 1992 958 2063 neutiquam
986 1986 1072 2041 ferme
1106 1987 1261 2042 obliterata
1316 1986 1418 2043 Confer
1449 1984 1477 2057 ξ.
1508 1992 1532 2042 6.
1566 1986 1595 2040 in
1623 2004 1745 2057 prooem.
1771 1985 1822 2041 ubi

125 2075 276 2146 improbari
309 2084 402 2148 potest
432 2095 465 2132 ac
494 2077 584 2133 debet.
634 2077 690 2134 Sed
718 2078 958 2134 matrimonialium
986 2072 1172 2143 ostendimus,
1191 2072 1359 2142 doctrinam,
1383 2089 1454 2144 quae
1474 2089 1508 2127 ex
1527 2071 1612 2127 verbo
1630 2072 1685 2128 Dei
1702 2072 1738 2128 de
1758 2090 1821 2128 con·

123 2163 315 2233 quaestionum
337 2164 504 2219 decisionem
523 2181 541 2219 a
558 2163 694 2235 theologis
711 2170 806 2234 petere
832 2165 958 2220 eandem·
983 2160 1065 2230 jugie
1091 2160 1121 2214 in
1147 2159 1264 2215 ecclesia
1291 2159 1411 2214 traditur
1426 2159 1595 2223 uberiorem,
1623 2161 1770 2215 certiorem
1796 2167 1822 2215 et

127 2266 180 2321 que
200 2249 345 2322 theologos
362 2251 417 2305 sibi
441 2250 601 2319 vendicare,
635 2250 775 2305 conforme
799 2257 840 2304 ιιι
858 2249 959 2305 Christi
987 2246 1173 2300 illustriorem
1199 2262 1259 2300 esse
1285 2244 1431 2316 gentilium
1457 2244 1491 2299 de
1515 2245 1648 2317 conjugio
1666 2245 1777 2316 placitis
1793 2250 1823 2301 et

124 2342 153 2390 et
171 2335 359 2406 apostolorum
380 2337 513 2435 exemplo,
532 2343 565 2390 ut
582 2341 697 2391 constat
732 2337 815 2408 Ergo.
987 2331 1098 2403 legibus
1124 2331 1217 2400 (laude
1240 2331 1345 2402 alioqui
1370 2331 1550 2403 dignissimis)
1567 2338 1697 2402 respectu
1716 2349 1820 2387 causas

52 2439 61 2557 J
160 2427 218 2477 699.
254 2427 277 2477 t.
296 2425 343 2476 Er
363 2423 454 2492 pruni
465 2423 608 2477 ecelesiae
629 2431 777 2493 perpetua.
825 2421 902 2486 Quae
925 2422 959 2477 de
988 2420 1145 2488 efficientis,
1164 2419 1309 2519 formalis,
1330 2418 1425 2483 finalis
1445 2424 1472 2471 ιι
1488 2419 1697 2520 adjunctorum.
1735 2420 1823 2473 2.Ει

53 2587 109 2623 ’Μ
124 2595 287 2665 disputata'
279 2613 308 2649 ru
326 2594 380 2649 illis
400 2595 591 2694 utplurimum
613 2611 668 2649 uon
680 2594 769 2649 solum
781 2595 961 2650 fundamenta
984 2595 1056 2663 petit
1084 2594 1233 2662 imperium
1251 2600 1301 2646 aut
1311 2593 1496 2662 jurisdictio,
1524 2610 1589 2661 erpo
1606 2610 1656 2648 nec
1672 2610 1823 2647 causarum

125 2681 212 2736 divini
239 2681 331 2745 verbi,
359 2680 409 2736 sed
435 2682 517 2736 etiam
548 2681 658 2752 piorum
687 2688 810 2736 veterum
834 2681 960 2737 dictaei
987 2679 1241 2733 matrimonialium
1277 2679 1469 2749 dijudicatio,
1506 2680 1611 2750 quippe
1646 2696 1717 2748 quae
1761 2680 1822 2734 ιιιιι

122 2767 257 2838 suffragia
275 2773 340 2821 sunt
354 2767 449 2833 allata,
472 2783 575 2839 exque
591 2767 785 2838 ipsoconstat,
805 2767 959 2837 primitivae
987 2766 1101 2835 imperii
1123 2765 1289 2819 coi‘rcitione
1308 2773 1348 2819 est
1371 2767 1546 2828 frustrares.
1595 2766 1822 2837 Respondemus:

122 2854 256 2910 ecclesiae
286 2853 412 2908 doctores
449 2871 627 2926 nequaquam
657 2871 675 2908 a
700 2853 869 2924 professione
909 2870 960 2908 sua
987 2856 1130 2923 repetatur
1152 2851 1292 2906 distinctio
1311 2853 1384 2907 iuter
1392 2852 1529 2924 judicium
1544 2853 1731 2920 discretivum,
1748 2853 1822 2925 quod

120 2941 243 2996 ahenum
270 2940 412 3011 judicasse
441 2940 475 2994 de
505 2939 754 2995 matrimonialibus
782 2941 873 2995 causis
900 2956 959 2995 sen·
986 2939 1092 3011 absque
1107 2937 1300 3008 jurisdictione
1320 2944 1348 2993 ct
1366 2939 1481 3009 imperio
1501 2939 1567 2995 ferri
1586 2945 1685 3011 potest,
1704 2946 1733 2995 et
1751 2940 1823 2999 iuter

121 3027 240 3082 tentiam
259 3027 339 3082 ferre.
388 3024 553 3080 Ambrosius
577 3026 639 3083 libr.
660 3032 685 3082 8.
705 3027 784 3097 epist.
812 3032 853 3082 66.
876 3043 953 3081 suam
983 3026 1123 3095 judicium
1152 3026 1320 3097 coactivum,
1353 3026 1428 3098 quod
1461 3027 1517 3080 rim
1549 3026 1696 3082 coircendi
1724 3033 1753 3082 et
1778 3044 1823 3083 ex·

121 3114 158 3168 de
184 3112 314 3184 conjugio
337 3111 387 3165 filii
411 3118 439 3167 et
463 3113 554 3183 neptis
578 3130 611 3168 ιι
630 3112 703 3180 filia,
732 3130 801 3185 quos
828 3118 960 3182 paternus
988 3111 1123 3182 sequendi
1155 3112 1278 3183 requirit.
1325 3112 1407 3168 Prius
1447 3113 1620 3184 assignamus
1659 3111 1822 3184 theologicis

121 3200 254 3271 copulare
270 3198 397 3269 parabat,
417 3199 492 3253 haud
507 3199 646 3271 gravatim
661 3199 775 3271 exponit
788 3199 958 3255 sententiam.
987 3198 1113 3270 collegiis
1134 3198 1363 3271 quibuscunque,
1392 3201 1532 3272 posterius
1549 3200 1605 3255 illis
1624 3200 1760 3256 duntaxat
1777 3217 1822 3256 ec·

121 3286 300 3357 Augustinus
325 3292 353 3339 et
376 3285 423 3338 alii
449 3302 483 3340 ex
510 3285 649 3340 veteribus
666 3287 767 3341 multas
785 3285 960 3357 quaestiones
988 3284 1091 3339 clesiae
1123 3285 1281 3356 pastoribus
1299 3291 1329 3340 ιι
1345 3286 1497 3358 episcopis,
1527 3286 1574 3358 qui
1605 3286 1634 3340 in
1662 3286 1822 3343 consistorio

120 3372 337 3428 matrimoniales
356 3371 499 3438 definiunt,
542 3371 659 3426 coucilia
691 3371 823 3443 plurimos
840 3389 960 3428 canones
986 3371 1174 3426 ecclesiastico
1200 3378 1265 3426 sunt
1293 3371 1407 3435 adsciti,
1440 3389 1556 3444 quorum
1584 3373 1743 3445 jurisdictio
1771 3391 1823 3429 nec

123 3462 159 3514 de
186 3459 241 3514 illis
266 3458 457 3513 condiderunt.
504 3458 546 3511 Ex
573 3458 674 3530 quibus
692 3457 819 3513 omnibus
841 3465 958 3524 constat,
987 3459 1119 3515 secularis
1137 3465 1196 3522 est,
1214 3476 1266 3515 nec
1284 3459 1438 3529 ordinarie,
1472 3460 1521 3515 sed
1542 3460 1677 3531 delegata
1725 3460 1823 3533 Neque

121 3547 196 3618 quod
214 3545 350 3616 judicium
371 3544 549 3600 ιιιιιιιιιιιιιιι
563 3544 593 3599 in
610 3544 700 3599 causis
712 3544 958 3601 matrimonialibus
986 3564 1019 3601 ex
1042 3562 1089 3609 eo,
1119 3546 1194 3616 quod
1219 3546 1369 3602 ministerio
1394 3547 1581 3603 ecclesiastico
1605 3564 1660 3602 nou
1689 3549 1822 3618 competit

120 3650 177 3688 non
195 3632 283 3703 possit
301 3632 436 3704 theologis
456 3631 597 3703 denegari.
638 3631 718 3696 Quod
737 3632 765 3686 in
783 3635 958 3689 consistoriis
985 3631 1127 3703 politicum
1150 3631 1294 3703 imperium
1313 3649 1346 3687 ac
1372 3632 1462 3688 civilis
1493 3633 1631 3704 quaedam
1652 3632 1820 3705 jurisdictio,

124 3720 274 3775 Scaenicis
292 3735 348 3773 non
360 3719 499 3788 politicae
518 3725 636 3788 tantum,
656 3720 705 3774 sed
726 3719 810 3774 etiam
829 3721 974 3799 ecclesia-J
988 3717 1084 3773 inferri
1102 3723 1195 3789 potest
1213 3724 1261 3774 aut
1279 3718 1370 3782 debet,
1390 3718 1465 3790 quod
1482 3718 1561 3773 nulla
1579 3718 1662 3789 plane
1686 3725 1819 3791 potestas,

124 3805 213 3860 eticae
233 3821 368 3875 personae
387 3823 533 3860 causarum
552 3806 796 3861 matrimonialium
808 3807 957 3878 cognitioni
970 3828 973 3905 J
970 3754 1065 3860 inulla
1078 3805 1236 3875 jurisdictio
1253 3805 1466 3862 ecclesiastica
1458 3806 1512 3876 ipsi
1531 3811 1684 3876 competat,
1711 3813 1820 3863 contra·

123 3909 158 3947 ac
179 3892 372 3962 dijudicationi
391 3898 457 3946 sunt
486 3892 644 3963 praefectae
662 3897 690 3946 et
709 3892 761 3947 hac
780 3893 886 3948 ratione
903 3892 1058 3975 unaJrium
1077 3891 1150 3946 euim
1168 3891 1332 3960 luculentis,
1357 3898 1388 3946 ut
1405 3907 1501 3964 spero,
1528 3892 1699 3964 argumentis
1723 3900 1821 3949 contra

122 3997 186 4035 cum
211 3979 326 4051 reliquis
351 3979 465 4050 collegis
485 3980 623 4050 judicium
650 3978 732 4034 etiam
759 3980 912 4034 coactivum
931 3987 960 4035 et
987 3977 1192 4033 ecclesiasticae
1214 3980 1364 4048 potestatis
1391 3995 1483 4034 osores
1511 3986 1540 4034 et
1557 3986 1740 4035 contemtores
1757 3998 1820 4051 pro-

121 4070 289 4136 potestatem
322 4065 472 4120 sententias
497 4066 669 4136 judicialiter
699 4065 807 4121 ferendi
837 4073 865 4121 ιι
884 4083 960 4121 ιιιι-
987 4065 1084 4119 batum
1107 4064 1232 4119 dedimus
1247 4071 1312 4120 tom.
1333 4071 1355 4120 6.
1375 4064 1427 4120 loc.
1447 4064 1529 4120 theol
1543 4071 1622 4120 tract.
1640 4066 1675 4120 de
1687 4065 1820 4124 minister

122 4151 225 4225 queudi
255 4152 381 4207 obtinent
409 4152 495 4222 (quod
527 4151 622 4222 ipsum
659 4152 687 4205 ιιι
718 4151 959 4224 Wirtenbergeusi
986 4168 1046 4223 cap.
1080 4157 1103 4206 5.
1131 4158 1197 4207 sect.
1228 4158 1250 4208 l.
1282 4148 1310 4226 ξ.
1340 4156 1396 4207 191.
1443 4151 1602 4221 Antequam
1633 4152 1821 4223 imperatores,

124 4239 285 4295 consistorio
303 4256 356 4293 usu
370 4244 513 4309 receptum
532 4256 592 4293 esse
605 4238 684 4293 testis
699 4238 959 4295 estBidcnbachius
986 4238 1126 4309 principes
1155 4242 1184 4293 ιι
1217 4237 1359 4293 inferiores
1396 4237 1576 4310 magistratus
1612 4237 1821 4294 Christianismo

122 4326 152 4380 in
178 4325 266 4397 praef.
291 4325 376 4383 libell.
401 4326 436 4380 de
462 4343 538 4383 caus.
567 4325 744 4395 matrimoni,
776 4325 845 4380 illud
864 4326 958 4381 itidem
987 4340 1088 4379 nomen
1124 4324 1231 4391 darem,
1267 4324 1400 4379 ecclesiae
1442 4324 1598 4395 primitivae
1639 4324 1757 4380 ministri
1793 4332 1822 4381 ιι

121 4418 276 4485 perpetuae
300 4412 433 4467 ecclesiae
458 4413 537 4482 praxi
554 4411 695 4466 conforme
709 4416 759 4468 est.
809 4412 843 4466 Iu
862 4419 958 4468 senatu
970 4411 1141 4487 Jhabebant‚
1172 4419 1200 4467 et
1218 4412 1384 4469 exercebant
1401 4416 1568 4482 potestatem
1593 4411 1818 4479 ecclesiasticam,

120 4500 278 4568 seniorum,
303 4498 340 4553 ad
357 4516 440 4570 quem
459 4500 488 4552 in
507 4498 611 4569 populo
632 4498 786 4553 lsraiilitico
813 4515 956 4553 causarum
987 4515 1042 4569 qua
1061 4497 1155 4570 legum
1176 4499 1331 4553 divinarum
1352 4502 1380 4553 et
1398 4502 1598 4569 consequenter
1624 4498 1709 4553 etiam
1728 4501 1820 4554 matri-

122 4584 368 4640 matrimonialium
386 4583 553 4655 dijudicatio
572 4584 731 4654 spectabat,
760 4585 959 4655 praesidebant
985 4584 1147 4639 monialium
1163 4592 1379 4657 transgressores
1399 4584 1581 4649 coircebaut,
1610 4591 1642 4639 ut
1660 4591 1770 4641 constat
1787 4603 1820 4641 ex

119 4690 175 4727 uon
201 4671 290 4726 solum
313 4671 437 4741 politici,
460 4671 509 4725 sed
531 4670 684 4725 etiamimo
702 4687 804 4742 magna
827 4678 958 4741 exparte
984 4669 1065 4724 Pauli
1109 4671 1296 4726 incestuosum
1337 4671 1510 4727 Corinthium
1559 4672 1820 4728 excommunicantis

123 4758 321 4821 ecclesiastici,
345 4756 476 4813 videlicet
494 4757 664 4823 sacerdotes,
684 4757 809 4826 scribae,
833 4742 1110 4828 Levitaefexcmplo
1144 4763 1165 4812 l.
1193 4755 1319 4812 Corinth.
1347 4765 1377 4827 5,
1402 4776 1428 4814 ι.
1454 4765 1478 4815 5.
1527 4762 1552 4814 3.
1577 4760 1604 4812 A
1629 4759 1820 4827 theologorum

118 4844 221 4900 Confer
250 4845 331 4900 Esdr.
361 4861 387 4898 v.
411 4849 449 4898 15.
504 4842 678 4898 lastinianus
711 4842 730 4899 l.
760 4842 882 4900 Sacram.
915 4845 1103 4914 ³3.‘propria
1129 4845 1290 4913 prouincia.
1342 4846 1558 4900 lintrimonium
1589 4855 1630 4900 ιιι
1665 4863 1712 4900 ιιι
1745 4864 1820 4904 mne

118 4931 148 4987 C.
170 4931 206 4985 de
224 4932 355 5002 Episcop.
373 4930 505 4986 audiend.
524 4937 553 4985 et
572 4929 589 4985 l.
612 4936 652 4985 ts.
671 4929 702 4986 C.
723 4929 758 4985 de
775 4937 852 5000 nupt.
876 4930 1075 4985 ιιιιιιιιίιιιιιιι
1108 4940 1133 4985 et
1169 4931 1307 4985 secularis
1337 4931 1452 4987 docente
1482 4932 1605 4988 Luthero
1634 4932 1664 4987 in
1700 4934 1818 5004 praefat.

119 5026 147 5075 ιι
165 5019 333 5073 clarissimis
346 5017 560 5087 prouinciarum
574 5017 757 5087 praesidibus
770 5026 795 5071 cl
812 5017 1080 5088 ciuitatumscn‘pti
1110 5018 1145 5074 de
1174 5019 1264 5073 causis
1297 5019 1450 5074 matrimon.
1482 5025 1547 5074 tom.
1581 5025 1603 5074 5.
1632 5018 1693 5075 Jeu
1726 5020 1818 5080 Germ.

117 5105 340 5173 relipiosrssimis
360 5104 500 5174 episcopia
520 5103 668 5158 committit
689 5120 835 5158 causarum
863 5105 956 5159 matri·
969 5146 971 5151 .
983 5105 1002 5160 f.
1023 5109 1082 5160 2³8.
1103 5111 1131 5160 et
1150 5105 1177 5159 in
1199 5121 1298 5162 comm.
1320 5122 1344 5162 c.
1366 5112 1390 5160 5.
1410 5104 1509 5162 Mutth.
1529 5112 1595 5161 tom.
1615 5106 1704 5177 ejusd.
1721 5107 1740 5163 f.
1759 5114 1818 5165 tot.

119 5192 279 5246 monialium
303 5191 503 5247 tractationem.
551 5189 636 5261 Apud
657 5189 779 5245 Graecos
808 5190 1052 5260 imperatoeram
1082 5209 1147 5246 uera
1180 5193 1361 5261 opprobrium
1392 5200 1431 5246 eet
1461 5193 1587 5259 clericis,
1618 5193 1646 5246 ei
1662 5195 1771 5263 perstas
1789 5210 1818 5248 se

116 5278 238 5334 Alexius
254 5278 418 5349 patriarchis
443 5284 472 5333 et
490 5277 625 5348 episcopis
650 5277 685 5332 dc
704 5294 733 5332 re
762 5277 955 5332 matrimoniali
968 5302 970 5313 ·
983 5282 1127 5333 ostendere
1145 5279 1230 5333 uelint
1247 5296 1342 5333 rerum
1363 5279 1544 5344 aestuarium,
1565 5278 1584 5332 l.
1606 5279 1706 5350 placet
1729 5284 1767 5335 11.
1786 5278 1817 5334 C.

117 5364 327 5421 rescribendum
345 5372 374 5421 et
386 5366 563 5420 statuendum
573 5364 719 5436 judicavit,
737 5364 835 5418 addita
849 5365 954 5420 ratione
968 5416 970 5423 .
983 5365 1018 5420 de
1048 5365 1129 5435 episc
1160 5372 1189 5420 et
1221 5364 1285 5421 cler.
1317 5365 1334 5420 l.
1356 5362 1489 5420 Consulta
1506 5364 1626 5419 Divalia.
1657 5371 1694 5420 17.
1724 5363 1755 5419 C.
1783 5365 1818 5421 de

118 5470 161 5519 ea,
180 5454 248 5523 quia
266 5455 303 5507 de
320 5471 351 5508 re
369 5471 453 5508 sacra
472 5460 583 5522 agatur.
620 5450 843 5522 Harmenopulus
862 5451 908 5506 lib.
928 5458 952 5507 4.
967 5440 1160 5507 itestamentis.
1214 5452 1441 5523 Respondemus:
1472 5451 1651 5508 Ostendimus
1682 5451 1818 5522 superius,

117 5544 186 5598 scut
203 5538 333 5615 synodal.
353 5540 393 5596 tit
413 5545 438 5597 2.
456 5542 524 5596 sect.
547 5544 571 5594 3.
597 5537 645 5593 ubi
669 5537 752 5594 etiam
770 5537 907 5593 Eustratii
926 5544 955 5594 et
966 5506 970 5588 i
983 5537 1129 5594 discrimen
1148 5555 1207 5595 esse
1225 5538 1373 5594 maximum
1392 5538 1464 5595 iuter
1476 5538 1637 5611 conjugium
1650 5541 1678 5594 ιι
1695 5536 1816 5610 reliquos
