4020 6022
800 233 853 291 DE
873 232 1074 293 conducto.
1720 244 1780 302 323

56 456 59 461 Ι
91 385 131 441 de
151 404 184 443 re
213 388 253 443 sie
279 389 380 446 scribit
408 390 584 446 Chemaieias
611 393 927 462 pertenentem.
953 394 1027 447 voto.
1064 393 1153 463 Atqui
1170 392 1195 447 si
1211 392 1242 447 id
1257 394 1483 461 locamheberet,
1500 410 1671 464 consequens
1690 390 1781 459 inerit,

92 471 170 527 Trid.
187 473 224 529 de
243 475 342 531 coelib.
363 482 392 532 et
410 477 480 548 virg.
497 494 520 534 c.
534 483 559 535 8.
576 495 605 548 p.
619 482 667 533 51:
688 477 722 531 Si
741 478 804 546 quic
822 478 927 531 ἀοκοοι
953 475 1070 546 multos,
1094 483 1243 548 antequem
1264 479 1390 535 Christus
1409 480 1531 550 personis
1555 480 1591 534 ad
1615 478 1780 533 coelibatum

91 558 277 615 coruinentrbe
295 579 328 615 er
347 564 411 617 Deo
439 564 536 632 babet,
560 571 588 617 et
605 580 660 632 pro
677 562 788 619 ratione
807 564 926 617 vocatio
952 561 1057 618 idoneis
1073 562 1191 619 liberum
1207 582 1270 619 enm
1289 564 1335 619 hic
1352 566 1522 637 reliquisset,
1547 565 1654 621 vomsse
1671 565 1781 619 castita·

92 645 140 699 aab
152 646 239 715 firmo
258 666 294 701 ac
312 650 553 703 conuentiauirni
568 649 810 719 propositoquasi
825 649 927 703 suune
951 653 1021 716 um,
1050 665 1113 704 eum
1131 650 1161 704 in
1184 650 1335 721 praeterito
1356 651 1443 718 dicet,
1471 668 1530 707 csse
1548 652 1655 721 plures,
1684 651 1731 722 qui
1751 668 1781 704 se

92 748 122 785 se
141 733 206 787 Deo
227 734 391 803 comtituet,
408 751 439 789 ec
458 736 488 788 iu
505 736 565 789 urta
582 735 695 798 coelibe,
714 737 756 789 ad
773 752 857 805 οιιοοο
876 738 925 789 do·
952 740 1151 791 castraverunt.
1188 735 1230 789 Ex
1259 735 1360 806 quibus
1386 754 1453 792 vero
1479 738 1656 792 historiarum
1686 754 1782 791 monu-

91 836 159 871 uum
184 817 282 888 babet,
304 820 391 888 jueta
415 821 526 874 vebum
561 829 739 890 curativum,
770 838 841 891 qaae
863 830 927 876 ruet
952 820 1052 875 mentis
1081 822 1179 877 talium
1210 822 1359 888 coelibum,
1391 824 1439 895 qui
1457 823 1490 880 V.
1510 824 1544 879 Τ.
1572 840 1605 877 ac
1631 823 1782 878 christiin

92 904 225 969 Dornini,
261 905 287 959 ir
310 907 338 960 si
363 925 420 961 nors
444 908 576 976 opinione
602 909 824 976 iustificationis,
854 925 926 978 quae
952 905 1033 961 terris
1050 907 1174 962 docentis
1192 914 1317 980 tempore
1330 926 1364 964 ex
1383 916 1448 964 voto
1459 909 1569 981 proprie
1585 916 1614 964 et
1627 909 1783 979 specialiter

91 989 182 1043 solius
201 989 309 1045 Cln'sti
323 994 452 1046 metimus
463 1011 499 1047 ce
517 994 678 1058 bneficium
689 1001 737 1062 est,
755 995 807 1048 boc
823 994 927 1064 faciat,
952 990 993 1047 sic
1008 992 1084 1048 dieto
1108 1010 1126 1048 s
1143 995 1316 1050 matrimonio
1340 996 1535 1061 abstinuerint,
1557 995 1682 1065 exempla
1702 994 1781 1050 nobie

92 1093 143 1130 nec
160 1077 216 1130 tali
231 1079 379 1147 proponite
398 1087 448 1132 aut
467 1081 580 1134 decrew
596 1081 652 1134 ribi
662 1080 775 1149 injiciat
786 1080 925 1149 laqueum,
952 1077 1073 1147 proferet
1092 1078 1296 1135 Bellerminus?
1334 1080 1450 1136 Constet
1466 1085 1542 1136 certe
1559 1080 1781 1136 manifestissime

93 1164 228 1231 abjruaw
247 1163 277 1217 in
292 1173 467 1234 peperere,
485 1167 643 1236 quicunque
660 1168 744 1221 etiarn
764 1184 845 1221 casus
856 1167 926 1221 inci·
952 1180 985 1218 ec
1000 1164 1077 1220 nulle
1091 1165 1217 1220 veritstis
1229 1167 1321 1236 specie
1333 1167 1430 1238 negari
1447 1173 1543 1237 potest,
1561 1174 1686 1237 tempore
1702 1167 1735 1222 V.
1748 1166 1780 1222 Τ.

92 1250 169 1303 derit
185 1250 373 1320 matrimonio,
391 1253 457 1307 bene
472 1254 555 1318 feeit.
592 1254 658 1307 Non
675 1253 774 1307 leuiter
790 1269 858 1307 rane
875 1261 925 1307 aut
955 1250 1122 1305 coelibatum
1140 1268 1173 1306 ac
1191 1252 1363 1308 sterilitatem
1386 1253 1527 1323 opprobrii
1553 1253 1612 1308 loco
1630 1253 1716 1308 fnisse
1733 1253 1781 1307 hn-

92 1343 193 1405 tcrnerq
211 1338 270 1390 rinc
289 1338 462 1402 maritate,
477 1347 527 1392 aret
545 1340 629 1409 qrcci
645 1357 733 1393 causa
747 1340 925 1409 propositum
951 1335 1046 1405 bitum,
1062 1344 1170 1392 uatum
1183 1337 1270 1408 abest,
1288 1345 1320 1393 ut
1333 1338 1439 1394 solenni
1457 1345 1521 1395 roto
1535 1357 1598 1394 cum
1609 1339 1851 1410 abjurationem,
1867 1358 1898 1402 tt.
1944 1387 1948 1395 .

92 1421 176 1484 illud,
195 1424 273 1491 quod
291 1425 459 1492 interposita
485 1425 568 1493 quasi
590 1425 783 1494 testificatione
802 1425 863 1479 Dei
879 1427 925 1479 de·
951 1422 1075 1493 conjugii
1093 1424 1241 1494 conjuncto
1258 1425 1295 1478 ad
1313 1441 1377 1479 eum
1396 1442 1457 1480 sese
1478 1425 1558 1480 malti
1577 1426 1781 1482 adstrinxeriut.

93 1515 198 1561 cretum
216 1516 264 1573 est,
283 1510 390 1564 mutari
407 1511 495 1574 dehet,
517 1513 570 1564 red
585 1518 678 1564 tamen
695 1529 752 1565 nou
769 1512 848 1565 dehet
867 1527 926 1565 esec
953 1509 1154 1563 Ierui'iiterum
1172 1528 1273 1578 morer,
1290 1510 1382 1582 inquit
1398 1511 1573 1582 Augustinus
1591 1511 1607 1564 l.
1630 1513 1664 1566 de
1676 1529 1697 1566 s.
1715 1511 1784 1582 virg.

93 1594 220 1662 laqueius,
238 1596 266 1648 ei
282 1604 356 1649 reete
372 1597 483 1651 emori
500 1615 556 1652 non
569 1598 662 1665 poerit
681 1605 731 1651 urst
743 1599 770 1650 ri
786 1604 926 1651 matum
952 1611 977 1650 c.
997 1600 1022 1651 t.
1046 1604 1140 1650 votum
1158 1599 1331 1667 oirqiritatrb
1357 1599 1450 1653 adhuc
1468 1602 1511 1665 (eo
1528 1598 1633 1653 scilicet
1652 1604 1785 1668 ternpore,

89 1689 197 1749 puqnet
220 1699 282 1734 curn
294 1684 355 1750 fine
372 1683 540 1752 caelibatus,
562 1701 643 1752 quem
660 1683 770 1737 Paulus
784 1684 926 1753 praescri·
953 1696 1008 1750 quo
1026 1681 1116 1736 Maris
1133 1682 1244 1737 dicebat
1258 1684 1349 1737 οἰηοο
1366 1702 1423 1737 non
1438 1685 1592 1753 aequoreo)
1610 1686 1784 1737 recrualrent

90 1766 159 1834 psit.
209 1766 288 1821 Sicut
319 1769 369 1836 qui
398 1770 562 1839 conjuqium
583 1769 676 1837 etiqit,
705 1786 761 1823 non
785 1777 926 1839 perpetuo
953 1766 1055 1820 Prima
1071 1769 1250 1832 feminarum.
1268 1769 1309 1824 ait
1325 1770 1403 1825 Beda
1419 1769 1448 1823 in
1466 1787 1489 1824 c,
1511 1777 1532 1826 l.
1551 1769 1620 1824 Luc.
1638 1771 1674 1825 de
1695 1769 1785 1825 Maria

92 1860 157 1906 coto
174 1868 204 1906 se
223 1853 347 1923 obliqui,
365 1862 396 1908 ut
413 1873 471 1908 neu
488 1855 585 1923 liceat,
608 1856 635 1909 ri
645 1856 752 1924 poscit,
771 1873 805 1910 en
823 1855 927 1909 atriae
953 1852 1022 1923 virg.
1048 1861 1143 1906 tentae
1170 1871 1199 1907 re
1223 1855 1323 1908 uirtute¹
1347 1857 1508 1925 mancepare
1531 1856 1661 1912 decreuit.
1702 1855 1785 1912 Unde

93 1954 148 2007 que
177 1955 313 1993 commea
341 1941 382 1993 aci
409 1948 516 2008 tempus
541 1941 695 2008 abstinere,
720 1939 765 1995 cel
780 1949 881 2010 postea
897 1941 927 1994 in
953 1938 1067 2009 quidam
1092 1957 1126 1994 ex
1151 1939 1218 2010 ipsis
1243 1939 1394 1996 Pontificiis
1418 1946 1561 2011 statuunt,
1586 1950 1678 1996 uotum
1702 1944 1784 1996 coeli·

92 2024 230 2079 viduitate
243 2041 420 2094 peruenere.
450 2026 698 2096 Hocproposs'turn
715 2034 765 2080 anst
778 2029 927 2094 decretum,
953 2026 1032 2078 batus
1049 2026 1080 2079 in
1096 2027 1133 2083 N.
1154 2027 1263 2079 deinum
1283 2027 1315 2083 T.
1334 2045 1353 2080 a
1371 2027 1483 2082 Christo
1500 2036 1527 2080 et
1545 2028 1681 2096 apostolis
1695 2029 1785 2085 ruisse
1857 2020 1860 2024 ’
1900 2032 1903 2043 “

92 2110 202 2187 siquis
220 2129 283 2164 eum
301 2112 438 2165 ueteribus
454 2120 549 2166 cotum
566 2113 718 2167 coelibatus
734 2129 836 2167 occure
852 2112 927 2179 oeli,
955 2111 1116 2167 institutum.
1154 2111 1337 2166 Bellerminus
1361 2114 1390 2167 in
1413 2114 1524 2184 propria
1544 2113 1626 2183 hujus
1643 2113 1784 2167 dochinae

92 2198 120 2250 si
136 2214 182 2251 rer
201 2196 266 2266 epra
283 2215 345 2250 cum
360 2199 540 2268 prouerbio
558 2199 648 2253 Pauli
666 2206 804 2269 conqruet
819 2206 846 2252 et
864 2216 926 2253 eon-
954 2196 1021 2253 sede
1037 2197 1145 2252 nahum
1162 2215 1196 2252 ex
1217 2197 1252 2253 V.
1269 2198 1303 2254 T.
1322 2198 1533 2254 fundamentum
1550 2216 1599 2268 pro
1617 2198 1784 2254 adstruendo

91 2283 227 2338 nouenae
253 2283 370 2337 libertas
397 2293 537 2350 serretur,
562 2287 599 2338 de
626 2286 845 2363 vocabulouon
870 2285 926 2339 liti·
954 2283 1106 2339 coelibatus
1136 2289 1201 2339 voto
1230 2284 1356 2353 adducit3
1389 2285 1513 2355 quinimo
1539 2286 1568 2339 in
1600 2286 1617 2340 l
1643 2285 1678 2340 de
1705 2290 1784 2339 metr.

92 2369 174 2438 qaia.
221 2369 282 2423 Nec
306 2370 365 2424 tale
387 2378 479 2425 uotum
497 2372 619 2427 includit
636 2371 844 2440 abjurationem
863 2389 925 2425 con·
955 2386 979 2425 c.
1001 2375 1040 2424 tt.
1056 2385 1128 2439 resp.
1147 2369 1184 2423 ad
1203 2376 1227 2425 l.
1247 2369 1348 2440 object.
1368 2371 1470 2426 diserte
1488 2370 1595 2433 scribit,
1618 2378 1785 2440 perpetuum

87 2455 168 2524 juqii
190 2455 219 2508 in
244 2463 428 2525 perpetuum,
456 2457 564 2511 usitate
587 2474 707 2528 namque
732 2458 853 2526 suceptio
877 2474 926 2511 reu
954 2455 1119 2509 coelibatum
1153 2473 1210 2509 non
1242 2456 1334 2519 subse
1370 2457 1398 2509 in
1432 2458 1520 2510 ocimi
1550 2458 1610 2525 leqe
1644 2459 1783 2511 οοίοοοιοι.

90 2542 239 2611 limitatio,
262 2542 292 2594 in
311 2551 444 2610 quiantm
462 2542 584 2596 lcumena
609 2543 760 2612 sraqilitas
779 2543 927 2614 perurunt,
953 2547 978 2596 5.
999 2539 1176 2612 Consequens
1196 2541 1281 2596 fuerit
1302 2543 1387 2597 etiam
1409 2542 1479 2597 illud
1503 2559 1537 2597 ex
1554 2542 1714 2597 Bellarmini
1734 2543 1784 2613 hy-

89 2631 203 2683 cidetur
218 2636 296 2682 oeteo
306 2630 442 2696 swmula
453 2646 512 2684 esee
524 2631 680 2698 οοοοοάοοο,
696 2637 789 2684 ectum
809 2630 925 2683 coeliba-
953 2625 1072 2698 pothesi,
1096 2627 1170 2697 qaod
1192 2644 1273 2683 nemo
1293 2628 1380 2698 possit
1397 2628 1465 2697 dici,
1483 2645 1513 2683 ee
1533 2629 1625 2699 iprum
1645 2636 1785 2683 castrasse

92 2722 137 2768 tur
150 2715 276 2783 primum
293 2732 349 2767 non
365 2715 457 2779 subse
475 2715 640 2783 maletum,
659 2717 712 2769 red
728 2715 927 2783 conditionale,
948 2720 1069 2782 propter
1096 2730 1210 2781 requam
1241 2714 1395 2777 coelorum,
1428 2715 1481 2769 nisi
1513 2721 1639 2772 votorum
1668 2715 1784 2770 nexibus

90 2800 144 2854 lucc
168 2817 265 2862 sensu,
306 2800 442 2854 ementitae
470 2819 520 2856 seu
546 2818 645 2867 reuco,
673 2818 717 2856 nse
735 2801 765 2855 in
789 2801 928 2856 coelibatu
952 2799 1037 2854 fuerit
1053 2798 1185 2869 illigatus,
1205 2816 1262 2870 que
1279 2800 1385 2856 radone
1403 2817 1458 2855 non
1478 2801 1568 2856 solum
1585 2801 1664 2856 multi
1682 2808 1784 2872 marty·

91 2893 169 2941 caete
191 2886 341 2955 ardema,
366 2889 418 2941 reri
439 2887 493 2941 lac
517 2888 689 2951 condimus,
719 2887 878 2957 acceptione
902 2897 927 2941 et
952 2902 996 2940 res
1015 2891 1044 2939 et
1060 2891 1174 2940 sanctim
1191 2886 1327 2957 virgines,
1350 2887 1398 2942 sed
1413 2887 1467 2956 ipsi
1487 2887 1569 2942 etiam
1588 2887 1719 2957 apostoli,
1737 2888 1785 2958 qui

92 2972 270 3040 limitatione,
287 2973 315 3027 ai
331 2971 454 3027 imane
466 2973 616 3041 fraqilitas
634 2974 686 3027 boc
702 2991 758 3027 non
771 2975 925 3042 pennum,
952 2971 1012 3026 sine
1031 2978 1098 3026 voto
1115 2971 1236 3026 coelibes
1252 2971 1373 3036 fuerunt,
1392 2972 1528 3027 emutatis
1545 2972 1628 3027 laude
1646 2973 1784 3044 privaren-

93 3065 124 3111 ut
142 3058 261 3112 liberum
278 3058 349 3112 mim
364 3060 409 3128 rit,
432 3060 557 3113 rernedie
578 3059 706 3129 cmjuqii
727 3067 826 3114 eontra
840 3062 926 3116 ustie
952 3063 1005 3113 tur.
1052 3064 1077 3113 6.
1104 3057 1177 3122 Quin
1208 3065 1237 3114 et
1263 3059 1317 3114 hoc
1337 3065 1512 3130 sequeretur,
1541 3067 1573 3115 ut
1594 3059 1666 3115 solos
1692 3060 1732 3114 ita
1757 3067 1785 3115 et

90 3160 153 3197 nem
183 3152 210 3198 et
235 3147 432 3200 ecormtioroem
451 3146 586 3200 diviniter
608 3145 684 3210 dlis,
710 3146 761 3215 qui
784 3147 926 3202 tenueere
952 3161 1047 3199 omnes
1063 3144 1210 3200 monachos
1227 3161 1262 3199 ac
1278 3144 1461 3215 sacrificulos,
1486 3144 1533 3216 qui
1551 3151 1645 3199 votam
1666 3146 1784 3202 coelibe·

91 3248 148 3285 nort
167 3240 301 3301 possum,
326 3233 459 3288 ordinate
483 3233 534 3287 uti.
572 3231 656 3295 Quod
679 3232 767 3300 iqitur
789 3235 831 3286 ad
845 3250 926 3288 reeu-
952 3236 997 3285 tus
1015 3231 1226 3302 praestiterunt,
1249 3236 1325 3287 recte
1341 3231 1397 3286 dici
1419 3240 1539 3301 prepter
1561 3248 1676 3300 requam
1693 3234 1782 3289 cocle·

92 3318 187 3373 bulum
206 3318 319 3387 οοοίοοο,
339 3335 533 3388 persecare
551 3336 609 3373 non
625 3319 743 3372 multans
767 3323 873 3386 refert,
899 3321 928 3374 ri
952 3336 1015 3371 rum
1045 3334 1076 3372 se
1103 3326 1257 3382 castrasse,
1286 3317 1309 3371 si
1336 3317 1458 3389 genuine
1480 3324 1509 3373 et
1533 3318 1628 3373 nativa
1644 3318 1693 3374 illa
1712 3327 1785 3375 esset

90 3412 183 3458 votum
202 3405 356 3459 coelibatus
373 3406 534 3475 appelletur
549 3405 725 3475 propositum
742 3404 831 3473 iilud,
849 3407 927 3474 quod
951 3404 1035 3476 hujus
1053 3403 1186 3473 phraseos
1205 3403 1380 3474 significatio,
1397 3421 1481 3473 quam
1493 3402 1676 3460 Bellnrminus
1693 3411 1783 3477 urget.

92 3491 203 3545 Paulus
224 3492 284 3545 suis
307 3492 399 3545 verce
424 3490 558 3546 describit
585 3495 608 3547 1.
628 3489 692 3545 Cor.
715 3494 736 3543 7.
761 3492 811 3560 qui
828 3494 926 3545 statuit
954 3491 1009 3548 Sed
1027 3495 1156 3546 neutrum
1183 3489 1239 3544 dici
1256 3496 1362 3560 potest,
1391 3508 1447 3545 non
1476 3491 1568 3562 prius,
1595 3497 1627 3545 ut
1641 3493 1701 3563 jnn
1718 3500 1784 3548 ante

90 3577 121 3629 iu
138 3577 226 3630 carde
242 3578 347 3639 tirmur.
379 3577 545 3646 &mquam
557 3578 679 3647 proprie
692 3577 832 3645 loquendo
844 3578 927 3632 aliud
953 3577 1180 3640 demonstratum,
1200 3592 1252 3631 nec
1268 3576 1420 3646 posterius,
1440 3577 1507 3649 quie
1526 3583 1558 3631 ut
1571 3578 1703 3633 Erasmus
1720 3596 1783 3633 con·

90 3669 131 3717 est
145 3663 326 3731 prepositum
345 3664 451 3727 cordc'e,
469 3665 547 3732 qued
564 3664 627 3732 quis
644 3665 724 3733 apud
743 3680 774 3716 ee
791 3664 822 3716 irs
840 3664 925 3718 eorde
951 3663 1088 3734 queritur,
1116 3663 1220 3717 multos
1239 3663 1357 3717 ciuicas
1384 3664 1467 3718 lodie
1486 3664 1670 3718 ecclesiastici
1686 3681 1784 3718 cericus

90 3766 142 3803 ruo
160 3735 259 3802 duait
277 3756 303 3802 ct
321 3744 453 3819 ὶίοονοοίι,
472 3757 500 3803 et
519 3749 602 3803 abaci
622 3756 662 3803 cat
679 3757 780 3817 cotum,
797 3750 839 3801 ad
849 3750 927 3816 qued
949 3750 1057 3821 potiar,
1079 3756 1206 3802 castrant
1227 3766 1310 3816 qucum
1338 3749 1445 3816 pietas,
1474 3764 1508 3803 ac
1537 3748 1617 3804 multi
1655 3750 1782 3804 monachi

90 3835 188 3889 uteru
204 3834 316 3903 requiri
331 3834 483 3889 voluntati
502 3835 695 3897 ιὀοοοοίοοοιο,
714 3833 837 3889 rationis
855 3833 924 3887 deti·
949 3834 1012 3890 ideo
1050 3850 1080 3889 se
1123 3837 1262 3900 cesum,
1302 3839 1334 3888 ut
1372 3834 1401 3888 in
1444 3833 1572 3889 cleastris
1616 3834 1673 3889 suis
1714 3834 1782 3889 deli·

92 3921 270 3990 berationem,
287 3922 383 3977 coritis
398 3922 621 3993 promissiones,
641 3923 699 3976 oric
711 3920 924 3990 wernonem,
949 3920 1038 3975 catius
1051 3919 1080 3974 in
1097 3918 1196 3989 pingui
1208 3923 1264 3974 otio
1279 3918 1371 3976 vivere
1382 3920 1499 3990 possint,
1515 3921 1588 3976 sicut
1599 3921 1781 3993 Palingenius

87 4008 287 4077 promissionis
303 4008 524 4070 testificationem
541 4025 589 4063 scre
610 4008 847 4071 confirmationem
859 4008 923 4061 Deo
950 4007 985 4062 de
1005 4005 1061 4060 illis
1079 4004 1173 4060 canit:

89 4095 215 4193 ΜΨ·
234 4094 408 4192 ,i'wp‘ffl
436 4093 629 4192 θῳωῖψθ,
643 4094 765 4148 ''mni‘'
789 4093 927 4191 ‘livini‘f
984 4126 1063 4181 Prole
1074 4127 1191 4196 perdor!
1209 4126 1258 4181 bor
1277 4127 1399 4182 toberare
1415 4134 1506 4198 potent
1525 4127 1643 4181 cocleae
1658 4145 1769 4198 percos,

90 4182 196 4235 addita
211 4198 269 4233 erue
287 4181 423 4249 replicate,
439 4197 496 4234 esee
519 4180 655 4249 implente
673 4186 875 4246 maceranum,
899 4197 925 4232 er

89 4286 146 4321 non
163 4275 296 4324 servetur.
332 4265 411 4321 Hace
428 4282 543 4322 nervose
559 4271 588 4321 et
603 4266 725 4337 graviter
742 4264 927 4332 chemnicias,

90 4370 165 4424 quae
201 4353 294 4408 multis
318 4351 527 4408 Pontificiorum
565 4353 736 4424 argumentis
766 4351 925 4408 satisfecere
950 4360 974 4409 t.
991 4351 1118 4407 Adducit
1134 4350 1247 4421 quidem
1264 4349 1448 4405 Bellarminrn
1465 4367 1516 4420 pro
1532 4350 1720 4406 confirmanda
1731 4370 1783 4406 sna

89 4446 221 4510 ponam,
248 4440 272 4494 si
288 4446 363 4494 recte
382 4436 563 4494 observentur
579 4447 608 4494 et
624 4438 807 4510 applicentur.
845 4437 923 4492 ldem
948 4437 1175 4508 interpretatione
1191 4441 1302 4507 patres,
1326 4436 1375 4490 sed
1392 4435 1433 4490 illi
1454 4453 1612 4507 nequaqum
1631 4438 1728 4492 dicunt
1745 4438 1782 4506 id,

90 4537 184 4580 armen
211 4534 308 4595 postea
324 4530 399 4580 recte
422 4524 566 4595 adjungit,
593 4525 661 4592 quia
690 4532 757 4578 rete
784 4525 814 4578 iu
838 4541 924 4593 reque
950 4523 1026 4594 quod
1056 4521 1242 4578 Bellurminus
1269 4538 1315 4576 eos
1344 4521 1438 4576 dicere
1464 4521 1553 4593 fingit
1608 4522 1781 4594 Epiphanius

89 4612 241 4677 Pontificio
260 4614 302 4666 ita
319 4621 384 4666 eunt
398 4613 597 4681 carrtaminatc,
615 4619 647 4665 at
666 4612 757 4681 iprum
775 4611 858 4664 etiem
877 4628 923 4665 oo-
948 4609 1022 4664 haer.
1044 4614 1085 4664 58.
1102 4607 1277 4664 Valesiorum
1309 4625 1344 4663 ne
1366 4607 1451 4663 verbo
1473 4607 1586 4679 quidem
1612 4609 1669 4664 voti
1688 4611 1781 4665 memi-

89 4699 231 4767 echelum,
251 4699 324 4753 unct
339 4699 498 4766 Pontificiis
516 4698 649 4752 urbatum
668 4704 723 4761 ert,
743 4696 922 4766 ὀορναοοοὶο-
949 4695 1003 4762 nit,
1035 4694 1104 4765 quin
1130 4699 1158 4747 et
1187 4695 1332 4765 apostolos
1362 4693 1436 4748 inter
1455 4711 1516 4759 eos,
1546 4696 1593 4765 qui
1621 4712 1651 4750 se
1669 4702 1782 4766 propter

88 4801 152 4839 uem
174 4800 269 4838 rerum
293 4801 385 4839 seeum
406 4784 519 4837 trabere
541 4783 685 4848 uideatur,
710 4790 736 4836 et
763 4798 818 4853 per
847 4780 924 4835 illud
948 4797 1066 4852 regnum
1083 4780 1223 4835 coelorum
1239 4787 1444 4846 cubaverunt,
1462 4787 1597 4847 numerat,
1614 4799 1683 4854 quos
1700 4783 1780 4839 coeli·

89 4871 203 4925 cen'tnti
230 4871 353 4925 insidiae
381 4877 544 4933 struantur,
573 4869 638 4923 idco
663 4869 748 4923 tutius
774 4875 800 4923 et
818 4869 922 4923 rectius
948 4867 1044 4923 batum
1060 4866 1169 4923 nonime
1192 4866 1302 4922 facilius
1322 4867 1436 4937 dicitm,
1461 4884 1544 4938 quern
1570 4869 1719 4939 probatur,
1747 4887 1781 4927 ac

88 4956 162 5025 fieri,
178 4957 206 5010 ri
218 4957 317 5027 planes
334 4975 368 5010 cc
385 4956 558 5025 eimplicibus
575 4955 666 5009 cerba
677 4955 767 5009 Pauli
785 4954 922 5009 icamia
948 4952 1069 5024 virgines
1100 4952 1137 5008 sb
1165 4952 1238 5022 illis,
1265 4953 1313 5025 qui
1341 4953 1521 5008 monasticam
1547 4953 1633 5008 vitem
1666 4955 1780 5030 degunt,

90 5044 225 5098 tradatur
252 5052 278 5097 ct
295 5042 469 5111 'explicatum
493 5059 513 5094 a
530 5041 629 5110 quibus
649 5041 756 5096 scilicet
774 5042 922 5110 quomoda
948 5040 1103 5110 distinguit,
1122 5056 1177 5111 quo
1197 5038 1258 5110 ipso
1276 5039 1411 5107 ostendit,
1430 5039 1551 5110 virgines
1568 5039 1667 5107 fuisse,
1685 5043 1781 5113 quise

89 5147 145 5198 qao
165 5131 220 5194 fine
234 5138 260 5183 et
278 5148 335 5199 qua
353 5127 513 5182 conditione
535 5125 688 5181 coactae·
713 5127 859 5197 eliqendue
875 5144 924 5181 rere
948 5125 1117 5185 monasticae
1134 5130 1209 5180 ritae
1224 5140 1275 5195 per
1293 5129 1358 5180 vota
1370 5123 1523 5180 coelibatus
1539 5127 1778 5191 nonaddixerant,

89 5215 285 5285 emeipundus
305 5216 349 5269 rit.
383 5219 408 5270 t.
426 5213 482 5269 Sed
500 5211 645 5267 redeamus
663 5211 700 5266 ad
717 5212 922 5282 Bellermiuum,
934 5213 985 5333 ¹de
1012 5211 1114 5284 quibus
1142 5211 1319 5266 nihilominus
1346 5209 1402 5266 dici
1429 5212 1530 5282 possit,
1564 5213 1638 5284 quod
1660 5223 1780 5283 prepter

88 5302 120 5358 Is
137 5318 172 5357 ex
188 5301 280 5357 verbis
294 5299 397 5356 Christi
416 5299 543 5355 evincere
563 5304 687 5373 conenit,
703 5315 759 5368 pu·
778 5300 923 5366 οοοοοΙιοο,
948 5316 1065 5366 requam
1087 5296 1227 5352 coelerum
1255 5313 1305 5367 per
1327 5296 1494 5367 virginitatis
1524 5293 1696 5369 propositu'm
1718 5314 1779 5355 sese

90 5388 141 5458 qui
157 5405 186 5441 ee
203 5388 281 5456 epaon
298 5394 490 5440 castraverunt
503 5391 624 5454 prepter
642 5402 757 5452 rcqaum
775 5384 923 5449 coelorum,
949 5382 1137 5441 manaverint.
1178 5381 1366 5451 Hieronymus
1392 5382 1422 5436 in
1445 5399 1542 5439 comm.
1572 5384 1671 5455 virgin.
1699 5400 1778 5455 prae·

92 5491 149 5530 non
168 5489 249 5543 posse
267 5471 385 5543 intelligi
403 5471 456 5527 nisi
477 5471 600 5542 eosqui
615 5470 787 5527 mutinmtes
804 5477 870 5526 sunt
890 5476 1054 5541 ex,ceptor.
1080 5467 1205 5523 meminit
1230 5473 1259 5524 et
1281 5467 1329 5524 lib.
1362 5472 1386 5523 1.
1412 5467 1442 5520 in
1470 5470 1562 5525 dorin.
1588 5485 1636 5525 eos
1660 5468 1727 5525 dicit
1747 5488 1777 5526 se

1393 5572 1448 5628 il*

985 4216 1135 4267 Duatanat
1152 4213 1250 4277 semri,
1272 4213 1374 4267 Veneri
1390 4230 1539 4283 somnoque
1558 4223 1696 4270 recentes.
