4020 6022
818 278 871 334 ou
891 277 1092 339 consuere.
1739 292 1794 352 ιιι
1870 290 1873 295 ·

94 444 214 507 quatuor
247 436 349 491 tabere
382 437 521 504 seminas,
549 436 586 489 rto
619 435 719 503 quibas
750 436 786 487 12
812 432 890 499 tilios
907 432 1098 497 ctidacobum
1118 443 1233 493 excusat
1243 455 1318 494 error
1331 438 1500 494 invincibilis
1514 446 1543 494 et
1556 440 1665 494 animus
1679 456 1797 511 aequus,

94 540 180 575 anam
208 523 297 587 titiam
312 523 494 591 procreavit,
523 539 585 575 cava
611 537 709 574 caram
737 519 846 575 nattam
870 538 933 573 coa·
960 521 1034 577 idom
1051 540 1119 595 ergo
1133 524 1272 595 judicium
1291 542 1352 581 esse
1371 524 1456 581 debet
1472 526 1508 581 de
1524 525 1576 581 hoc
1593 527 1667 581 facto
1684 526 1794 593 Jacobi,

94 610 249 679 cupiscsret
273 609 387 673 illicite,
419 609 517 662 de'ciaa
547 608 656 661 s'snlicat
676 606 834 677 Scriptura.
885 606 935 658 Ad
960 608 1034 679 quod
1064 615 1106 664 ost
1136 610 1171 665 de
1209 610 1430 681 patriarcharum
1461 612 1636 683 polygamia,
1668 612 1704 668 de
1738 628 1795 684 qua

63 770 69 781 .
93 714 177 749 uuam
207 696 312 766 quippe
342 695 540 764 acceptandam
565 701 694 757 astituat,
722 695 775 747 sed
802 710 864 747 casm
887 692 935 746 aa·
960 696 1085 765 superius
1124 696 1229 751 dictum
1264 695 1325 751 fuit.
1392 696 1499 762 Quodsi
1535 698 1720 753 Belloi-minus
1760 715 1794 752 ex

93 782 186 836 altera
223 799 280 850 pro
317 781 410 834 altera
444 779 590 849 supposita
620 779 724 843 fuisset
761 795 811 832 aec
840 779 932 847 ipsam
958 780 1057 837 dacobi
1087 784 1212 854 exemplo
1239 784 1365 839 evincere
1388 791 1518 852 conatur,
1545 784 1706 856 conjugium
1732 800 1795 838 cum

93 868 216 935 dimisit,
249 885 306 936 qua
337 868 463 922 nesciens
492 884 560 920 aeus
588 868 686 929 sacrat
715 867 745 920 ia
772 873 865 932 nocto,
897 881 932 917 aa
959 866 1067 921 duabus
1087 869 1226 923 sororibus
1244 886 1299 922 non
1317 886 1445 941 pugnare
1469 868 1630 940 simpliciter
1648 886 1712 924 cum
1727 871 1792 940 jure

92 954 217 1009 ludibrio
247 970 309 1008 eam
339 955 483 1008 videretur
511 953 642 1007 liatnissa
674 960 701 1006 st
732 966 765 1005 eo
799 959 931 1019 tempore,
957 959 1086 1023 naturae,
1122 954 1272 1009 concedere
1299 961 1428 1027 cogetur,
1464 954 1623 1026 pontificem
1654 956 1737 1011 stiam
1765 956 1795 1010 in

91 1042 225 1111 possiam
248 1040 483 1109 multiplicandae
512 1038 691 1121 posteritatis
722 1054 810 1091 caasa
831 1039 930 1107 plnres
957 1040 1117 1111 polygamia
1142 1058 1206 1094 cum
1236 1039 1346 1095 duabus
1370 1040 1511 1096 sororibus
1543 1040 1644 1096 iacobi
1666 1041 1792 1111 exemplo

90 1144 188 1181 uxores
216 1126 262 1180 lex
288 1126 368 1181 mttla
388 1126 569 1195 prohibebat,
600 1124 708 1193 accepit
733 1123 817 1176 eliam
836 1124 928 1189 iilam,
957 1126 1137 1197 comprobata
1157 1126 1317 1197 dispensam
1336 1144 1425 1198 posse,

49 1274 52 1279 Ι
91 1210 138 1265 cai
156 1212 207 1265 nai
217 1212 285 1281 jam
302 1212 398 1276 fictori
415 1210 542 1278 coajrtps'i
553 1212 639 1275 tidem
650 1210 767 1275 fecerat.
798 1214 822 1263 1.
836 1207 928 1272 Quod·
990 1218 1049 1269 312.
1076 1217 1101 1266 2.
1120 1214 1217 1268 aaran
1231 1214 1402 1284 patriarcha
1420 1215 1500 1268 dedit
1511 1214 1578 1281 filio
1602 1232 1652 1267 sno
1669 1212 1825 1267 secunaou
1840 1211 1892 1253 unit

91 1297 117 1376 si
138 1298 201 1368 quis
228 1314 304 1353 error
330 1296 359 1349 in
378 1295 484 1352 Jacobo
503 1294 663 1365 patriarcha
688 1302 784 1349 sancto
801 1293 846 1347 hic
865 1308 927 1348 con·
954 1299 1048 1368 pensito
1066 1317 1179 1353 oaorem
1213 1301 1343 1363 defuncti
1370 1300 1555 1369 primogeniti
1579 1298 1650 1355 Gen.
1673 1304 1715 1351 36.
1743 1264 1915 1369 quiiiiiirs·

91 1384 186 1452 currit,
217 1385 241 1439 is
265 1384 321 1438 fide
348 1384 378 1436 in
407 1383 571 1455 promissum
590 1382 721 1438 Messium
745 1382 798 1451 ipsi
827 1362 1049 1439 condo-‘tamea
1066 1388 1174 1452 aradus
1188 1386 1535 1455 ianciticaprolribetar.
1564 1385 1790 1455 Respondemus:
1804 1368 1856 1408 ‘¹¹⁶⁶

92 1476 173 1526 natus
192 1470 256 1528 fuit.
305 1469 487 1524 Labanvero
507 1470 606 1524 bacin
626 1474 706 1539 parta
725 1468 819 1522 multis
839 1406 1013 1557 modisiegit
1037 1471 1128 1525 Judas
1151 1470 1304 1525 secundum
1329 1470 1420 1542 legem
1439 1472 1523 1527 Dent,
1551 1477 1598 1535 25,
1619 1488 1644 1525 v.
1665 1478 1689 1527 5.
1719 1486 1791 1540 quse

89 1557 250 1629 gravissime
284 1565 395 1627 peccat,
430 1557 504 1627 quod
541 1555 719 1627 polygamiae
754 1551 826 1607 filias
863 1570 942 1643 suas4
951 1557 1041 1629 jubet,
1060 1557 1175 1613 fratrem
1194 1558 1329 1612 suscitare
1353 1574 1447 1613 semen
1466 1556 1545 1611 fratri
1570 1558 1676 1629 absque
1695 1556 1790 1611 liberis

90 1644 220 1714 implicat,
237 1644 312 1714 qnod
333 1643 402 1696 duas
423 1641 496 1697 filias
515 1642 544 1695 in
565 1660 651 1695 unum
665 1640 818 1695 maritalem
837 1646 928 1693 torum
955 1644 1117 1712 demortuo,
1147 1660 1219 1716 quae
1242 1644 1285 1699 lox
1313 1650 1354 1698 est
1371 1644 1455 1714 plane
1473 1642 1600 1713 specialis
1618 1648 1646 1698 et
1661 1642 1698 1697 ad
1719 1642 1792 1697 solos

91 1731 217 1796 collocat,
235 1730 311 1802 quod
329 1730 471 1799 perpetuis
489 1728 548 1783 fere
568 1726 755 1781 simultatibus
779 1724 923 1780 efficacem
954 1730 1077 1787 Judaeos
1100 1731 1239 1801 pertinet,
1269 1736 1300 1783 ut
1326 1729 1410 1801 paulo
1434 1730 1498 1799 post
1520 1728 1647 1800 pluribus
1674 1728 1789 1784 dicetur.

94 1816 267 1872 occasionem
286 1815 409 1886 praebet·
453 1813 592 1868 Lutherus
621 1813 650 1866 in
669 1818 815 1867 comment.
841 1828 864 1864 0·
886 1816 1527 1886 ta'Neeest,qa011109‹÷ntttamnorraam
1545 1817 1638 1881 faisse
1654 1816 1791 1884 scriptam

91 1901 193 1957 Genea.
213 1900 233 1958 t‘.
260 1907 319 1958 1119.
338 1902 374 1955 ad
398 1901 601 1973 quaestionem,
630 1917 668 1952 aa
691 1897 798 1953 Jaooti
822 1897 928 1950 misari·
956 1902 1046 1971 dicas,
1075 1903 1141 1973 quia
1165 1903 1252 1956 multa
1278 1902 1340 1973 lege
1358 1902 1463 1973 Moysis
1484 1902 1593 1957 sancita
1624 1901 1707 1956 etiam
1725 1908 1791 1956 ante

92 1988 193 2041 cardia
210 2006 267 2041 aaa
285 1990 435 2041 clamitatur
452 1988 514 2055 ispe
539 1986 666 2054 Moysis,
692 1984 739 2056 qui
761 1982 842 2047 dicit,
873 1987 1045 2059 nonlegem
1060 1988 1192 2059 scriptam
1209 1987 1238 2041 in
1256 2005 1308 2042 usu
1325 1988 1447 2044 fuerunt,
1494 1992 1526 2049 3„
1539 1990 1660 2041 Amram
1682 1989 1791 2058 acecpit
1802 1982 1897 2075 mna

89 2091 148 2129 esso
174 2074 316 2129 ducendas
345 2073 415 2128 duas
441 2088 561 2136 sorores,
592 2071 741 2141 respondet
758 2070 811 2125 hoc
828 2069 928 2125 modo:
955 2091 1069 2127 anorum
1094 2074 1243 2128 docantat
1262 2064 1368 2149 HTl't,
1400 2075 1515 2128 saritam
1543 2092 1638 2136 aaa,
1670 2090 1703 2135 on
1736 2090 1790 2143 qao
1803 2082 1927 2127 aoomsst.

90 2162 161 2215 Atia
178 2168 242 2214 suat
260 2160 388 2229 exempla
404 2160 528 2228 dacica,
546 2158 608 2212 alia
634 2157 773 2223 moralia,
800 2157 878 2225 tenes
904 2163 929 2209 st
955 2160 1086 2229 conjugio
1104 2162 1220 2227 tliapses
1240 2168 1323 2214 natus
1341 2170 1382 2213 cst
1395 2159 1481 2215 Exod.
1502 2166 1526 2226 6,
1546 2178 1571 2212 v.
1588 2165 1628 2215 20.
1641 2158 1708 2227 jam
1725 2176 1790 2213 vera

91 2264 183 2301 mores
208 2244 377 2316 sinpliciter
399 2252 462 2298 suist
495 2244 645 2311 servandi,
673 2259 723 2296 aec
747 2243 872 2307 serenda
890 2249 929 2295 ast
955 2246 1071 2300 amitam
1097 2246 1203 2311 frutra
1222 2246 1301 2311 fitius
1326 2249 1428 2301 dauers
1445 2247 1626 2316 prohibetur,
1654 2245 1721 2299 Lev.
1752 2250 1791 2309 18,

91 2333 152 2387 utta
171 2332 416 2400 transmutamus
430 2330 630 2395 ficiteonfasio.
664 2328 789 2383 Hernica
803 2327 931 2397 eaempta
955 2349 980 2385 v.
1010 2338 1049 2387 12.
1090 2330 1315 2403 Respondemus:
1351 2337 1373 2387 1.
1399 2332 1560 2402 scripturae
1584 2330 1679 2402 phrasi
1703 2330 1791 2397 [etiam

43 2420 78 2463 Ἀ
91 2427 169 2483 cavit,
201 2434 274 2488 qaas
304 2435 361 2471 siaa
388 2424 546 2487 conpraaat
579 2434 641 2469 cusa
672 2415 787 2485 letibus·
838 2412 930 2481 Saepe
955 2423 1053 2488 neptes
1078 2418 1208 2473 dicuntur
1237 2417 1327 2487 filiae,
1358 2423 1389 2472 ut
1405 2418 1537 2489 exemplis
1556 2417 1664 2488 aliquot
1681 2416 1792 2472 demon·

91 2504 164 2559 enim
192 2506 237 2559 vt'r
269 2504 411 2569 dmm,
444 2519 525 2572 quem
552 2504 633 2555 Dm
655 2500 798 2569 milliari
819 2500 931 2552 'tumide
956 2504 1104 2559 stravimus
1124 2504 1250 2574 superius
1269 2506 1297 2573 ti.
1315 2510 1375 2560 216.
1388 2504 1511 2576 quinimo
1524 2503 1690 2574 posteriores
1708 2502 1793 2557 etiam

91 2592 218 2660 afflavit,
242 2590 402 2660 perrumpit
428 2596 454 2642 tt
481 2588 594 2656 statuit
619 2588 761 2655 fesulam,
797 2587 848 2639 ttd
874 2602 930 2638 twa
956 2590 1077 2647 filiarum
1097 2590 1283 2661 appellatione
1302 2592 1427 2646 veniunt.
1462 2591 1507 2648 Sic
1524 2589 1670 2645 Elisabeth
1690 2588 1793 2644 dicitur

89 2676 225 2747 relinquit
238 2684 305 2746 post
324 2693 353 2730 so
371 2676 533 2745 cuempiam.
567 2674 706 2739 Moralia,
728 2673 803 2742 teges
819 2678 846 2726 st
861 2672 930 2739 jura
955 2676 1042 2733 fuisse
1068 2681 1104 2731 sle
1134 2678 1248 2743 liliatas
1265 2678 1366 2731 Aaron
1384 2676 1454 2734 Luc.
1478 2685 1500 2745 l,
1524 2693 1551 2733 v.
1577 2683 1602 2733 5.
1637 2682 1661 2731 2.
1682 2665 1733 2726 't'ts
1764 2682 1793 2731 at

52 2772 61 2791 ⁰
91 2772 154 2818 sunt
171 2764 313 2818 sananda
334 2769 360 2815 at
377 2762 506 2832 saempta
526 2761 680 2830 sequenda,
698 2759 791 2813 sedin
809 2756 930 2812 heroicis
955 2762 1049 2819 femin,
1069 2754 1159 2838 t'tyit
1183 2764 1212 2818 in
1233 2764 1327 2834 specis
1346 2761 1456 2834 quidem
1466 2771 1603 2832 patruum
1621 2761 1680 2817 siae
1695 2761 1792 2832 patris

89 2851 171 2905 astla
204 2857 246 2904 ost
279 2849 493 2919 carusqusntia,
525 2846 634 2902 nattam
663 2844 817 2914 exemplum
846 2844 943 2914 valeti
953 2851 1077 2915 fratrem
1104 2858 1131 2904 ct
1149 2850 1266 2904 amdam
1291 2850 1348 2904 sive
1365 2849 1462 2919 patris
1482 2866 1605 2903 sororem
1625 2846 1792 2919 significent,

92 2936 149 2989 nisi
164 2937 201 2989 sit
213 2952 268 3006 per
289 2936 384 2989 conseia
401 2934 502 2987 simila.
542 2934 576 2987 Si
592 2930 686 2998 fucris
701 2931 805 2985 similis
826 2930 928 2998 Jacob,
955 2936 1005 2991 sed
1025 2936 1171 3008 ingonem
1188 2934 1350 3007 significant
1369 2934 1481 3006 quosvis
1499 2940 1633 3006 cognatos
1652 2935 1681 2989 in
1700 2932 1791 3005 gradu

88 3023 116 3076 ti
131 3022 199 3075 latit
217 3040 315 3085 casm,
348 3020 415 3074 *alit
435 3020 591 3073 occasiost
610 3018 760 3073 ”00⁶⁸th
785 3016 928 3080 inciderit,
955 3022 1039 3076 etiam
1064 3021 1204 3077 ulteriore.
1252 3020 1298 3073 Sic
1316 3018 1447 3075 Messiam
1474 3018 1571 3073 Esaias
1597 3017 1721 3089 appellat
1737 3010 1790 3069 'itu

89 3116 145 3163 tum
164 3115 190 3161 ti
207 3109 260 3162 tibi
272 3106 376 3171 licebit,
389 3108 467 3175 quod
480 3106 592 3160 Jacodo
611 3104 692 3159 licuit
698 3124 710 3169 ,·
727 3104 755 3156 εἰ
765 3120 822 3156 stoa
833 3102 926 3164 siseris
950 3109 1127 3177 patruelem,
1155 3115 1287 3177 patruum
1306 3125 1387 3161 tuum
1405 3105 1451 3160 Es,
1471 3113 1501 3176 5,
1527 3124 1553 3162 v,
1573 3111 1594 3159 l.
1632 3104 1699 3160 Fuit
1717 3105 1790 3159 enim

84 3210 141 3264 per
160 3194 255 3247 omnia
272 3193 375 3247 struitis
394 3194 500 3260 Jacob,
534 3194 666 3245 standum
684 3190 736 3243 tibi
751 3190 804 3243 erit
822 3189 851 3242 ia
866 3178 1051 3254 tepuiEsaias
1071 3193 1145 3248 filius
1161 3193 1250 3247 Amos
1270 3192 1437 3265 prophetae,
1466 3191 1511 3247 hic
1539 3190 1593 3245 fuit
1611 3189 1696 3247 frater
1715 3192 1790 3261 ragis

88 3288 115 3334 ct
142 3281 263 3334 moribus
290 3280 487 3333 communibus.
536 3280 601 3333 Nan
630 3284 671 3331 est
686 3254 1096 3387 permcmpeaclumiAmauiae,
1117 3296 1150 3333 ex
1169 3281 1251 3348 cujus
1269 3278 1347 3349 regia
1366 3278 1453 3349 stirpe
1471 3276 1526 3332 tuit
1543 3276 1683 3346 Christus,
1705 3294 1789 3348 quem

88 3375 203 3431 temous,
236 3384 286 3420 asc
311 3366 476 3429 faciendum
500 3364 655 3434 esemplam
679 3371 706 3417 et
731 3360 990 3431 consequentia-ob
1009 3366 1039 3419 id
1056 3365 1212 3435 patruelem
1230 3382 1310 3419 suum
1329 3363 1466 3435 appellat,
1491 3363 1615 3434 quinimo
1641 3363 1669 3417 in
1687 3379 1789 3435 genere

86 3462 205 3525 propter
229 3471 326 3507 casam
350 3454 472 3522 aliquem
490 3452 639 3506 heroicam.
680 3456 704 3503 5.
730 3447 846 3520 Regcrit
863 3410 1006 3531 Bel-itta
1030 3450 1171 3523 significat
1187 3452 1316 3517 amicam,
1337 3451 1470 3506 adactam
1488 3449 1568 3506 Cant.
1583 3458 1611 3519 2,
1629 3468 1655 3504 v.
1674 3454 1698 3506 8.
1719 3467 1742 3505 c.
1763 3457 1790 3517 5,

89 3539 231 3603 Ιιιιιιιίιιιιο,
250 3556 284 3594 ex
301 3558 325 3593 c.
345 3544 386 3595 28.
407 3538 476 3594 Gen.
496 3536 563 3593 satis
583 3552 737 3608 apparere,
756 3536 847 3598 faisse
864 3551 927 3588 cort·
939 3544 941 3555 '
955 3557 981 3592 v.
1007 3545 1028 3593 1.
1048 3556 1072 3593 c.
1092 3544 1116 3607 e,
1136 3557 1163 3593 v.
1183 3544 1207 3595 3.
1237 3543 1260 3592 3.
1278 3537 1510 3609 Quamvisigitur
1522 3535 1668 3591 Jochabed
1681 3536 1789 3591 dicatur
1803 3540 1850 3581 XV·
1864 3542 1910 3585 wt-

90 3626 264 3681 suetudinem
294 3626 364 3695 loci,
394 3632 425 3678 at
456 3626 529 3677 clane
562 3639 675 3678 sorores
702 3623 754 3675 runi
780 3621 842 3676 uiro
861 3638 926 3674 coa·
948 3628 1016 3696 fitia
1037 3626 1106 3680 Lavi
1124 3624 1210 3679 Exod.
1231 3632 1262 3689 2,
1286 3643 1311 3680 v.
1340 3630 1361 3679 1.
1397 3623 1480 3680 Num.
1505 3628 1553 3690 26,
1579 3628 1663 3680 aaa
1682 3637 1788 3694 exque

83 3714 173 3783 junqi
195 3721 318 3783 possent,
370 3713 447 3765 Nam
472 3712 586 3778 Lataa,
617 3726 679 3762 cam
701 3708 854 3777 decepisset
872 3707 926 3759 Ja-
954 3712 1086 3784 consequi
1102 3710 1221 3779 videtur,
1240 3710 1357 3765 eandem
1375 3708 1461 3763 fuisse
1479 3708 1606 3775 Cahatis,
1624 3707 1673 3778 qui
1691 3708 1787 3763 itidem

90 3802 186 3855 sobam
218 3798 393 3853 ottnatndo
426 3798 454 3850 εἰ
487 3814 571 3850 unam
609 3812 732 3851 sororem
762 3812 820 3863 pro
856 3794 926 3862 atta,
954 3799 1008 3853 fuit
1025 3797 1099 3852 filius
1118 3796 1196 3861 Lovi,
1214 3812 1375 3868 germanam
1394 3810 1520 3857 sororem,
1539 3798 1571 3847 ut
1587 3791 1626 3847 sic
1640 3791 1789 3849 Amramus

91 3887 190 3942 obtulit
223 3885 250 3939 si
279 3885 362 3937 etiam
392 3883 528 3951 alteram,
559 3883 608 3936 iile
633 3897 700 3935 vcro
727 3880 926 3934 nihilomnino
952 3884 1066 3939 amitam
1084 3900 1163 3937 sunm
1175 3897 1287 3937 uxorem
1300 3880 1535 3943 duxerit;tamen
1549 3894 1612 3933 cnm
1626 3877 1672 3934 hio
1684 3879 1788 3951 gradus

91 3973 224 4026 dubitans
254 3970 385 4025 cantiano
414 3968 565 4037 acquievit,
594 3984 683 4037 nsque
704 3975 840 4036 parentes
866 3984 926 4021 sum
953 3970 1089 4040 expressis
1106 3968 1200 4025 verbis
1219 3967 1382 4039 prohibitus.
1436 3965 1502 4019 Lev.
1531 3971 1576 4029 ts,
1610 3982 1635 4021 s.
1664 3971 1704 4022 12.
1727 3966 1789 4021 ideo

85 4068 188 4129 postea
209 4058 457 4126 reprehenderant,
478 4072 563 4124 nequo
581 4056 641 4124 ipsc
657 4056 768 4119 factam
782 4053 926 4123 purgavit.
952 4056 1094 4111 commode
1120 4054 1302 4126 respondetur
1319 4051 1464 4109 doclrabed
1482 4051 1575 4107 vocari
1598 4042 1705 4125 ΗΤἹἹ,
1732 4067 1789 4107 non

90 4143 316 4216 Respondemus:
345 4143 444 4198 Iabau
472 4142 585 4214 quidem
612 4140 693 4196 titulo
719 4140 926 4195 consuetudinis
954 4142 1029 4215 quod
1054 4142 1139 4197 fuerit
1165 4142 1252 4194 assita
1280 4140 1338 4193 sico
1360 4136 1456 4207 patris
1482 4154 1578 4207 soror,
1606 4144 1637 4192 ut
1664 4136 1788 4208 Targum

91 4232 240 4303 pessimum
266 4246 346 4284 suum
372 4230 478 4287 iactum
504 4235 629 4298 excusat,
663 4227 711 4283 sed
734 4234 927 4298 praeterquam
955 4228 1084 4297 reddidit,
1104 4229 1153 4282 scd
1175 4227 1251 4298 quod
1269 4225 1353 4282 fuerit
1366 4224 1511 4295 patruelis
1528 4224 1584 4277 aios
1603 4222 1707 4276 amitas
1719 4223 1788 4293 filia

91 4320 166 4391 quod
185 4317 358 4373 consuetudo
377 4316 489 4387 saepius
513 4315 614 4369 vitiosa
635 4315 671 4369 sit
689 4319 718 4369 et
734 4312 791 4385 legi
810 4321 927 4368 naturae
954 4331 988 4370 ex
1006 4314 1094 4386 patris
1113 4330 1206 4368 sorore
1222 4317 1303 4379 nata',
1327 4317 1358 4366 ut
1375 4310 1459 4365 LXX
1486 4310 1648 4380 interpretes
1674 4314 1703 4363 et
1728 4307 1788 4362 vul-

92 4422 263 4478 repugnans,
280 4404 365 4458 etiam
384 4420 418 4459 ex
436 4404 544 4475 reliqua
557 4400 681 4457 Labanis
693 4400 816 4455 oratione
834 4399 927 4471 colligi
953 4408 1021 4473 gata
1037 4400 1127 4455 versio
1150 4398 1344 4461 reddiderunt,
1363 4398 1459 4467 sicque
1476 4395 1544 4452 Levi
1563 4412 1617 4448 non
1635 4394 1708 4462 filia,
1738 4393 1788 4448 sed

91 4499 200 4563 potest,
228 4490 408 4545 vanissimum
435 4489 522 4545 fuisse
548 4489 601 4544 hoc
627 4487 713 4559 ipsius
732 4492 926 4542 commentum.
953 4486 1053 4558 neptis,
1081 4486 1128 4558 qui
1146 4484 1250 4557 gradus
1280 4482 1453 4555 cognationis
1481 4481 1510 4535 in
1535 4480 1608 4535 linea
1633 4479 1788 4535 collaterali

90 4577 167 4633 Dicit
186 4577 273 4631 enim:
293 4576 583 4646 stplctebdomaclem
600 4574 698 4643 liujus,
725 4582 828 4643 postea
846 4572 926 4625 dati·
952 4573 1063 4645 aequali
1089 4571 1229 4627 secundus
1258 4568 1352 4625 divino
1375 4572 1438 4653 juta
1469 4585 1524 4622 uon
1551 4573 1593 4621 est
1621 4565 1786 4637 prohibitus.

89 4682 149 4717 snas
167 4663 217 4716 titi
235 4663 309 4715 tanc
323 4680 380 4731 pro
399 4663 538 4726 savoituts,
566 4678 649 4730 quam
668 4660 771 4713 sactes
790 4658 861 4712 roilli
875 4660 926 4711 aet-
953 4667 979 4715 4.
998 4657 1044 4713 Sic
1074 4656 1214 4713 Cenares]
1245 4660 1359 4709 vocatur
1392 4656 1455 4727 777,
1480 4658 1619 4723 patruus,
1649 4650 1787 4708 Jeremiae

89 4752 143 4805 iac
160 4758 265 4818 septem
281 4766 376 4803 asinos.
420 4748 460 4801 At
484 4746 507 4799 si
534 4745 741 4802 consuetudinis
759 4744 813 4799 fnit
829 4743 1010 4857 habitui-ier.
1031 4750 1077 4808 32,
1094 4762 1119 4796 v.
1144 4748 1183 4798 12.
1202 4758 1265 4796 cum
1282 4747 1375 4796 umen
1394 4739 1479 4795 luerit
1496 4740 1574 4804 filias
1587 4740 1703 4809 patrati,
1732 4737 1786 4794 hoc

89 4837 168 4900 ratio,
199 4852 248 4890 cur
266 4832 357 4888 adhuc
376 4849 446 4902 opus
465 4840 525 4887 erat
542 4831 697 4903 septennali
715 4829 848 4885 servitio?
896 4829 925 4883 Si
952 4836 995 4885 est
1014 4828 1164 4899 patruelis,
1195 4832 1226 4882 ut
1246 4832 1364 4898 apparet
1381 4844 1414 4881 ex
1432 4842 1457 4879 v.
1477 4831 1502 4882 8.
1522 4830 1551 4879 et
1570 4830 1594 4880 9.
1642 4824 1716 4880 Loth
1736 4841 1786 4895 ap-

90 4922 154 4977 talis
175 4920 229 4976 tuit
243 4920 296 4975 loci
316 4918 504 4983 consuetudo,
532 4935 582 4973 cur
599 4918 674 4973 illam
705 4922 763 4973 toto
782 4877 1073 4997 septennioipellatur
1083 4917 1185 4984 frater
1198 4915 1333 4967 Atratino
1353 4911 1424 4967 Gen.
1448 4916 1493 4976 13,
1517 4928 1543 4967 v.
1564 4915 1586 4965 S.
1613 4926 1676 4965 cum
1693 4916 1787 4965 tamen

89 5010 190 5065 haban
223 5005 388 5069 occultavit,
428 5021 479 5059 noc
510 5003 605 5059 futuro
639 5022 741 5077 genero
779 5002 926 5074 exposuit?
952 5020 1008 5057 non
1025 5001 1110 5057 fuerit
1128 5002 1223 5067 frater,
1241 5001 1291 5055 sed
1311 4998 1414 5065 fratris,
1431 4997 1553 5053 Haranis
1573 4996 1695 5066 scilicet,
1712 4996 1787 5053 filius

90 5096 183 5161 Quare
203 5093 329 5148 Jacobus
348 5090 526 5163 acquieverit,
543 5106 577 5144 ex
600 5091 669 5161 illis,
687 5107 759 5162 quaa
778 5091 836 5160 jam
861 5088 1023 5145 anteidea.
1057 5091 1100 5157 ll,
1125 5105 1151 5141 v.
1177 5093 1220 5143 31.
1268 5094 1291 5142 5.
1316 5084 1502 5139 Bellarminus
1524 5101 1579 5140 non
1604 5088 1696 5155 potest
1714 5083 1787 5141 hanc

90 5181 165 5237 dicta
191 5186 270 5247 sunt,
302 5182 428 5233 constare
455 5182 555 5248 potest.
611 5182 634 5231 6.
659 5175 750 5247 Urget
772 5176 855 5231 etiam
875 5158 1164 5247 hoc'explieationem
1182 5172 1338 5244 repudiare,
1357 5188 1393 5225 ne
1410 5170 1534 5225 incurrat
1551 5169 1700 5225 anathema
1718 5186 1786 5224 cou-

90 5264 291 5322 Bellarminus:
324 5264 357 5320 ss·
382 5264 476 5319 omnia
504 5271 660 5334 praecepta
686 5263 805 5317 Lositics'
838 5268 926 5314 estem
951 5260 1009 5315 ciiii
1026 5259 1200 5324 Tridentini,
1228 5258 1301 5330 quod
1320 5257 1463 5330 vulgatam
1492 5257 1646 5313 versionem
1666 5271 1786 5327 pronun·

84 5353 165 5423 juris
189 5359 311 5405 austrae
336 5358 361 5404 ct
380 5349 561 5404 enutrimenta
581 5356 681 5403 casura
702 5348 757 5404 ata
782 5354 925 5402 contracta
951 5347 1034 5403 tiavit
1074 5345 1270 5401 authenticam.
1327 5344 1374 5399 Sic
1413 5359 1478 5400 vero
1512 5343 1635 5399 reddidit
1667 5342 1785 5398 Letim

89 5438 210 5503 statuant
229 5438 328 5507 irrita,
362 5437 487 5491 Jacobta
506 5444 643 5506 psspstao
664 5436 693 5488 ia
706 5441 825 5503 peccato
848 5451 926 5487 maa·
950 5432 1086 5504 interpres
1096 5432 1204 5501 accepit
1216 5432 1334 5485 Amram
1348 5448 1461 5485 uxorem
1474 5430 1622 5484 Jocaabsd
1625 5429 1785 5497 patruelem

91 5524 173 5579 susat
192 5531 219 5579 st
236 5524 298 5592 ejas
315 5523 372 5588 fitis·
382 5522 524 5593 illegitimi
540 5523 672 5589 fuissent.
701 5519 925 5592 Respondemus:
950 5537 1039 5588 saum,
1060 5534 1116 5589 qua
1133 5516 1162 5572 in
1179 5522 1261 5589 parte
1279 5522 1391 5573 secutus
1411 5524 1454 5573 est
1473 5514 1557 5570 LXX
1577 5514 1709 5582 Graecos,
1736 5514 1784 5587 qui
