4020 6022
266 247 304 308 as
842 203 1375 309 nocusvransnrueuumrus

263 399 403 452 absentem
434 397 605 470 desponderi
631 405 761 467 possset
791 398 842 450 hoc
865 398 990 467 quotidie
1014 396 1092 466 fieri.
1121 393 1958 467 sponsaliadepraesente,quiasponsaliadefiniuntnrmentio

262 484 427 555 Exemplum
446 484 610 555 proponitur
634 484 664 537 in
681 483 856 559 sponsalibus
880 484 971 540 haeai
996 491 1023 540 et
1043 489 1094 540 Re·
1123 485 1341 553 etrepromimio
1352 485 1514 547 futurarum
1532 483 1704 550 nuptiarum,
1722 498 1788 552 ergo
1807 497 1959 536 consensus

262 572 378 636 beccae,
402 569 474 628 Gen.
492 576 534 627 24.
571 569 701 626 Ceterum
718 569 809 637 modi,
834 571 936 641 quibus
954 570 1095 642 sponsalia
1121 568 1499 640 sponsalitiusexprimendus
1508 576 1552 623 est
1565 567 1656 623 verbis
1668 567 1777 622 futuras
1789 567 1903 638 nuptias
1916 584 1958 622 re

263 656 477 726 contrahuntur,
500 657 576 712 sarie
594 663 798 712 enumerantur.
837 656 966 712 Carerius
985 658 1048 713 libr.
1071 662 1093 711 1.
1120 654 1306 726 spicientibus.
1320 655 1443 713 Utenim
1459 653 1602 724 promissio
1619 654 1807 717 mutiamuto,
1822 653 1862 708 sic
1877 671 1959 725 spon·

263 743 297 796 de
324 743 442 798 matrim.
466 760 490 800 e
512 749 535 800 6.
557 742 646 799 tribus
668 743 757 797 modis
783 760 816 798 ea
840 743 966 798 contrahi
984 750 1094 799 censet:
1120 740 1959 811 saliaanuptiisdifferuntuudespesmatrimoniietsperatae

265 835 287 884 1.
304 829 431 883 absolute
449 828 576 893 dicendo,
595 828 706 899 accipio
720 836 746 882 te
764 829 795 882 in
814 845 910 893 meam,
930 846 954 884 c.
974 831 998 882 si
1015 829 1094 884 inter.
1120 827 1239 897 nuptiae
1257 827 1442 898 appellantur.
1475 825 1595 881 Proinde
1614 827 1675 895 jure
1691 825 1766 879 civili
1779 843 1835 879 non
1856 826 1959 880 dantur

263 915 298 970 de
315 915 449 985 sponsal.;
475 920 500 970 2.
519 932 576 969 non
594 915 721 968 assatam
741 917 793 968 sed
809 932 871 968 aum
889 915 1006 969 termino
1026 915 1096 968 obli·
1121 914 1177 968 alia
1193 914 1333 984 sponsalia
1352 930 1436 984 quam
1463 913 1499 968 de
1516 912 1610 968 futuro
1626 918 1654 967 et
1674 928 1747 983 quae
1769 920 1905 966 vocantur
1923 915 1959 967 de

262 1001 381 1068 pataria,
401 1007 435 1055 ut
445 1001 582 1069 promitto
602 1016 626 1057 c.
640 998 687 1056 fin.
701 999 737 1054 de
754 1001 882 1071 despons.
900 999 1005 1071 impnh.
1023 1016 1095 1071 quae
1119 1001 1271 1069 praesenti,
1290 1007 1459 1055 suntrerum
1473 998 1677 1054 matrimonium
1688 1004 1870 1066 contractum,
1890 998 1958 1054 lieet

242 1151 244 1157 Ι
262 1086 406 1157 promissio
423 1086 484 1141 fieri
501 1091 602 1156 potest,
623 1086 666 1141 vel
685 1087 925 1156 perdonationem
943 1086 1095 1154 arrharum,
1121 1103 1176 1140 non
1185 1094 1403 1149 consummatum
1410 1102 1443 1140 ac
1453 1104 1508 1141 non
1517 1084 1570 1139 nisi
1578 1084 1728 1155 improprie
1735 1093 1763 1140 et
1772 1102 1958 1154 καταχρησιι·

263 1172 280 1224 l.
299 1172 394 1226 arrhis
420 1172 452 1228 C.
477 1173 513 1228 de
531 1187 622 1243 spons.
641 1172 686 1226 sel
704 1188 755 1242 per
780 1171 1038 1236 subarrhationem,
1065 1173 1093 1226 id
1120 1177 1172 1232 κῶς
1180 1173 1463 1242 respectucopulaeet
1471 1170 1688 1238 cohabitationis,
1696 1188 1767 1243 quae
1777 1171 1867 1225 inillis
1875 1188 1959 1242 spon·

263 1266 304 1314 est
323 1259 417 1313 annuli
443 1259 654 1328 immissionem,
678 1277 702 1314 c.
721 1259 809 1317 ultim.
844 1260 879 1314 de
897 1260 1026 1331 despons.
1045 1259 1095 1313 im·
1122 1259 1211 1327 detur,
1229 1259 1403 1329 appellantur
1422 1258 1568 1328 sponsalia,
1587 1256 1705 1312 Gentilis
1723 1257 1770 1312 lib.
1783 1262 1808 1314 2.
1827 1258 1957 1328 denupt.

262 1345 345 1415 pub.;
375 1351 401 1401 3.
414 1346 593 1414 juramento,
620 1361 644 1399 c·
667 1363 702 1401 ex
732 1346 818 1400 literis
841 1363 867 1403 c.
894 1345 1043 1400 Praeterea
1061 1346 1097 1400 de
1121 1361 1146 1400 c.
1156 1349 1197 1399 23.
1212 1344 1378 1415 Agnoscunt
1386 1344 1439 1398 hoc
1451 1344 1565 1414 quidam
1577 1360 1610 1397 ex
1625 1344 1692 1414 ipsis
1704 1343 1863 1398 canonistis.
1888 1350 1914 1399 2.
1928 1344 1958 1397 Si

263 1432 382 1503 sponsal.
427 1430 461 1485 In
490 1431 578 1501 primo
606 1432 688 1486 modo
712 1432 780 1486 dicit
808 1449 868 1488 esse
899 1431 1097 1503 obligationem
1122 1431 1332 1485 canonistarum
1368 1447 1479 1484 sensam
1505 1439 1530 1484 et
1559 1431 1739 1484 intentionem
1765 1430 1958 1501 respiciamus,

263 1517 412 1587 ueritatis,·
438 1517 606 1572 insecundo
624 1516 821 1588 obligationem
841 1518 970 1571 ueritatis
988 1525 1014 1571 et
1026 1535 1096 1587 pro·
1122 1523 1280 1587 nonpotest
1294 1515 1407 1586 probari
1425 1516 1567 1571 distinctio
1585 1516 1657 1570 inter
1668 1517 1809 1587 sponsalia
1827 1515 1862 1571 de
1876 1534 1958 1586 prae·

262 1604 420 1670 munaum
449 1602 479 1658 in
496 1603 578 1658 tertio
595 1603 793 1675 obligationem
818 1605 954 1673 serimus,
974 1605 1097 1673 pramis·
1122 1607 1200 1657 sente
1218 1608 1247 1657 et
1263 1601 1366 1658 futuro.
1402 1601 1461 1672 Ipsi
1487 1602 1560 1656 enirn
1584 1601 1796 1657 fundamentum
1819 1601 1897 1656 illius
1916 1603 1957 1656 di·

263 1690 352 1742 sionis
370 1694 397 1743 et
416 1690 576 1756 juramenti.
605 1689 671 1744 Piso
690 1689 822 1746 Soaccius
841 1691 876 1745 de
895 1706 988 1761 spons.
1006 1708 1034 1760 p.
1057 1662 1275 1746 solertissimis
1288 1697 1424 1760 quaerunt
1438 1688 1467 1743 in
1485 1688 1610 1743 formulis
1622 1688 1677 1742 illis
1690 1689 1814 1743 imitatis:
1835 1691 1957 1758 Arausio

263 1773 314 1828 hos
346 1780 489 1831 enumerat
515 1774 618 1831 modos.
664 1775 870 1832 Contrahuntur
900 1776 1041 1847 sponsalia
1073 1782 1095 1831 1.
1122 1781 1148 1827 le
1166 1773 1199 1827 is
1215 1783 1349 1831 meamet
1368 1775 1508 1842 neaspiam
1525 1775 1591 1828 teia
1609 1774 1805 1843 maumetis
1823 1775 1883 1830 solo
1901 1775 1957 1829 dis-

261 1879 334 1930 pare
359 1871 385 1915 et
408 1863 469 1914 sine
487 1863 658 1930 conditione,
686 1863 798 1932 quando
827 1879 882 1917 non
909 1870 951 1917 est
967 1878 1096 1932 expresse
1122 1858 1237 1917 crimine
1266 1859 1397 1930 temporis
1429 1860 1615 1930 grammatici,
1647 1877 1703 1931 quo
1729 1859 1866 1915 formulae
1889 1860 1956 1916 illae

265 1946 362 2002 addita
396 1947 526 2012 conditio,
561 1964 584 2002 c.
633 1947 871 2012 Quemadmodum
908 1949 942 2003 de
972 1949 1096 2018 jurejur3
1122 1945 1247 2000 solennes
1266 1945 1385 2000 invicem
1403 1945 1553 2013 differunt3
1577 1961 1641 2000 cum
1658 1953 1752 2000 tamen
1770 1947 1800 2000 in
1823 1946 1886 2000 aliis
1903 1946 1954 2000 lin-

264 2039 288 2090 2.
312 2035 426 2102 adiecta
456 2036 516 2098 die,
546 2050 610 2089 cum
641 2034 703 2106 quis
733 2034 807 2088 intra
837 2041 944 2088 certum
964 2033 1096 2104 temporis
1122 2031 1193 2102 guis,
1213 2033 1375 2102 praesertim
1394 2032 1423 2087 in
1442 2039 1538 2087 nostra
1554 2031 1710 2101 vemacula,
1729 2032 1888 2088 differentia
1907 2034 1957 2088 illa

262 2120 383 2190 spatium
407 2121 529 2192 aliquam
553 2138 582 2175 se
601 2120 631 2175 in
649 2135 762 2174 uxorem
782 2118 931 2176 ducturum
950 2120 1095 2191 promittit,
1122 2118 1254 2188 temporis
1285 2119 1425 2174 observari
1457 2126 1579 2189 nequeat
1613 2135 1646 2173 aa
1678 2119 1793 2173 verbum
1822 2136 1955 2190 praesens

263 2222 288 2261 c.
324 2204 403 2260 Sicut
428 2222 462 2260 ex
492 2206 579 2261 literis
605 2206 641 2260 de
665 2222 771 2276 sponsq
807 2210 830 2260 3.
849 2207 900 2258 sub
928 2207 1095 2272 eonddione,
1122 2205 1248 2274 asupio,
1270 2222 1320 2275 per
1345 2205 1419 2276 quod
1442 2205 1583 2275 sponsalia
1606 2205 1641 2259 de
1665 2205 1805 2276 praesenti
1823 2207 1955 2261 consumi

263 2309 325 2346 eum
343 2291 372 2346 in
386 2291 507 2363 aliquem
525 2309 621 2347 casum
640 2291 685 2347 vel
702 2299 831 2347 eventurn
852 2291 1033 2357 differuntur,
1051 2293 1096 2348 vel
1121 2289 1234 2360 volunt,
1264 2291 1385 2361 nuptiis,
1411 2308 1468 2345 non
1491 2291 1667 2362 sponsalibus
1694 2292 1890 2348 contrahendis
1919 2291 1957 2345 sit

263 2394 326 2432 cum
344 2377 407 2449 quis
432 2394 463 2432 se
486 2383 707 2442 conductarum,
736 2378 761 2431 si
787 2377 854 2448 quid
881 2379 987 2434 factum
1012 2379 1096 2434 fuerit
1121 2377 1340 2432 accomodatum.
1384 2377 1514 2442 Quinimo
1537 2394 1600 2432 cum
1619 2377 1780 2449 eonjugium
1799 2394 1956 2432 sacramen·

262 2463 308 2519 rel
326 2480 382 2520 non
401 2464 499 2529 fuerit,
527 2464 687 2534 pollicetur3
706 2471 730 2520 4.
749 2465 834 2519 taeda
852 2483 999 2532 consensu,
1032 2482 1096 2520 cum
1121 2468 1181 2516 tum
1200 2480 1259 2518 esse
1277 2470 1410 2529 statuant,
1428 2463 1559 2518 videntur
1575 2464 1605 2519 in
1617 2464 1709 2519 verbis
1721 2464 1775 2518 illis
1794 2464 1955 2522 solennibus

262 2550 336 2620 patri
378 2549 517 2621 sponsalia
562 2567 613 2621 pro
646 2549 703 2604 filio
738 2550 911 2605 contrahenti
939 2551 1014 2611 filius
1040 2569 1096 2606 non
1121 2550 1247 2613 formam
1281 2551 1453 2604 sacramenti
1489 2555 1628 2614 statuere,
1670 2567 1727 2621 qua
1755 2556 1864 2605 mutata
1898 2569 1954 2606 non

263 2636 437 2705 contradicit,
466 2653 489 2691 c.
520 2637 593 2693 unic.
626 2637 661 2692 de
691 2636 848 2706 desponsal.
878 2637 983 2716 impub.
1014 2638 1042 2692 in
1071 2645 1095 2693 6.
1122 2635 1271 2691 inducatur
1286 2636 1385 2691 efficax
1403 2636 1536 2707 obligatio
1552 2636 1772 2706 matrimonialis,
1786 2637 1838 2691 sed
1855 2637 1953 2710 vulga·

265 2728 290 2777 5.
306 2725 386 2776 nuda
403 2723 597 2791 conventione,
623 2740 647 2779 c.
665 2723 701 2778 ad
722 2723 890 2778 audientiam
909 2724 944 2778 de
962 2724 1096 2794 sponsal.;
1122 2722 1160 2776 ris
1177 2723 1313 2777 duntaxat
1329 2722 1487 2792 promissio,
1505 2739 1523 2776 a
1541 2739 1597 2795 qua
1614 2722 1744 2779 recedere
1763 2723 1862 2794 cuique
1880 2725 1954 2794 parti
1968 2731 2000 2772 lv

146 2821 192 2862 xv.
207 2819 251 2862 rau
265 2814 290 2865 6.
304 2826 360 2878 per
377 2809 595 2877 stipulationem,
611 2826 636 2864 c.
650 2815 675 2865 2.
694 2808 729 2864 de
748 2809 882 2880 sponsal.;
905 2817 928 2866 1.
945 2828 1007 2863 eum
1019 2812 1096 2880 jare·
1122 2809 1158 2863 sit
1174 2809 1320 2880 integrum.
1350 2815 1374 2864 3.
1395 2809 1423 2864 Si
1444 2815 1593 2879 quaeratur
1612 2810 1647 2864 de
1668 2809 1852 2864 distinctionis
1870 2809 1955 2880 hujus

262 2896 396 2964 juranda,
423 2913 449 2952 c.
472 2896 508 2950 de
526 2895 582 2951 illis
609 2896 643 2951 de
671 2895 805 2967 sponsal.;
836 2902 858 2953 8.
879 2897 949 2962 fidei
973 2897 1096 2961 datione,
1122 2895 1390 2949 adbonumsensam
1404 2897 1955 2968 accomomdatione‚nonnegamus,eam

264 2999 335 3053 quae
348 2984 508 3053 juramento
530 2983 745 3054 aequiparatur,
773 3000 795 3039 a
815 2983 947 3039 Pervenit
972 2982 1006 3037 de
1029 2981 1096 3037 fide·
1122 2981 1182 3035 dari
1199 2999 1281 3053 posse
1304 2989 1388 3053 atque
1415 2999 1476 3036 eam
1494 2983 1606 3053 quidem
1625 2982 1815 3052 multiplicem.
1850 2984 1955 3040 Luthe

259 3068 433 3140 jussoribus3
451 3076 476 3125 9.
487 3086 544 3138 per
561 3071 688 3123 nantium
708 3070 752 3124 uel
770 3071 926 3140 epistolam,
943 3070 962 3125 l.
978 3068 1095 3125 Sufficit.
1122 3085 1168 3122 rus
1195 3069 1225 3122 in
1258 3068 1306 3123 lib.
1335 3069 1370 3122 de
1396 3068 1487 3123 causis
1515 3069 1669 3123 matrimon.
1700 3078 1765 3124 tom.
1794 3076 1819 3125 5.
1842 3072 1956 3128 tenens.

263 3154 292 3210 ff.
313 3155 349 3210 de
366 3155 531 3226 sponsalib.;
559 3161 598 3212 to.
615 3172 670 3224 per
689 3156 791 3210 annuli
808 3157 1005 3223 traditionem,
1024 3171 1096 3226 quae
1122 3173 1150 3225 p.
1170 3159 1227 3210 241.
1249 3153 1389 3225 sponsalia
1416 3157 1451 3208 de
1474 3155 1689 3220 saturaverat,
1716 3155 1817 3227 quihus
1844 3158 1956 3229 adjecta

263 3242 364 3296 dicitur
393 3240 583 3308 subarrhatio,
609 3257 633 3294 c.
661 3241 685 3294 si
715 3241 777 3312 quis
807 3240 1021 3312 desponsaverit
1053 3248 1096 3298 21.
1121 3248 1164 3295 est
1186 3241 1281 3312 aliqua
1300 3240 1436 3305 conditio,
1459 3247 1492 3296 nt
1515 3243 1617 3300 ducam
1634 3250 1677 3304 te,
1703 3242 1731 3295 si
1754 3247 1956 3311 exspectaveris

263 3334 367 3398 quaest
384 3327 472 3382 aubi
488 3335 581 3382 tamen
600 3327 760 3397 notandum,
773 3327 868 3382 annuli
883 3327 1022 3383 dationem
1040 3345 1096 3384 non
1121 3328 1278 3391 triennium,
1298 3328 1325 3379 si
1338 3335 1474 3395 parentes
1492 3329 1688 3382 consenserint.
1723 3328 1778 3382 Per
1796 3328 1869 3385 hanc
1882 3332 1955 3386 enim

263 3412 390 3469 sufficere
413 3414 449 3468 ad
477 3412 617 3484 sponsalia
634 3413 842 3484 constituenda,
862 3415 916 3469 nisi
940 3414 1031 3469 verbis
1051 3432 1097 3470 ex·
1122 3414 1306 3470 conditionem
1317 3412 1491 3483 promissioni
1503 3413 1641 3483 adjectam
1655 3414 1684 3467 in
1698 3414 1823 3469 futurum
1834 3415 1954 3488 aliquem

264 3500 400 3570 primatur
423 3499 468 3554 sel
488 3499 568 3554 aliter
588 3498 774 3570 significetur,
800 3500 933 3555 annulum
956 3501 986 3571 ip
1009 3502 1096 3556 hoca
1122 3517 1216 3555 casum
1229 3500 1273 3554 vel
1290 3506 1421 3555 eventum
1435 3499 1549 3569 nuptiae
1567 3499 1742 3568 differuntur,
1760 3519 1814 3572 quo
1831 3513 1955 3570 sensujet

262 3587 323 3640 siro
347 3585 407 3641 dari
436 3593 464 3641 et
494 3585 636 3640 mulierem
664 3586 866 3657 sponsaliorum
894 3587 1004 3643 nomine
1029 3605 1094 3643 eun-
1121 3593 1249 3656 respectu
1267 3586 1407 3655 sponsalia
1425 3587 1460 3640 de
1486 3588 1580 3640 tuturo
1604 3585 1739 3656 appellari
1757 3589 1855 3644 eadem
1873 3608 1954 3661 posse

263 3674 326 3728 dem
363 3672 492 3742 recipere
528 3688 552 3725 c.
581 3671 661 3726 illud.
696 3678 735 3727 15.
768 3690 795 3743 q.
829 3679 851 3728 1.
886 3690 909 3728 c.
945 3673 989 3730 Ne
1025 3673 1096 3745 quis.
1122 3672 1261 3728 Lntherus
1281 3673 1395 3729 censuit.
1435 3672 1555 3738 Quidam
1575 3673 1714 3743 sponsalia
1735 3675 1771 3730 ds
1787 3676 1888 3739 sutura
1908 3695 1953 3732 vo·

264 3764 305 3814 22.
333 3770 437 3831 quaest.
464 3765 488 3814 2.
526 3757 692 3812 Distinctius
717 3759 848 3830 progredi
872 3776 1018 3831 possumus
1043 3758 1097 3816 hoe
1122 3766 1188 3814 cant
1218 3759 1390 3828 impuberum
1418 3760 1664 3829 desponsationis,
1691 3777 1763 3831 quae
1789 3777 1846 3815 non
1874 3763 1955 3818 aliter

262 3844 355 3900 modo.
1123 3853 1188 3900 sunt
1204 3851 1295 3914 ratae,
1324 3860 1408 3915 quam
1426 3844 1456 3897 in
1471 3843 1566 3900 futuro
1582 3845 1694 3900 demum
1712 3855 1849 3918 tempore,
1880 3857 1954 3919 post

137 3945 250 3987 aaran·
302 3937 356 3988 1³0.
397 3931 544 4001 Sponsslia
568 3939 589 3987 1.
607 3932 690 4002 juxta
713 3932 869 3988 canonistas
896 3932 1096 3988 contrahuntur
1123 3949 1206 4003 quam
1224 3932 1330 3986 scilicet
1347 3932 1384 3984 ad
1395 3931 1557 4003 pubertatis
1576 3947 1663 3986 annos
1680 3943 1874 4002 pervenerunt,
1891 3936 1955 4007 ipsi-

137 3999 234 4098 ξὲξξξζ,
263 4035 314 4089 psr
336 4018 421 4073 verba
445 4018 490 4072 sel
511 4019 619 4086 sedari,
648 4018 692 4072 vel
720 4021 879 4087 praesentis
906 4021 1046 4090 temporis.
1071 4038 1095 4076 c.
1122 4026 1179 4074 met
1204 4018 1291 4074 libere
1316 4017 1497 4074 consentiant
1540 4016 1597 4072 Alii
1631 4019 1771 4089 sponsalia
1796 4023 1832 4074 de
1849 4023 1955 4086 futuro

137 4103 219 4141 ¹¹⁰²¹¹¹¹¹
264 4105 343 4160 sicut
364 4111 441 4158 extra
464 4103 500 4160 de
519 4104 638 4174 sponsal.
661 4105 735 4160 unde
759 4104 900 4175 sponsalia
919 4105 1096 4176 distinguunt
1122 4112 1224 4160 vocant
1252 4112 1389 4159 tractatus
1414 4103 1651 4173 praeparatorios
1677 4107 1900 4177 sponsaliorum,
1927 4108 1955 4162 in

136 4153 252 4252 iiiiii?
264 4190 293 4246 in
310 4207 350 4257 ea,
371 4205 443 4261 quae
463 4195 529 4244 sunt
552 4192 588 4244 de
605 4192 706 4254 futuro
730 4198 758 4245 et
783 4207 856 4262 qnae
874 4197 939 4246 sunt
961 4192 996 4244 de
1012 4209 1096 4260 prae-
1122 4191 1223 4264 quibus
1243 4192 1366 4245 nondum
1386 4189 1527 4261 pactiones
1541 4189 1683 4263 spnnles
1695 4191 1887 4264 instituuntur,
1905 4194 1955 4250 sed

137 4253 348 4355 {boffss‘ffistenta
388 4274 534 4345 sponsalia
552 4279 587 4331 de
603 4278 703 4341 sedura
724 4283 832 4342 vocant,
851 4293 925 4348 quae
940 4294 991 4347 per
1010 4277 1096 4332 verba
1121 4281 1358 4347 προβουλιυτικώς
1392 4277 1426 4332 de
1465 4272 1575 4333 lutaris·
1585 4266 1773 4351 ¹Quassahbus
1810 4287 1954 4336 metetur.

136 4358 250 4448 {fam
264 4364 300 4418 de
318 4362 412 4417 iuturo
432 4361 633 4432 concipiuntur,
651 4368 683 4418 ut
697 4364 841 4435 promitto,
860 4365 938 4432 quood
949 4363 1023 4417 dado
1035 4364 1096 4433 tibi,
1123 4364 1299 4420 Chemnicius
1316 4363 1345 4417 in
1364 4363 1416 4418 loc.
1434 4364 1470 4418 de
1488 4363 1678 4436 conjugat.
1697 4382 1724 4435 p.
1743 4371 1807 4420 517:
1822 4366 1861 4420 ln
1878 4367 1954 4421 Sari·

136 4470 201 4508 prae·
263 4448 413 4516 aacspiam,
432 4450 534 4502 ducam
558 4457 583 4502 te
601 4449 631 4502 in
648 4465 778 4519 uaorem,·
802 4448 943 4519 sponsalia
961 4449 995 4505 de
1008 4467 1094 4518 prae·
1117 4460 1206 4522 ptura
1234 4451 1265 4504 V.
1289 4459 1314 4504 et
1338 4452 1376 4506 N.
1404 4451 1436 4506 T.
1459 4452 1630 4521 desponsata
1653 4451 1769 4506 baldus
1793 4461 1819 4506 et
1836 4464 1954 4507 uocatur

135 4514 202 4554 ”m
261 4542 336 4589 sante
355 4541 464 4604 vocant,
482 4551 553 4605 quae
570 4551 620 4605 per
633 4535 720 4590 verba
733 4534 768 4588 de
782 4534 919 4605 praesenti
934 4535 1093 4605 concipiun·
1121 4555 1190 4591 uuor
1207 4554 1257 4591 seu
1284 4538 1386 4607 suajus
1406 4536 1489 4592 Dent.
1515 4540 1564 4605 22,
1592 4554 1618 4592 v.
1645 4542 1685 4593 23.
1708 4540 1775 4593 Gen
1798 4545 1842 4604 19,
1868 4558 1894 4594 r.
1916 4547 1953 4596 14.

262 4627 316 4690 tur,
336 4628 368 4676 ut
386 4621 498 4689 anemio
517 4627 542 4675 te
560 4622 591 4674 in
608 4637 730 4684 sanorem,
750 4623 822 4675 draeo
841 4629 866 4674 te
884 4621 928 4675 uel
945 4621 983 4675 do
1001 4621 1054 4674 tili
1064 4622 1094 4674 in
1121 4621 1219 4677 Matth.
1240 4629 1262 4688 1,
1281 4640 1306 4677 v.
1325 4628 1367 4678 211.
1387 4624 1453 4691 quia
1472 4639 1539 4693 erpo
1559 4623 1709 4692 Scriptura
1728 4625 1769 4677 ita
1785 4627 1898 4693 judicat
1918 4631 1954 4682 de

263 4724 384 4761 acorem.
424 4706 469 4762 De
494 4708 547 4761 hac
564 4705 764 4777 sponsaliorum
788 4705 963 4761 distinctione
981 4706 1095 4761 diversi-
1120 4710 1195 4763 aeris
1213 4708 1406 4779 sponsalibus,
1432 4712 1551 4765 eeclesia
1568 4719 1599 4763 ut
1616 4712 1780 4780 reprimeret
1793 4715 1954 4781 profanam

263 4794 345 4847 mode
366 4793 510 4863 judicant,
540 4792 588 4863 qui
618 4792 708 4847 causis
736 4792 985 4848 matrimonialibus
1009 4794 1094 4864 expli·
1120 4797 1259 4850 leuitatem
1288 4796 1319 4848 in
1350 4796 1550 4850 contrahendis
1580 4804 1605 4850 et
1634 4798 1827 4852 rescindendis
1854 4819 1957 4856 rursus

262 4879 358 4933 caudis
381 4896 493 4950 operam
519 4886 664 4933 naverunt.
712 4877 905 4933 Hotomannus
924 4879 952 4932 in
972 4879 1033 4934 libr.
1060 4880 1095 4934 de
1122 4881 1250 4951 aarsjupii
1265 4883 1440 4951 tractatibus,
1460 4900 1576 4951 quorum
1595 4884 1791 4954 seDeusipse
1810 4894 1957 4941 auctorem

261 4964 344 5019 casus
362 4972 439 5035 nupt
467 4971 538 5036 part
558 4971 582 5021 3.
609 4982 634 5018 e.
659 4972 681 5020 7.
705 4982 732 5035 p.
756 4971 811 5020 114.
843 4965 949 5035 prolixe
968 4983 1028 5021 eam
1047 4967 1096 5020 im·
1122 4976 1149 5022 et
1166 4967 1378 5021 conciliatorem
1390 4970 1548 5036 profitetur,
1568 4968 1868 5023 distinetionemillam
1882 4973 1958 5026 inter

261 5058 382 5121 pugnat,
429 5067 511 5121 quem
557 5052 682 5122 plerique
704 5050 896 5120 jurisconsulti
933 5059 1096 5122 sequuntur.
1121 5054 1269 5125 sponsalia
1288 5056 1323 5107 de
1334 5055 1438 5120 futuro
1459 5062 1485 5106 et
1505 5055 1540 5106 de
1556 5056 1702 5122 praesenti
1713 5057 1847 5124 probauit
1864 5067 1893 5111 et
1912 5077 1958 5112 re·

261 5136 395 5207 'I'heologi
413 5153 478 5192 vero
491 5137 694 5192 distinctionem
713 5137 785 5192 inter
802 5137 988 5207 sponsaliade
1001 5139 1095 5193 futuro
1121 5141 1193 5211 oepit
1216 5148 1264 5196 etc.
1303 5140 1457 5209 sponsalia
1483 5141 1519 5192 de
1548 5140 1645 5201 fraere
1668 5150 1731 5194 sunt
1753 5150 1892 5197 tractatus
1920 5149 1959 5199 de

261 5232 290 5279 et
308 5224 447 5295 praesenti
468 5242 523 5279 non
538 5224 700 5295 simpliciter
714 5223 869 5295 repudiant,
887 5223 1095 5280 sedadsanum
1120 5227 1228 5288 futuris
1252 5228 1358 5297 mpetu
1382 5226 1571 5296 celebrandis,
1600 5229 1636 5281 de
1650 5238 1811 5298 praesente,
1838 5234 1958 5298 quanda

261 5328 372 5366 sensum
399 5309 531 5364 reducere
557 5311 699 5378 laborant,
724 5311 792 5382 quid
820 5325 887 5380 ergo
914 5309 966 5365 hac
998 5311 1034 5366 ds
1064 5327 1094 5367 re
1122 5315 1156 5365 de
1171 5313 1365 5382 promentibus
1379 5312 1485 5381 nsapts‘is
1497 5313 1661 5380 dispositius
1674 5321 1821 5372 tractatur.
1851 5315 1961 5375 Postea

260 5394 457 5450 statuendum?
489 5403 510 5451 1.
531 5396 560 5451 Si
572 5397 652 5465 juris
670 5398 762 5450 ciuilis
780 5397 990 5466 dispositionem
1007 5397 1094 5468 respi·
1120 5405 1225 5465 monet,
1248 5417 1305 5452 uon
1322 5414 1354 5452 aa
1374 5396 1554 5452 suolmam
1573 5400 1733 5465 uerborum,
1750 5403 1802 5454 sed
1815 5419 1848 5455 aa
1866 5402 1960 5458 inteu-

260 5500 323 5540 cers
335 5482 460 5553 velimus,
472 5483 583 5554 proprie
594 5488 624 5539 et
635 5491 765 5539 accurate
774 5484 978 5554 loquendonon
993 5485 1095 5541 dantur
1121 5486 1204 5554 tione,
1222 5486 1330 5540 ratione
1349 5494 1375 5538 et
1387 5484 1462 5552 ¹aliis
1477 5483 1695 5541 aimmstantiis
1714 5495 1886 5544 tractatuum
1913 5494 1959 5547 di·
