4020 6022
162 397 164 403 y
210 331 273 388 454
791 317 1134 382 monstraremus
1151 321 1320 389 uumuus

213 477 277 531 litas
313 492 369 530 uon
406 482 449 532 est
481 478 560 547 J'usta
586 477 696 533 divortii
725 495 818 535 causa.
865 485 889 534 1.
917 479 1044 535 Christus
1074 479 1152 552 gium
1189 479 1397 535 dissolvendum
1430 494 1487 532 non
1525 475 1575 543 sit,
1609 472 1751 544 dependet
1783 476 1845 526 tum
1878 488 1905 525 er

212 564 324 618 unicam
349 568 458 618 tantum
486 564 607 620 faciendi
633 565 744 621 divortii
768 582 881 621 causam
905 566 1047 637 expressit,
1073 566 1198 637 generali
1228 565 1338 635 regula,
1373 562 1448 636 quod
1478 560 1573 616 divina
1600 559 1763 630 conjunctio
1791 558 1907 613 humans

212 650 342 705 videlicet
366 649 541 705 adulterium.
593 657 615 708 2.
635 653 669 707 In
697 653 783 708 sterili
800 653 931 724 conjugio
951 669 1046 725 quam·
1074 652 1237 708 auctoritate
1257 651 1414 707 obcausam
1432 649 1462 703 iu
1480 647 1565 704 verbo
1583 647 1636 702 Dei
1654 646 1733 701 haud
1752 660 1906 716 expressam

212 736 254 791 vis
272 735 334 790 finis
354 735 453 807 aliquis
478 736 655 808 principalis,
685 739 787 794 sobolis
804 739 910 794 seilicet
928 755 1046 810 genera·
1073 738 1186 793 dissolri
1212 742 1346 809 nequeat,
1378 743 1437 791 tum
1468 752 1502 790 ex
1533 749 1579 801 eo,
1597 733 1672 805 quod
1707 733 1845 803 conjuges
1874 731 1906 784 ad

212 822 266 886 tio,
290 822 376 886 desit,
402 828 495 877 tamen
513 823 613 895 reliqui
639 823 708 880 fines
726 824 755 878 in
773 841 806 879 eo
824 825 916 880 locum
933 825 1045 880 habent.
1071 825 1209 879 fortunam
1230 839 1423 896 quamcunque
1447 820 1591 876 ferendam
1616 819 1672 873 sint
1691 816 1837 886 obstricti,
1861 834 1907 873 nee

214 913 237 963 3.
256 908 392 964 Sterilitas
409 925 559 980 progressu
575 910 706 980 temporis
729 927 812 982 saepe
830 912 990 982 corrigitur,
1014 916 1046 964 ut
1072 912 1180 983 possint
1206 916 1320 983 propter
1347 926 1428 964 casus
1452 907 1497 963 vel
1520 905 1629 961 morbos
1659 905 1813 974 adversos,
1839 912 1908 974 post·

217 999 333 1066 apparet
351 994 477 1065 exemplo
498 995 586 1051 isaaci
600 1004 628 1051 et
645 996 797 1067 Rebeccae,
819 997 866 1070 qni
878 1014 927 1068 per
946 997 1046 1068 viginti
1063 993 1155 1071 'quam
1173 997 1377 1053 matrimonium
1392 997 1451 1066 jam
1471 998 1691 1049 consummatum
1713 997 1774 1055 est,
1795 990 1907 1045 invicem

214 1097 301 1136 annos
319 1082 348 1134 in
366 1080 453 1136 sterili
472 1082 602 1153 conjugio
627 1083 768 1149 vixerunt,
791 1089 888 1154 postea
907 1100 973 1139 sero
992 1082 1045 1137 Dei
1072 1085 1202 1157 separari.
1238 1083 1316 1138 Idem
1335 1081 1513 1136 statuendum
1540 1079 1575 1135 de
1599 1077 1817 1149 superveniente
1833 1093 1906 1147 para·

214 1167 408 1223 benedictione
426 1168 548 1223 sobolem
573 1175 740 1239 generarunt
760 1168 861 1226 Genes.
883 1176 929 1236 25,
952 1188 979 1224 v.
1003 1174 1044 1225 26.
1072 1172 1139 1242 lysi,
1164 1171 1356 1237 convulsione,
1380 1167 1546 1235 frigiditate,
1573 1165 1679 1220 fascino
1703 1181 1738 1219 ac
1764 1161 1908 1231 maleficio,

212 1254 290 1309 Idem
320 1254 461 1324 colligitur
486 1271 519 1309 ex
542 1255 674 1311 Abrahae
701 1263 730 1311 et
757 1255 857 1321 Sarae,
887 1256 987 1313 iacobi
1018 1261 1046 1311 et
1074 1258 1241 1311 castratione
1269 1255 1390 1309 violenta
1422 1253 1459 1309 ab
1481 1253 1536 1309 alio
1562 1253 1641 1307 illata
1663 1258 1693 1307 et
1716 1245 1907 1322 impotentiam

212 1341 358 1409 Rachelis,
384 1340 529 1397 Hellsanas
548 1349 576 1397 et
592 1342 705 1408 Annae,
733 1342 851 1399 Maroae
871 1350 899 1400 et
918 1344 1045 1415 conjugis
1072 1344 1218 1412 afferente,
1242 1343 1317 1415 quod
1339 1341 1447 1396 scilicet
1463 1348 1574 1411 propter
1600 1339 1661 1393 illas
1679 1355 1783 1394 causas
1802 1357 1857 1394 non
1874 1337 1908 1393 sit

212 1429 287 1497 ejus,
319 1425 470 1483 Zachariae
504 1434 532 1483 et
560 1428 739 1485 Elisabethae
772 1429 911 1500 exemplis.
956 1436 981 1485 1.
1011 1429 1045 1483 In
1071 1429 1228 1484 faciendum
1258 1427 1416 1483 divortium
1469 1425 1608 1481 Lutbsrus
1639 1432 1706 1481 tom.
1733 1431 1759 1480 2.
1798 1426 1906 1481 lenens.

212 1512 246 1568 V.
264 1513 298 1567 Τ.
316 1514 447 1568 sterilitas
466 1515 607 1586 opprobrii
625 1515 686 1570 loco
702 1514 866 1585 habebatur,
883 1533 934 1571 nec
951 1522 1044 1570 tamen
1071 1516 1165 1572 Germ.
1190 1516 1226 1571 de
1245 1514 1294 1568 vit.
1320 1515 1431 1584 conjug.
1457 1512 1477 1567 f.
1505 1517 1562 1569 156.
1588 1514 1622 1567 b:
1646 1513 1704 1569 tute
1726 1513 1811 1580 bena,
1836 1521 1907 1567 meua

212 1598 302 1653 sancti
333 1598 386 1654 Dei
416 1599 540 1656 homines
576 1606 691 1671 propter
719 1601 892 1657 sterilitatem
926 1601 1044 1657 divortia
1071 1605 1174 1672 innunt
1194 1600 1555 1670 anlranleitllemuillrat,
1576 1599 1770 1669 ictibusque
1791 1600 1908 1669 ebullata

211 1687 369 1750 faciebant,
393 1693 496 1756 quanto
521 1687 611 1742 minus
630 1689 658 1741 iu
676 1687 710 1744 N.
730 1688 763 1742 Τ.
789 1688 859 1743 illud
877 1688 1043 1757 faciendum,
1071 1691 1165 1761 ilititbt
1185 1690 1239 1745 lein
1258 1692 1313 1758 ulit
1332 1690 1437 1744 morien
1456 1686 1495 1757 ut,
1514 1701 1575 1755 mag
1593 1688 1637 1741 bet
1653 1686 1722 1755 aiibi
1738 1686 1786 1742 ein
1801 1688 1907 1743 auberti

212 1772 507 1844 postquamaCbristo
526 1773 562 1828 ad
579 1773 747 1845 primaevam
759 1774 883 1847 conjugii
896 1775 1044 1830 institutio·
1071 1778 1199 1847 scimea?
1238 1776 1288 1832 usi
1306 1774 1369 1831 [sibe
1386 1773 1465 1844 nint,
1494 1773 1606 1842 laniatu
1622 1772 1695 1828 tune
1714 1773 1787 1830 asts
1807 1773 1836 1828 ia
1854 1775 1907 1829 ben

209 1877 271 1914 nem
299 1860 421 1915 revocati
451 1878 553 1914 sumus.
610 1867 634 1916 5.
662 1861 691 1918 Si
724 1869 836 1932 propter
871 1862 1044 1917 sterilitatem
1071 1863 1188 1920 uranica
1206 1864 1260 1918 unt
1278 1866 1361 1916 marte
1379 1860 1444 1929 inu,
1466 1860 1553 1924 benit,
1581 1859 1631 1927 bai
1650 1859 1692 1915 tir
1711 1858 1784 1916 asts
1801 1875 1838 1916 aa
1855 1860 1907 1929 ibn

209 1946 367 2002 faciendum
386 1953 460 2002 esset
477 1947 635 2017 divortium,
652 1947 749 2021 utique
767 1949 851 2004 etiam
869 1949 906 2004 ob
923 1953 1043 2005 aetatem
1072 1951 1117 2020 bat
1136 1950 1298 2019 beiliptbum
1315 1948 1344 2003 in
1364 1947 1423 2002 beia
1439 1950 1517 2017 baut
1537 1947 1657 2017 gelabidt.
1700 1945 1738 2000 Et
1757 1952 1858 2016 postea
1873 1945 1907 1999 ad

209 2033 322 2088 senilem
359 2033 403 2087 vel
440 2032 611 2104 alterutrius,
657 2035 701 2089 vel
737 2036 881 2108 utriusque
916 2036 1043 2107 conjugis
1070 2037 1253 2107 objectionem
1274 2035 1309 2090 de
1326 2032 1527 2088 incontinentia
1544 2032 1706 2104 respondet,
1732 2033 1813 2103 qnod
1832 2031 1905 2087 Deus

208 2120 338 2174 iacienda
360 2120 433 2174 foret
449 2120 603 2191 separatio,
628 2138 692 2175 cum
719 2122 749 2176 in
774 2139 807 2177 ea
831 2123 914 2178 etiam
930 2139 1043 2193 genera·
1070 2123 1207 2178 neminem
1227 2137 1312 2191 snpra
1328 2120 1516 2198 virestentet

209 2207 292 2261 tionis
309 2223 379 2277 opus
401 2213 498 2261 cesset.
538 2213 562 2264 6.
583 2208 675 2263 Causa
694 2209 847 2265 sterilitatis
864 2209 1044 2281 utplurimum
1106 2214 1165 2264 686.
1203 2207 1280 2270 Quiri
1298 2208 1325 2261 si
1340 2223 1405 2260 aera
1428 2205 1548 2258 maritus
1562 2212 1752 2273 praepostero
1771 2205 1907 2258 custumis

210 2294 238 2346 in
264 2292 372 2347 occulto
399 2301 453 2357 est,
477 2310 529 2348 nec
554 2289 680 2350 constare
707 2302 812 2366 potest,
842 2313 878 2351 an
902 2312 936 2351 ea
958 2313 1044 2367 penes
1070 2297 1163 2350 studio
1179 2294 1347 2364 pharmacis
1366 2299 1416 2345 aut
1437 2293 1520 2356 serra
1538 2307 1568 2344 se
1587 2291 1767 2361 impotentem
1787 2293 1907 2346 reddat!

210 2379 308 2447 virum,
329 2396 365 2434 an
380 2397 465 2450 penes
482 2396 601 2448 uxorem,
616 2397 651 2435 an
666 2398 751 2451 penes
763 2389 912 2453 utrumque
923 2382 1044 2452 haereat,
1070 2381 1263 2453 Hemmingius
1291 2380 1325 2434 de
1349 2379 1460 2450 conjug.
1485 2395 1513 2449 p.
1535 2383 1593 2435 194.
1609 2377 1777 2448 respondet,
1802 2395 1864 2432 enm
1878 2386 1907 2431 at

211 2466 334 2538 iniquum
353 2466 439 2537 igitur
456 2465 545 2531 foret,
563 2467 703 2523 innoxium
722 2469 799 2524 luere
818 2470 928 2540 culpam
945 2486 1045 2524 nocen·
1071 2469 1240 2524 homicidam
1269 2484 1289 2519 a
1320 2467 1489 2533 mapistratu
1512 2464 1701 2534 puniendam,
1729 2471 1763 2517 ut
1789 2465 1907 2519 alianto

211 2553 260 2617 tis;
287 2552 423 2607 incertum
448 2553 562 2623 insuper
587 2553 672 2623 foret,
695 2556 740 2609 cui
767 2556 963 2611 concedendae
989 2556 1045 2609 sint
1070 2574 1122 2626 per
1158 2555 1287 2623 pladium
1322 2554 1402 2617 facto
1440 2568 1527 2604 sanae
1560 2566 1701 2619 personae
1737 2552 1906 2608 coenabatur.

211 2654 299 2694 novae
341 2639 470 2708 nuptias,
511 2640 556 2694 cui
595 2656 660 2695 sero
704 2641 817 2696 eaedem
857 2641 1045 2713 denegandae.
1072 2642 1177 2709 Quodsi
1189 2640 1369 2712 magistratus
1382 2638 1411 2692 in
1425 2636 1517 2692 officio
1529 2635 1674 2708 negligens
1687 2636 1732 2706 sit,
1752 2638 1907 2692 eunuchum

211 2732 235 2779 1.
252 2725 330 2779 Idem
348 2730 474 2781 statuunt
491 2726 531 2797 pii
545 2733 661 2791 veteres,
679 2726 853 2799 Augustinus
867 2728 916 2783 lib.
930 2728 966 2782 de
980 2727 1044 2782 bon.
1071 2731 1154 2785 istum
1186 2727 1324 2782 malitioso
1354 2724 1488 2781 desertori
1519 2724 1738 2794 comparandum
1775 2734 1805 2781 et
1837 2724 1907 2796 parti

210 2812 324 2883 conjug.
356 2829 416 2882 cap.
442 2819 466 2870 ’1.
495 2813 571 2868 circa
597 2814 683 2869 med:
721 2815 841 2869 Tantum
863 2816 939 2869 ualet
969 2816 1046 2870 illud
1072 2832 1157 2871 sanae
1181 2812 1382 2868 consulendum
1408 2810 1594 2866 existimarim.
1635 2809 1716 2866 Idem
1741 2813 1845 2868 statuit
1862 2811 1906 2866 Bi·

209 2899 477 2954 socialevinculum
507 2902 672 2970 conjupmn,
710 2909 741 2954 ut
771 2919 832 2955 cum
864 2920 953 2956 eausa
978 2920 1045 2972 pro·
1073 2899 1290 2956 deubachiusde
1303 2914 1378 2953 caus
1396 2897 1514 2953 matrim.
1532 2914 1559 2967 p.
1578 2902 1635 2954 101.
1661 2897 1782 2966 Siquis
1800 2898 1907 2970 (inquit)

210 2986 328 3041 meandi
345 2987 505 3056 colligetur,
531 3005 582 3041 nee
606 2989 671 3057 ipsa
697 3006 784 3041 causa
798 2991 974 3058 procreandi
990 2989 1046 3042 sol·
1073 2991 1156 3042 etiam
1176 2995 1242 3057 post
1266 2985 1382 3054 nuptias
1410 3001 1440 3037 se
1466 2985 1558 3052 ipsum
1575 2985 1656 3047 ferro
1675 2984 1721 3038 uel
1744 2985 1906 3054 pbarmaeis

210 3082 300 3128 vatur.
331 3075 433 3127 Posset
452 3074 526 3128 euim
543 3075 625 3128 barno
637 3074 777 3128 dimittere
794 3075 919 3129 sterilem
933 3093 1046 3128 acorem
1073 3077 1143 3129 ἀοια
1171 3090 1258 3144 opera
1277 3073 1347 3137 fecit
1372 3071 1522 3125 inhabilem
1547 3072 1588 3124 ad
1618 3071 1844 3138 matrimonium,
1870 3072 1908 3125 ibi

211 3168 236 3214 et
254 3162 369 3228 dacus,
394 3162 429 3214 de
449 3177 506 3229 qua
524 3161 600 3224 filios
617 3160 727 3226 babeat,
744 3168 770 3212 ct
789 3169 881 3214 tamen
899 3161 1046 3214 nonlicet.
1073 3163 1146 3215 citra
1164 3161 1362 3214 dubitationem
1377 3175 1503 3228 persona
1520 3157 1631 3226 intepra
1650 3164 1771 3211 ateana
1784 3175 1906 3227 pronun·

211 3264 272 3319 cap.
308 3253 346 3302 15.
385 3246 415 3299 in
443 3247 544 3317 princ:
580 3246 683 3300 blanel
706 3247 845 3301 vinculum
874 3247 1046 3317 nuptiarum,
1073 3251 1161 3304 riatur
1178 3248 1279 3304 libera.
1316 3245 1399 3301 ilatio
1416 3245 1477 3300 dari
1491 3249 1584 3314 potest
1599 3259 1640 3310 ea,
1659 3243 1815 3315 qnodtalis
1832 3244 1905 3298 mali·

211 3335 321 3389 etiamsi
334 3333 449 3404 proles,
470 3334 552 3400 casius
575 3351 664 3387 causa
689 3334 789 3387 initum
814 3342 867 3398 est,
893 3336 1047 3398 manifesta
1072 3335 1143 3390 tioso
1174 3333 1306 3389 desertori
1338 3337 1521 3401 comparetur.
1571 3331 1648 3394 Quia
1673 3332 1702 3384 si
1726 3333 1906 3387 matrimonio

210 3421 360 3475 sterilitate
387 3437 443 3473 non
467 3421 665 3489 subsequatur,
696 3421 739 3474 ita
764 3428 795 3473 ut
810 3421 872 3490 jam
896 3423 1046 3477 scientibus
1072 3423 1194 3477 nondum
1208 3438 1264 3490 per
1282 3420 1412 3490 copulam
1430 3426 1617 3473 consummato
1632 3419 1800 3490 paralysis,
1819 3419 1906 3490 sripi·

210 3508 375 3578 conjupibus
388 3525 444 3562 non
460 3523 491 3560 se
503 3507 744 3575 filiosbabituros,
764 3524 941 3576 separarem
953 3517 1046 3564 tamen
1074 3510 1151 3562 ditas
1168 3525 1202 3562 ac
1227 3507 1390 3576 penitalium
1416 3506 1585 3574 depravatio
1606 3504 1829 3560 immedicabilis
1847 3523 1907 3560 roe·

210 3596 254 3649 uel
273 3596 337 3663 ipsa
365 3611 454 3647 causa
474 3593 599 3658 filiomrm
629 3601 712 3661 atqise
737 3593 806 3647 aliis
833 3596 969 3663 copulare
990 3613 1047 3649 non
1073 3596 1282 3650 summationem
1306 3593 1479 3648 matrimonii
1508 3592 1662 3661 impediens
1688 3591 1906 3660 superueniunt!

211 3681 321 3737 licebat.
358 3680 465 3742 Quorisi
480 3679 608 3744 fecerim,
626 3695 686 3731 oum
705 3679 753 3746 eis,
771 3680 870 3747 quibas
886 3699 915 3735 se
932 3682 1046 3751 copula·
1074 3682 1149 3737 Besa
1172 3681 1219 3735 lib.
1242 3680 1277 3734 de
1295 3680 1348 3733 div.
1373 3696 1400 3749 p.
1423 3682 1481 3732 219.
1505 3676 1707 3748 separationem
1734 3679 1863 3733 concedit
1881 3685 1908 3734 et

211 3769 315 3835 aerim,
343 3767 517 3820 adulterium
532 3767 711 3834 committunt,
731 3766 790 3834 apsi
808 3775 897 3821 autem
915 3769 1048 3837 conjupes
1073 3769 1146 3840 parti
1172 3784 1256 3823 sanae
1281 3781 1413 3819 novarum
1442 3764 1604 3833 nuptiarum
1633 3769 1803 3833 potestatem
1833 3764 1906 3821 iacit

213 3863 332 3909 mactent.
391 3852 540 3923 Allegatur
590 3852 643 3905 boc
684 3852 837 3922 Augustini
877 3853 981 3908 dictum
1023 3872 1047 3909 c.
1076 3853 1179 3909 Contra
1194 3854 1297 3908 Beaam
1316 3852 1441 3920 disputat
1460 3849 1606 3905 Albericus
1626 3848 1749 3904 Gentilis
1767 3851 1812 3906 lib.
1831 3858 1856 3906 b.
1874 3851 1907 3905 de

212 3942 335 3996 Tantum
353 3945 406 3995 eto.
427 3944 468 3994 31.
488 3958 514 4009 q.
533 3945 556 3994 1.
594 3944 619 3994 8.
637 3938 680 3994 Ns
695 3940 806 4010 quidem
824 3940 936 4009 injure
962 3943 1047 4011 civili,
1074 3947 1152 4011 nupt.
1181 3957 1242 4010 cap.
1264 3944 1304 3994 19.
1351 3938 1431 4005 Quis,
1464 3936 1568 4007 inquit,
1597 3936 1704 4006 poterit
1733 3939 1772 3990 de
1799 3937 1858 3991 ista
1882 3937 1909 3990 ai

213 4028 288 4100 quod
318 4026 420 4079 multas
458 4024 570 4078 divortii
605 4040 703 4079 causas
739 4025 874 4095 admittit,
919 4027 1048 4082 sterilitas
1073 4027 1166 4082 morbi
1182 4024 1383 4079 immedicabili
1402 4040 1453 4076 nos
1478 4024 1599 4077 docere!
1644 4022 1698 4085 Qut
1720 4024 1816 4077 πιστοί
1831 4024 1905 4077 inca·

214 4115 310 4169 iisdem
331 4118 544 4167 connumeratur
564 4109 583 4166 l.
602 4109 744 4164 Consensu
763 4117 787 4167 8.
807 4111 837 4167 C.
857 4111 892 4167 de
903 4113 1000 4182 repud.
1073 4114 1178 4168 rabilcs
1202 4113 1257 4166 cisi
1274 4110 1454 4183 Hippocrati,
1473 4127 1520 4164 eos
1540 4117 1652 4164 curatas
1668 4118 1775 4164 narrat
1791 4111 1907 4165 Plinius

248 4205 307 4256 685,
345 4201 367 4254 7.
386 4196 557 4265 Impotentia
577 4197 782 4265 superveniens.
824 4197 950 4253 Diximus
967 4217 1048 4271 supe·
1073 4201 1181 4255 libili.
1211 4204 1268 4253 nat.
1286 4197 1349 4252 hist
1380 4214 1440 4266 cup.
1462 4201 1501 4252 12.
1529 4213 1564 4249 ac
1589 4195 1780 4250 biercurialis
1807 4200 1907 4263 refert,

214 4289 283 4350 rius,
306 4284 498 4354 impotentiam
516 4282 726 4354 praecedentem
750 4283 858 4338 irrittm
881 4284 974 4340 facere
991 4303 1047 4340 ms·
1073 4304 1157 4356 saepe
1183 4287 1268 4339 etiam
1290 4287 1453 4352 desperatos
1475 4283 1548 4336 nitas
1572 4282 1715 4336 restitutos
1732 4286 1817 4338 esse.²
1858 4284 1908 4338 ue

213 4371 385 4436 trimonium,
418 4369 466 4424 sed
498 4369 521 4422 si
545 4374 690 4424 constante
720 4374 748 4424 et
779 4376 969 4426 consummato
999 4389 1049 4442 per
1074 4373 1128 4427 fert
1148 4370 1216 4427 ibid.
1244 4369 1404 4437 Albericus,
1428 4366 1560 4422 Generae
1578 4367 1668 4422 virum
1685 4367 1812 4423 nobilem
1830 4388 1908 4441 repa·

213 4459 341 4529 copulam
353 4455 528 4509 matrimonio
540 4456 727 4524 asperserint,
741 4472 797 4509 nou
804 4456 886 4511 solvit
903 4459 1051 4529 conjugale
1075 4459 1180 4513 diatum
1198 4463 1231 4513 ut
1248 4456 1380 4528 frigidum
1400 4454 1484 4510 aliam
1509 4453 1619 4509 duxisse
1640 4470 1772 4524 uxorem,
1798 4473 1834 4511 ex
1857 4473 1910 4528 qua

215 4545 364 4600 vinculum.
389 4560 411 4597 c.
433 4541 514 4605 Quod
535 4541 709 4612 interrogasti
722 4547 775 4598 etc.
796 4547 836 4598 21.
850 4560 876 4613 q.
895 4548 923 4598 2:
941 4544 1050 4613 Impos·
1075 4545 1176 4600 liberos
1207 4543 1337 4612 suscepit.
1383 4541 1519 4597 Putamus
1555 4539 1601 4594 hic
1629 4538 1862 4611 ffistingueudum
1889 4548 1910 4598 1.

217 4633 341 4686 sibilitas
355 4630 475 4683 cubandi
492 4628 520 4681 si
538 4636 604 4697 post
628 4629 772 4682 emnalem
791 4629 922 4698 copulam
939 4631 1051 4685 inuenta
1076 4633 1147 4686 inter
1166 4629 1357 4702 impotentiam
1374 4627 1520 4683 manifeste
1537 4624 1733 4694 incurabilem,
1763 4635 1795 4682 ut
1819 4629 1850 4684 in
1866 4646 1911 4684 ex·

212 4719 303 4782 faerit
334 4718 364 4770 in
397 4717 508 4784 aliquo,
537 4733 593 4768 non
624 4715 709 4768 solvit
732 4715 907 4786 conjapium,
939 4717 967 4770 si
985 4734 1051 4772 vero
1078 4718 1198 4773 sectione
1215 4717 1276 4789 ejus
1294 4715 1396 4786 partis,
1416 4731 1472 4786 qus
1490 4712 1543 4767 viri
1560 4718 1713 4786 sumus,4et
1730 4712 1808 4770 inter
1826 4715 1912 4786 impo-

215 4811 278 4857 ante
298 4803 440 4857 carnalem
460 4800 594 4870 ,copulam
613 4800 787 4871 deprebensa
806 4802 909 4867 licerit,
934 4803 1050 4857 liberum
1077 4804 1200 4866 tentiam,
1218 4804 1299 4872 cujus
1313 4801 1404 4855 adhuc
1413 4798 1519 4871 sperari
1529 4803 1622 4870 potest
1634 4799 1783 4865 cuneatim
1804 4804 1829 4856 2.
1842 4802 1913 4856 iuter

214 4891 288 4956 facit
317 4889 433 4942 mulieri
459 4887 583 4941 alienum
618 4889 710 4940 uirum
741 4888 878 4957 accipere.
916 4905 941 4942 c.
970 4890 1050 4956 Quod
1076 4889 1214 4961 sponsalia
1238 4896 1266 4943 et
1292 4887 1495 4942 matrimonium
1513 4891 1620 4950 ratum;
1647 4890 1670 4940 3.
1692 4884 1768 4940 iuter
1785 4886 1914 4943 stricurm

215 4982 307 5029 autem
318 4979 369 5030 etc.
383 4981 424 5030 31.
439 4991 467 5045 q.
481 4973 676 5041 tzPostquam
688 4973 849 5042 conjugium
861 4975 977 5028 carnali
989 4976 1051 5044 ⁰sfi·
1073 4979 1145 5047 juris
1164 4977 1282 5046 rigorem
1300 4982 1328 5030 et
1347 4974 1496 5028 inestuans
1512 4973 1619 5029 ratione
1638 4971 1913 5030 circumstantiarum

215 5064 259 5115 cio
281 5065 473 5130 confirmatum
489 5061 591 5127 fierent,
608 5061 666 5114 nisi
681 5078 767 5114 causa
785 5062 984 5128 fornicationis
996 5081 1052 5116 non
1076 5062 1238 5118 adhibitam.

216 5149 281 5203 licet
299 5149 360 5202 niro
380 5166 493 5203 uxorem
511 5148 660 5213 dimittere,
677 5163 726 5200 nec
743 5147 827 5200 arari
845 5165 864 5200 a
881 5148 943 5202 uiro
963 5150 1051 5202 disoe-
1111 5155 1171 5205 681.
1199 5151 1235 5204 ’8.
1256 5147 1355 5202 Morbi
1377 5148 1558 5214 incurabiles,
1577 5144 1798 5212 abominabiles,
1818 5157 1914 5202 conta·
1922 5141 1951 5238 fu

217 5239 296 5304 clere,
323 5251 416 5288 venem
443 5242 592 5304 antequam
616 5236 808 5302 confirmetur,
836 5233 1051 5303 impossibilitas
1075 5236 1155 5304 piosi.
1200 5233 1339 5290 Sarcerius
1365 5233 1394 5286 in
1421 5232 1468 5289 lib.
1491 5233 1527 5286 de
1551 5247 1627 5286 caus.
1651 5230 1773 5289 matrim.
1796 5231 1828 5288 in
1848 5248 1951 5289 casura

90 5354 145 5397 m
158 5350 204 5395 Μ
217 5321 311 5391 officii
335 5321 418 5375 soluit
442 5321 584 5374 vinarium
615 5321 750 5390 coujnpii.
794 5319 864 5374 Pars
889 5337 956 5393 ergo
983 5338 1051 5375 sana
1075 5325 1173 5392 leprae
1192 5330 1219 5376 et
1236 5321 1327 5376 morbi
1343 5319 1511 5374 incunabilis
1535 5316 1685 5374 divortium
1710 5314 1775 5374 fieri
1791 5326 1823 5375 et
1840 5319 1914 5391 parti

216 5413 365 5478 agnoscat,
400 5421 429 5461 se
460 5405 591 5460 divinitus
620 5406 712 5460 vocari
744 5407 780 5460 sd
797 5406 995 5462 continentiam
1023 5414 1052 5463 et
1076 5426 1160 5465 sanae
1178 5425 1311 5464 novarum
1329 5406 1488 5478 nuptiarum
1507 5410 1672 5475 potestatem
1685 5403 1748 5459 dari
1767 5405 1914 5476 permittit.

217 5494 344 5548 remediis
370 5491 556 5547 continentiae
580 5508 629 5546 suo
657 5492 718 5547 loco
750 5494 915 5549 enumeratis
945 5501 1049 5553 utatur.
1075 5495 1109 5549 ln
1127 5496 1241 5551 eandem
1265 5494 1430 5549 senteutiam
1453 5491 1627 5562 propendent
1652 5489 1770 5546 Aretias
1793 5499 1868 5565 part
1893 5499 1913 5549 1.

216 5579 306 5646 Ratio,
324 5596 410 5651 quare
428 5577 464 5634 ob
480 5578 720 5650 supervenientem
744 5579 935 5650 impotentiam
950 5583 1049 5653 conju·
1073 5583 1206 5654 problem.
1222 5600 1250 5654 p.
1271 5588 1311 5638 11.
1337 5579 1467 5635 Damasus
1490 5579 1518 5632 in
1536 5578 1642 5650 isagog.
1662 5576 1768 5634 Christ.
1788 5586 1870 5651 part.
1886 5586 1911 5637 t.
