4020 6022
832 359 885 419 DE
902 357 1101 419 corworo
1748 371 1804 432 311

118 518 191 587 tiae,
226 519 250 575 si
283 520 364 576 modo
388 518 476 576 velint
496 523 525 576 et
549 519 714 575 annitantur.
764 517 948 584 Continentia,
978 516 1031 571 bus
1049 532 1082 571 ac
1107 516 1223 589 singulis
1245 518 1385 588 peculiare
1407 523 1436 574 et
1456 517 1596 590 privatum
1618 518 1688 574 illud
1707 519 1807 575 donum

120 605 217 661 scribit
238 605 422 662 Bellarminus
445 608 480 662 de
503 606 629 661 monach.
655 621 717 674 cap.
743 610 786 661 ³1.
813 601 843 679 ξ.
860 602 949 657 nltim.
978 600 1109 659 consenc
1155 609 1180 661 6.
1209 602 1338 675 Denique
1368 603 1508 659 Christum
1535 604 1590 659 tria
1619 604 1807 660 eunuchorum

119 690 245 747 absolm
262 694 326 761 peti
339 700 430 762 potest
445 700 472 747 et
496 691 694 755 inscilibeiiter
721 690 897 756 conceditur,
926 690 953 741 si
976 703 1080 758 genera
1097 706 1123 745 1.
1143 706 1199 762 seq.
1217 705 1379 746 munerare
1397 706 1431 745 ec
1450 696 1549 762 postea
1565 691 1743 763 subjungere,
1760 692 1810 761 qai

117 778 235 832 aliunde
251 796 307 833 non
330 779 367 832 sit
390 780 517 843 defense
545 779 576 832 in
600 779 733 833 wadone.
773 777 904 832 Costerm
920 774 949 828 in
973 781 1065 841 potest
1083 793 1192 850 capere,
1210 777 1316 846 capr'at,
1334 794 1388 848 quo
1408 776 1469 847 ipso
1487 775 1688 847 disertedocet,
1706 777 1808 833 donum

117 862 251 918 enchirid.
269 880 331 935 cap.
353 869 393 921 19.
416 882 496 936 prop.
515 871 545 919 'lr
571 864 687 918 Nemini
703 880 810 932 mones
835 861 949 929 bonini,
976 861 1162 918 continentiae
1177 878 1354 935 nequaquam
1374 863 1495 933 pendere
1517 879 1535 917 a
1557 863 1707 934 cujuslibet
1726 881 1809 936 quae-

116 950 168 1018 qui
185 950 340 1005 castitatem
357 967 438 1004 neam
457 952 520 1003 Deo
543 951 645 1019 offerre
670 949 821 1016 deliberat,
846 949 949 1017 impos·
976 947 1074 1016 rantis,
1103 949 1222 1019 patentis
1251 954 1335 1020 atque
1351 949 1501 1004 annitentis
1519 950 1674 1019 voluntate,
1705 951 1754 1007 sed
1774 966 1808 1005 ex

116 1035 198 1090 sibile
214 1044 262 1106 est,
280 1045 387 1092 castam
397 1038 484 1091 citam
500 1053 623 1106 amare,
641 1038 744 1090 nedum
757 1036 951 1089 secedentes
975 1031 1029 1088 Dei
1046 1033 1127 1102 dono,
1145 1051 1242 1090 sensns
1261 1036 1333 1091 enim
1351 1041 1411 1099 ast,
1428 1042 1460 1090 ut
1478 1044 1645 1107 apparator
1662 1037 1808 1092 verborum

117 1128 145 1176 et
161 1124 288 1192 clerin's,
311 1126 361 1194 qni
374 1142 428 1195 per
452 1142 551 1180 sacros
567 1124 681 1180 ordines
696 1125 738 1177 ad
752 1123 950 1177 continentiam
974 1121 1155 1191 connexione,
1173 1123 1224 1192 qni
1235 1127 1329 1192 potest
1347 1138 1461 1191 capere,
1493 1122 1521 1176 id
1541 1128 1597 1191 est,
1627 1123 1672 1178 cui
1691 1124 1809 1195 desuper

116 1210 288 1277 obligantur.
332 1211 372 1266 At
394 1210 458 1265 talis
475 1210 617 1282 persuasio
641 1213 750 1281 pugnat
767 1225 830 1263 cum
849 1213 950 1263 natura
976 1206 1070 1261 datum
1084 1214 1137 1277 est,
1154 1213 1187 1262 ut
1197 1223 1297 1279 capere
1311 1209 1407 1278 possit,
1424 1209 1475 1262 ille
1493 1211 1597 1279 capiat,
1613 1208 1643 1262 id
1660 1215 1703 1264 est
1715 1215 1809 1264 utatm

116 1295 201 1365 hujus
221 1297 295 1365 doni,
312 1298 417 1369 qnippe
435 1297 510 1368 quod
529 1314 585 1352 non
604 1303 647 1352 est
664 1312 805 1350 commane
823 1295 949 1351 omnibus
975 1308 1008 1348 eo
1027 1293 1099 1348 dono
1117 1293 1153 1348 ad
1179 1295 1410 1366 propagationem
1433 1295 1512 1365 regni
1531 1295 1673 1363 coelestia,
1702 1296 1739 1350 ad
1754 1296 1808 1351 Dei

115 1380 178 1450 piis,
198 1398 231 1437 ac
251 1382 359 1453 dequo
377 1401 432 1438 non
452 1389 564 1439 exstant
584 1383 728 1455 generales
747 1382 950 1453 promissiones,
975 1379 1092 1448 gloriam
1116 1385 1144 1434 st
1170 1381 1303 1436 ecclesiae
1328 1382 1452 1437 salutem.
1497 1382 1539 1436 Er
1561 1382 1663 1454 quibus
1680 1382 1809 1437 omnibus

116 1468 193 1539 quod
217 1468 295 1524 Deus
324 1469 452 1524 omnibus
477 1469 636 1541 petentibus
663 1486 697 1525 ac
727 1467 948 1525 desiderantibus
974 1465 1014 1519 sic
1034 1466 1240 1522 concludimus:
1273 1468 1458 1540 quodcunque
1477 1468 1580 1522 donum
1605 1474 1647 1523 est
1669 1467 1808 1538 peculiare

116 1552 187 1608 illud
206 1554 274 1610 dare
293 1555 376 1625 velit,
393 1556 442 1612 sed
462 1563 504 1613 est
522 1558 625 1612 donum
644 1558 781 1626 specide,
806 1555 881 1626 quod
894 1553 949 1608 dis·
974 1567 1007 1605 ac
1026 1554 1185 1623 proprium,
1219 1553 1254 1607 de
1273 1570 1329 1624 quo
1346 1570 1401 1609 non
1421 1561 1511 1609 exstat
1542 1555 1699 1626 promissio,
1732 1555 1805 1626 quod

114 1638 214 1694 tribuit
232 1640 324 1706 Deus,
342 1642 444 1713 quibus
455 1643 531 1709 vult,
548 1643 662 1714 quando
680 1647 710 1697 et
726 1641 863 1715 quomodo
880 1641 947 1695 vult
975 1635 1051 1691 Deus
1064 1636 1190 1692 omnibus
1202 1655 1236 1693 ac
1249 1639 1365 1711 singulis
1384 1641 1544 1711 petentibus
1561 1657 1594 1696 ac
1608 1641 1806 1712 quaerentibus

116 1723 194 1780 Idem
212 1743 279 1799 ergo
299 1733 349 1796 est,
368 1728 391 1781 si
409 1728 471 1800 quis
485 1733 650 1799 perpetuum
669 1728 834 1784 coelibatum
848 1730 948 1782 voveat
973 1723 1043 1778 illud
1062 1724 1130 1779 dare
1145 1725 1221 1796 velit,
1237 1725 1274 1780 ad
1293 1725 1322 1779 id
1339 1732 1404 1781 roto
1421 1743 1451 1781 se
1470 1724 1643 1798 obstringere
1660 1728 1806 1782 mmeraria

114 1812 302 1869 continentiae
321 1813 396 1869 dono
415 1814 525 1869 interim
544 1814 701 1880 dmtitutus,
721 1831 755 1870 ac
771 1814 795 1868 si
815 1813 885 1885 quis,
899 1811 946 1883 qni
973 1818 1016 1865 est
1051 1813 1227 1882 praesumtio.
1281 1813 1336 1868 Sed
1367 1812 1469 1867 donum
1501 1814 1705 1884 continentiae,
1734 1821 1806 1871 teste

116 1898 217 1953 donum
249 1915 303 1954 non
331 1899 431 1968 habet,
458 1907 569 1964 vorent,
597 1917 627 1955 se
653 1900 756 1972 linguis
785 1901 947 1967 locuturum,
972 1896 1100 1969 Christo,
1135 1897 1175 1953 ita
1208 1904 1398 1969 comparatum
1432 1905 1487 1970 est,
1522 1906 1554 1955 ut
1584 1916 1639 1955 non
1671 1901 1707 1955 sit
1733 1918 1805 1957 com-

114 1985 343 2051 raticinatumm,
368 1987 500 2043 miracula
519 1987 671 2052 editurum,
694 1987 739 2043 vcl
761 1987 809 2058 qui
827 1986 947 2041 10111110-
973 2001 1057 2040 mnne
1092 2000 1126 2039 ac
1162 1986 1291 2056 genardo
1328 1984 1455 2040 omnibns
1490 1986 1543 2056 piis
1581 2004 1614 2042 ac
1648 1987 1805 2058 petentibus

114 2088 179 2127 nem
196 2077 225 2127 et
243 2073 315 2129 vires
332 2090 388 2128 non
411 2072 526 2145 habeat,
550 2079 650 2130 voveat
677 2091 707 2129 se
734 2072 827 2129 hostes
853 2071 945 2144 proili-
972 2071 1155 2143 promissum,
1179 2073 1227 2127 sed
1258 2072 1398 2144 peculiare
1423 2080 1510 2144 atque
1531 2075 1682 2145 proprium
1729 2076 1805 2147 Ergo

114 2162 253 2229 getarum.
972 2158 1009 2213 ad
1036 2158 1106 2213 illud
1136 2164 1201 2214 voto
1226 2174 1256 2214 se
1283 2159 1455 2231 obstringere
1485 2160 1633 2215 mmeraria
1658 2165 1701 2215 est
1727 2178 1805 2233 prae

57 2259 75 2288 ²¹
150 2250 208 2304 itt.
244 2246 373 2302 Ceterum
402 2246 503 2302 donum
527 2248 713 2304 continentiae
745 2252 822 2302 extra
851 2246 947 2318 conju·
972 2245 1080 2303 sumdo.

57 2312 104 2393 {22¹}
115 2332 192 2403 giam
211 2337 288 2387 casta
307 2332 417 2389 vivendi
441 2352 496 2389 non
516 2350 577 2391 esse
595 2336 635 2390 ita
659 2350 818 2403 commune,
838 2338 870 2387 ut
887 2332 945 2403 qui-
1006 2338 1065 2389 526.
1100 2332 1212 2404 Excipit
1239 2332 1426 2388 Bellarminus
1459 2333 1495 2388 de
1524 2334 1651 2389 monach.
1676 2350 1737 2405 cap.
1762 2340 1804 2390 ³1.

57 2404 97 2447 ⁵¹⁶·
115 2433 226 2489 cunque
254 2418 420 2474 coelibatum
447 2420 572 2491 elegerit,
599 2423 681 2476 modo
706 2421 774 2476 velit
800 2437 833 2475 ac
859 2424 946 2490 petat,
972 2420 1171 2473 continentiam
1189 2436 1247 2474 esse
1264 2437 1298 2473 ea
1310 2436 1425 2474 namna
1442 2420 1559 2474 manen
1570 2422 1714 2490 donoenm,
1732 2438 1805 2490 qnae

72 2556 97 2601 η
115 2506 204 2575 possit
221 2503 291 2559 illud
310 2505 425 2573 babers;
442 2507 563 2564 sedasse
579 2508 681 2564 donum
699 2507 828 2579 speciale,
846 2505 945 2577 proba·
971 2507 1115 2560 nensstne
1134 2508 1248 2576 qnidam
1265 2515 1329 2560 erent
1347 2507 1408 2561 Dei
1422 2508 1511 2575 denen
1535 2507 1648 2561 interim
1664 2514 1756 2561 tamen
1775 2508 1805 2560 in

57 2589 64 2651 ;’
97 2590 176 2646 ’mus
193 2593 372 2663 sequentibus
394 2592 595 2649 fundamentis:
619 2599 641 2653 1.
665 2597 712 2649 Es
744 2595 820 2648 elicto
839 2592 947 2647 Chresti
971 2592 1090 2647 arbitrio
1114 2610 1148 2646 ac
1161 2600 1298 2663 potestate
1323 2601 1423 2647 neena
1442 2594 1548 2663 posita,
1579 2595 1651 2646 aiore
1681 2596 1803 2662 medae,
1854 2614 1857 2621 ·

69 2677 102 2721 71
114 2677 214 2733 nauh.
227 2695 252 2735 c.
267 2684 306 2748 19,
323 2696 348 2736 r,
363 2685 409 2735 tt:
423 2682 490 2735 Nan
508 2698 601 2735 omnes
613 2682 728 2752 capiant
740 2683 852 2736 cnbnm
863 2681 945 2745 tiled,
971 2694 1102 2748 speon,
1127 2679 1256 2747 diliqere,
1279 2695 1475 2751 perseverare,
1502 2680 1654 2749 patientem
1674 2697 1740 2743 esse,
1759 2681 1802 2734 di-

57 2749 102 2831 :P'
115 2767 168 2818 sed
190 2766 290 2835 quibas
315 2768 411 2820 datram
436 2774 483 2824 eet.
528 2768 587 2825 Ubi
611 2768 729 2823 observa
756 2775 779 2825 1.
806 2767 945 2823 Christum
972 2772 1072 2819 mentun
1097 2772 1124 2818 et
1144 2774 1210 2819 snnt
1228 2767 1376 2820 omnmo
1394 2767 1454 2821 Dei
1471 2769 1560 2835 dona,
1581 2774 1607 2819 et
1625 2774 1718 2821 tamen
1734 2784 1803 2837 pen·

58 2904 80 2934 n
115 2868 170 2906 non
189 2852 265 2923 loqui
284 2851 319 2907 de
339 2850 498 2908 infidelibus
516 2854 560 2909 vel
579 2853 791 2909 deebriatianis
810 2854 839 2907 in
858 2854 943 2924 piete-
972 2854 1038 2905 dent
1054 2853 1089 2905 ab
1113 2852 1245 2906 alsatiam
1263 2853 1393 2921 lbnmana
1421 2861 1448 2907 ct
1473 2860 1537 2907 eunt
1556 2856 1587 2907 in
1608 2861 1707 2907 nostra
1725 2862 1803 2923 pote-

59 2947 101 2987 sco
113 2936 150 2991 tis
169 2937 261 2993 studio
276 2937 486 3008 remissioribus,
501 2940 550 2994 sed
571 2943 614 2994 cd
630 2942 709 3007 ipsos
728 2941 878 3011 apostolos,
897 2941 945 3012 qui
970 2945 1050 3006 ante,
1068 2938 1136 3008 qnia
1155 2941 1234 2993 Deae
1250 2939 1316 2994 licet
1334 2940 1427 3008 inest,
1445 2957 1501 2994 non
1519 2948 1612 2993 tannen
1631 2941 1802 3010 cogitesque

57 3008 67 3090 ,¹
114 3021 144 3076 in
165 3022 275 3079 iudaea
298 3024 473 3095 evangelium
496 3025 725 3097 praedicaverant
750 3030 779 3082 et
802 3028 832 3081 in
855 3031 945 3082 totum
971 3026 1127 3090 necaritct,
1144 3028 1219 3079 ands
1239 3027 1389 3095 distinguit
1411 3029 1486 3081 inter
1502 3027 1639 3080 arentiam
1658 3027 1802 3091 afficiens

112 3115 249 3166 terrarum
267 3110 361 3168 orbem
379 3128 443 3166 cum
466 3113 603 3184 evangelii
628 3114 776 3184 praeconio
793 3114 944 3186 ablegaudi
971 3119 997 3164 et
1016 3113 1128 3179 ej'ficaa.
1163 3114 1213 3166 Aa
1233 3114 1430 3167 continentiam
1459 3131 1517 3167 non
1543 3114 1634 3167 mines
1659 3131 1742 3183 wem
1760 3116 1802 3167 cd
1829 3154 1832 3159 .

113 3204 208 3263 erant,
241 3198 343 3269 quibus
375 3200 439 3255 licet
470 3200 588 3255 maxime
613 3201 778 3256 conveniens
804 3200 944 3257 videretur
968 3200 1069 3268 fidem,
1088 3215 1178 3270 speon
1202 3200 1376 3254 dilectionem
1393 3208 1443 3256 etc.
1469 3200 1539 3254 dari
1554 3199 1680 3254 omnibus
1698 3200 1801 3254 asserit

112 3285 276 3351 coelibatus,
296 3291 388 3343 amen
407 3287 496 3341 noluit
514 3285 640 3340 christus
657 3293 805 3359 praecepto
824 3288 943 3358 quodam
969 3285 1106 3338 auretium
1117 3286 1272 3354 sufficiens,
1289 3285 1354 3339 licet
1370 3303 1426 3339 non
1439 3287 1550 3352 efficax.
1578 3285 1799 3356 Respondemus:

110 3370 179 3441 ipsis
198 3388 261 3426 eum
278 3372 429 3444 imponere,
449 3388 512 3428 cum
530 3389 586 3427 non
604 3389 698 3428 omnes
717 3373 782 3427 doni
800 3372 874 3427 illius
888 3374 944 3427 sint
968 3369 1206 3443 Distinguendum
1230 3376 1273 3427 est
1297 3372 1369 3428 inter
1394 3372 1468 3427 dona
1490 3373 1545 3428 Dei
1569 3374 1725 3427 communia
1751 3390 1800 3428 seu

109 3473 237 3528 capaces.
282 3464 307 3514 2.
331 3457 470 3513 Christum
498 3474 530 3513 eo
554 3467 679 3529 tempore
705 3458 759 3515 hoe
780 3458 942 3530 protulisse,
968 3458 1122 3528 generalia,
1154 3475 1226 3530 quae
1250 3459 1377 3514 omnibus
1403 3459 1458 3530 piis
1492 3465 1558 3515 sunt
1584 3460 1740 3515 necessaria
1766 3476 1800 3514 ac

110 3560 167 3614 quo
185 3544 303 3615 apostoli
322 3544 532 3617 significabant,
553 3543 606 3600 sibi
624 3546 714 3617 magis
733 3547 844 3619 placere
860 3545 943 3601 coeli·
969 3544 1100 3600 divinitus
1129 3546 1265 3616 promissa
1292 3546 1362 3601 Luc.
1384 3552 1428 3615 11,
1457 3562 1484 3599 r.
1515 3551 1562 3602 te:
1596 3548 1686 3600 Dabit
1720 3549 1800 3601 Deae

108 3630 214 3688 batum.
257 3630 391 3686 Dixerant
407 3631 480 3685 enim
496 3649 522 3685 r.
543 3637 588 3687 lb:
612 3632 648 3687 Si
663 3633 721 3687 tale
743 3641 785 3686 est
802 3633 942 3702 negotium
970 3631 1108 3700 Spr'rituns
1127 3649 1150 3687 s.
1164 3632 1330 3701 petentibus.
1364 3632 1433 3688 Phil
1455 3638 1516 3700 t,v.
1536 3637 1582 3687 29:
1602 3633 1686 3685 Vobis
1704 3635 1800 3686 danem

108 3718 231 3771 hominis
248 3735 309 3770 cnm
327 3735 424 3781 neme,
441 3736 496 3771 non
515 3720 627 3788 expedit
643 3720 752 3775 nubere.
791 3718 942 3775 8111101111-
968 3726 1017 3786 est,
1035 3718 1107 3771 utin
1124 3734 1185 3772 eam
1204 3720 1347 3788 credatia,·
1364 3724 1393 3772 et
1410 3719 1482 3773 inter
1494 3717 1737 3787 donapecnlicria
1750 3736 1799 3774 seu

108 3810 170 3858 stus
187 3803 241 3857 illis
260 3804 300 3858 ita
316 3804 521 3875 respondeant
539 3812 640 3876 neget,
658 3805 735 3860 verbi
755 3806 830 3860 illius
847 3822 942 3862 omnes
968 3804 1087 3874 propria,
1106 3805 1140 3859 de
1158 3805 1260 3876 quibus
1277 3822 1332 3859 non
1349 3809 1439 3859 exstat
1457 3805 1610 3875 promissio,
1627 3806 1702 3876 quod
1721 3805 1799 3862 Deus
1811 3814 1865 3856 xvl.
1878 3814 1910 3857 to.

108 3907 172 3947 esse
192 3906 318 3961 capaces.
360 3896 383 3945 3.
401 3888 541 3944 Christum
566 3898 594 3946 st
615 3892 788 3957 affirmative
812 3900 840 3945 et
857 3908 941 3963 nepe·
968 3890 1036 3944 velit
1063 3888 1190 3944 omnibus
1224 3906 1258 3945 ac
1293 3889 1409 3961 singulis
1443 3890 1619 3945 credentibus
1655 3908 1689 3947 ca
1723 3892 1797 3947 dare.
1868 3910 1871 3914 ’

109 3979 165 4032 tine
177 3994 255 4032 suam
270 3977 306 4032 de
318 3976 391 4031 donc
402 3977 590 4033 continentiae
600 3979 759 4050 exposuisse
770 3979 943 4037 smtentiam.
968 3976 1046 4032 Rom.
1070 3982 1110 4046 12,
1127 3993 1151 4032 r.
1171 3982 1202 4031 6:
1220 3977 1361 4030 Habentes
1380 3978 1458 4031 dona
1473 3979 1554 4046 juata
1570 3979 1708 4047 qratiam,
1725 3996 1796 4047 qaae

109 4064 249 4136 Negatire
273 4063 355 4129 dicit,
385 4080 441 4117 non
469 4081 564 4119 omnes
590 4065 707 4135 capiunt
735 4067 848 4119 unbem
874 4067 943 4135 boc,
968 4065 1039 4117 data
1055 4071 1095 4118 est
1119 4064 1206 4119 nobis.
1248 4069 1270 4118 1.
1287 4062 1350 4119 Cor.
1371 4068 1418 4131 12,
1439 4080 1467 4120 v.
1486 4068 1517 4118 t:
1549 4065 1712 4118 Diaisicnes
1733 4072 1797 4117 sunt

108 4149 275 4206 affirmative
292 4155 389 4220 postea
407 4149 528 4218 subjicit,
545 4150 657 4221 quinam
671 4153 732 4222 ejus
748 4151 805 4207 sint
816 4168 942 4223 capaces,
967 4151 1126 4218 matianum
1143 4149 1202 4203 nne
1222 4150 1372 4212 domn,
1392 4166 1418 4206 v.
1438 4154 1463 4204 8.
1482 4150 1538 4202 alii
1554 4151 1642 4203 datar
1658 4166 1714 4218 per
1734 4149 1799 4219 Spi-

109 4236 151 4290 illi
172 4234 287 4300 scilicet,
308 4236 408 4306 quibus
422 4238 527 4301 datum,
544 4237 642 4308 utique
658 4252 677 4291 a
693 4237 754 4293 Deo
770 4238 859 4294 omnis
877 4238 943 4295 boni
967 4237 1052 4289 ritum
1077 4253 1169 4290 sernec
1198 4235 1364 4304 sapientiae,
1394 4235 1450 4287 alii
1470 4252 1560 4290 senno
1587 4237 1722 4290 scientias
1746 4242 1798 4292 etc.

107 4323 213 4377 datore.
252 4328 277 4377 1.
296 4323 351 4377 Per
373 4320 524 4395 τὸνλόγον
546 4322 641 4394 phrasi
661 4323 802 4379 Hebraico
822 4324 941 4396 intellig·
967 4322 1079 4377 Donum
1095 4321 1174 4391 fidei,
1194 4321 1268 4393 spei,
1288 4320 1411 4375 carimtis
1429 4321 1549 4392 pertinet
1567 4321 1604 4376 ad
1624 4322 1716 4393 prins,
1734 4337 1799 4375 con-

105 4425 167 4463 rem
183 4411 289 4479 ipsam,
313 4406 443 4463 videlicet
469 4409 573 4463 donum
592 4415 671 4465 ertra
687 4411 848 4482 conjugium
866 4417 942 4467 caste
968 4409 1086 4464 tinentia
1109 4415 1203 4462 autem
1225 4408 1368 4479 virginalis
1390 4407 1427 4462 ad
1451 4408 1588 4479 posterius
1609 4425 1697 4479 genus
1715 4407 1799 4463 dono-

106 4492 233 4561 vivendi,
258 4498 290 4548 ut
308 4499 424 4565 apparet
448 4510 482 4549 ex
499 4500 579 4566 parte
604 4495 680 4550 illius
703 4496 832 4551 rmmculi
851 4504 941 4566 poste·
967 4512 1044 4563 rum,
1070 4500 1103 4549 ut
1126 4499 1285 4549 constater
1309 4492 1455 4548 manifesto
1479 4492 1581 4547 Christi
1600 4493 1683 4549 dicto.
1720 4492 1798 4549 Idem

105 4580 192 4651 riore,
222 4581 322 4650 quibas
347 4583 515 4650 detumeat,
546 4580 588 4636 illi
616 4581 669 4636 hoe
697 4580 813 4637 verbum
843 4598 941 4652 capere
967 4580 1089 4636 ostendit
1106 4598 1150 4636 res
1168 4580 1243 4651 ipsa,
1272 4597 1327 4634 non
1352 4580 1426 4635 enim
1450 4580 1487 4633 ab
1512 4578 1640 4633 omnibns
1658 4579 1798 4634 salvandis

106 4673 239 4738 possunt,
266 4672 299 4722 ut
327 4672 404 4722 caste
431 4672 510 4723 extra
537 4668 698 4738 conjugum
726 4668 829 4724 vivant.
866 4674 891 4723 t.
908 4667 940 4722 rb
965 4667 1122 4740 requiritur,
1139 4672 1171 4721 ut
1188 4674 1266 4721 extra
1283 4666 1442 4737 conjugium
1462 4666 1490 4718 in
1502 4672 1637 4735 perpetua
1654 4666 1796 4721 continen-

103 4759 212 4826 χωρεῖν
229 4770 284 4809 non
302 4753 390 4823 accipi
403 4769 436 4808 eo
451 4770 541 4818 sensu,
562 4769 616 4824 quo
634 4752 698 4808 Joh.
714 4758 740 4821 8,
758 4771 783 4810 r.
802 4759 845 4812 31.
861 4771 940 4809 usur·
965 4754 1005 4809 tia
1023 4753 1135 4815 vivant,
1154 4752 1226 4807 sicut
1243 4753 1279 4808 ab
1297 4752 1425 4808 omnibns
1444 4750 1605 4822 requiritur,
1625 4757 1657 4804 ut
1674 4751 1797 4820 credant,

105 4845 208 4911 patnr,
233 4856 323 4894 sermo
341 4856 419 4893 messe
437 4837 470 4892 οῠ
486 4845 588 4912 χωρή,
608 4856 665 4893 nan
682 4839 764 4893 babet
781 4840 886 4905 lactea,
909 4843 939 4895 in
965 4846 1084 4911 sperent,
1103 4838 1235 4911 diligant,
1252 4844 1428 4910 perseverent
1445 4854 1479 4893 ac
1494 4836 1631 4908 patientes
1648 4837 1718 4908 sint,
1743 4854 1795 4893 uec
1899 4880 1902 4885 .

104 4927 199 4994 cobis,
226 4926 275 4981 sed
295 4925 387 4997 potius
404 4942 451 4989 eo,
480 4943 536 4997 quo
558 4926 647 4983 Marc.
667 4932 697 4997 2,
726 4944 752 4980 v.
773 4931 797 4983 2.
827 4926 892 4985 Job.
913 4934 938 4996 2,
966 4933 1056 4982 exstat
1071 4925 1209 4997 wneralis
1228 4925 1362 4995 quaedam
1374 4924 1526 4994 promissio,
1547 4924 1621 4994 quod
1634 4922 1712 4978 Deus
1729 4926 1796 4981 velit

105 5030 133 5068 v.
150 5018 176 5069 6.
201 5028 261 5082 cap.
281 5018 328 5081 21,
345 5030 370 5066 r.
391 5017 432 5067 25.
451 5017 602 5083 usurpatur
618 5028 670 5083 pro
692 5029 803 5083 capere.
840 5012 939 5084 Neque
964 5012 1161 5069 continentiam
1183 5010 1354 5081 ,virginalem
1380 5010 1446 5065 dare
1473 5008 1601 5065 omnibus
1626 5013 1795 5082 petentibus,

103 5099 179 5155 enim
197 5115 295 5154 sensus
313 5104 369 5167 est,
398 5097 473 5169 quod
494 5096 559 5151 inde
584 5104 669 5170 atque
687 5099 751 5154 ideo
768 5115 824 5154 non
843 5114 937 5154 omnes
965 5099 1037 5153 sicut
1053 5097 1197 5169 generales
1216 5095 1409 5166 promissiones
1432 5101 1541 5151 exstem
1566 5096 1601 5151 dc
1627 5097 1699 5152 dono
1720 5095 1794 5162 fidei,

102 5183 220 5254 capiant
237 5184 289 5240 hoc
309 5184 436 5247 verbum,
464 5183 530 5254 quia
547 5182 651 5239 donum
671 5184 741 5239 illud
759 5200 892 5258 quaerere
909 5192 939 5240 et
964 5184 1130 5256 patientiae,
1152 5183 1275 5238 carimtis
1293 5186 1345 5238 etc.
1388 5181 1567 5238 Confluentis
1585 5183 1729 5255 virginalis
1746 5199 1793 5236 ro-

102 5276 201 5341 petere
219 5271 320 5337 nolint,
346 5270 416 5325 alias
440 5270 471 5324 in
488 5286 569 5325 versu
593 5287 650 5343 seq.
670 5270 795 5328 Christus
814 5271 937 5340 (1111111111,
962 5277 1042 5326 catur
1062 5270 1191 5344 χάρισμα
1222 5274 1245 5324 1.
1264 5268 1327 5323 Cor.
1351 5274 1380 5335 ’1,
1410 5285 1436 5323 1.
1455 5276 1480 5326 l.
1511 5271 1567 5325 tale
1590 5272 1696 5326 scilicet
1718 5269 1793 5338 quod

101 5358 156 5427 qni
171 5358 240 5423 crde,
258 5358 369 5428 capia,
387 5373 451 5411 cum
468 5365 565 5415 contra
582 5358 757 5427 pronuntiet,
781 5359 833 5428 qni
845 5365 938 5428 potest
963 5357 1081 5428 Spiritus
1098 5374 1121 5413 s.
1140 5356 1284 5409 distribuit
1297 5363 1385 5425 prout
1402 5356 1461 5410 osolt
1485 5363 1505 5413 1.
1515 5356 1636 5413 Corinth.
1653 5362 1691 5423 12,
1709 5372 1734 5408 r.
1752 5359 1791 5408 11.
1892 5350 1898 5363 ’

101 5461 222 5515 capere,
254 5446 356 5515 capim
404 5443 459 5499 Sed
491 5444 566 5516 quod
591 5444 657 5501 iude
687 5450 773 5516 atque
796 5445 859 5501 ideo
881 5461 936 5499 non
962 5443 1060 5517 quodsi
1087 5458 1153 5514 ergo
1179 5441 1228 5496 illa
1249 5442 1428 5512 charismata,
1455 5442 1491 5498 de
1519 5444 1620 5514 quibus
1649 5440 1791 5511 apostolus

101 5549 200 5588 omnes
222 5532 276 5587 hoc
298 5532 412 5588 verbum
439 5533 567 5604 capiant,
596 5530 664 5604 quia
685 5549 742 5587 non
770 5537 814 5589 est
840 5532 936 5587 datum
962 5531 1065 5587 ibidem
1090 5530 1225 5603 loquitur,
1252 5535 1284 5586 ut
1307 5530 1466 5603 prophetia,
1495 5531 1646 5602 sapientia,
1677 5528 1793 5583 scientia

101 5618 250 5691 omuibus,
268 5624 296 5675 et
313 5620 381 5693 quia
398 5618 476 5676 Deus
493 5636 550 5677 non
562 5616 832 5677 mendicantes
848 5619 936 5675 omni·
961 5618 1123 5691 linguarum.
1142 5624 1194 5675 ata
1218 5634 1290 5695 quae
1311 5618 1426 5695 suerum
1446 5617 1581 5674 ecclesiae
1605 5615 1695 5687 magis
1713 5613 1795 5670 utilia
