4020 6022
221 326 283 385 tte
796 314 918 375 LOCUS
936 312 1141 374 vlcusmUs
1160 314 1328 380 QUINTUS

220 473 274 531 hoe
290 490 347 529 uon
372 478 464 545 potest
487 472 619 528 affirmari
639 472 675 527 de
693 471 820 527 omnibus
837 469 1051 535 collateralibus,
1080 470 1181 525 ducere
1208 472 1309 527 sororis
1337 470 1437 541 filiurn,
1468 489 1535 544 ergo
1564 472 1651 529 multo
1677 473 1767 546 msgis
1793 490 1915 531 sororem

221 559 321 615 teddo
341 558 396 613 illis
416 558 564 626 duntaxat,
590 557 637 628 qui
656 576 712 613 uuo
731 565 838 613 tostum
856 558 952 626 produ
968 575 987 609 o
1003 556 1051 611 sti·
1078 558 1178 627 ipsum,
1205 558 1254 613 illa
1278 560 1351 614 enirn
1371 558 1507 621 secundo,
1534 559 1601 614 hsce
1627 560 1716 630 primo
1739 559 1829 629 grsdu
1847 559 1915 615 mihi

217 646 279 717 pits
298 653 361 699 met
379 644 471 714 divid,
488 644 529 698 illi
547 644 619 699 enim
642 644 757 716 reliquis
774 643 950 701 inferioribus
967 644 1233 712 utriulconjuncta

223 748 278 803 que
303 749 337 786 ex
364 729 490 826 opposito
517 730 704 827 exptantibus·
717 738 783 785 sunt
810 730 871 785 loco
898 710 1068 801 parentini
1115 733 1172 785 289.
1207 730 1292 828 Hisce
1322 730 1428 803 regulis
1455 748 1474 786 s
1500 730 1657 830 Chemuicip
1686 732 1827 787 annotetis
1845 731 1913 830 addi
1926 736 1991 839 ἐξίοι

94 896 196 989 gg·
223 816 334 957 tei?
350 832 380 958 i.
398 814 858 971 tibtttttffltt,
882 908 922 955 ,2
941 901 975 955 ,t
988 815 1400 973 ,0.l¹sll¹,ltl;?’,i¹¹t
1418 817 2002 987 :tltttlfflltttg

96 998 153 1041 ntur
161 986 408 1059 propinquitatem
437 986 546 1050 caseis,
574 986 653 1040 illisis
683 988 810 1041 mrdissis
835 989 931 1051 freter
957 985 1056 1056 prohi-
1082 1004 1149 1043 uum
1168 988 1357 1051 asserendum,
1376 989 1421 1045 vel
1440 991 1477 1044 ad
1495 1008 1577 1045 usum
1592 990 1743 1046 earundem
1756 996 1994 1045 memnon-nou·

96 1051 212 1153 ww
226 1074 299 1129 titios
317 1080 358 1127 est
381 1088 460 1127 meos
483 1072 585 1127 sorori
626 1072 710 1128 luno
735 1078 778 1127 est
804 1072 965 1135 manifesta,
991 1071 1056 1142 quia
1082 1073 1148 1128 dum
1165 1073 1272 1145 aliquid
1294 1074 1385 1131 fecere
1409 1082 1532 1146 possunt.
1570 1080 1613 1132 13.
1631 1076 1839 1131 Prohibitiooes
1860 1077 1914 1131 hue
1927 1048 1996 1151 ἓξὲξ

42 1180 45 1185 ·
97 1154 207 1246 ffi'ffl
224 1159 320 1217 eodem
345 1158 448 1231 gradu,
480 1174 535 1229 quo
563 1158 747 1230 propinquum
775 1159 852 1214 illam
869 1158 960 1214 carnis
978 1173 1056 1212 meae
1082 1168 1146 1213 sunt
1162 1161 1333 1215 scismata
1351 1169 1408 1215 uim
1426 1163 1540 1231 objecti,
1564 1171 1623 1217 tum
1641 1164 1775 1231 temporis
1794 1163 1914 1217 rainae.
1927 1154 1965 1204 “¹1

98 1234 182 1297 rrrrus'
223 1246 281 1301 sive
299 1252 446 1317 cognatum
466 1244 620 1315 proximam
637 1245 756 1317 attingo,
772 1246 870 1301 eodem
883 1244 968 1300 etism
981 1243 1055 1297 illius
1084 1243 1327 1303 Universulitstem
1358 1248 1459 1316 objecti
1483 1252 1638 1305 monstrant
1659 1237 1822 1312 seruauere
1837 1238 1914 1313 usit.

97 1307 200 1401 mm
223 1330 310 1387 irater
337 1330 452 1401 attingit
476 1348 565 1385 meam
590 1348 719 1387 sororem.
760 1330 807 1387 Sic
835 1331 901 1402 quis
920 1329 1006 1385 emita
1023 1345 1056 1383 uc
1081 1331 1250 1386 vireirsive
1263 1336 1352 1387 omnis
1365 1335 1419 1397 cir,
1439 1334 1598 1405 quicunque
1616 1335 1659 1403 sit,
1678 1336 1784 1390 siveex
1803 1335 1913 1401 humili,

96 1408 198 1503 wlff·
225 1423 373 1473 matertera
396 1415 559 1487 prohibetur
586 1434 611 1472 v.
643 1422 682 1472 12.
709 1421 749 1473 13.
775 1434 842 1490 crgo
868 1416 951 1472 etiam
979 1431 1057 1471 mese
1083 1417 1141 1472 sive
1157 1434 1190 1472 ex
1207 1417 1295 1473 nobili
1313 1435 1415 1489 genere
1426 1424 1517 1488 natus,
1534 1439 1589 1475 con
1607 1424 1725 1475 accedet
1744 1422 1914 1491 adpropin-

97 1524 162 1555 msn
224 1504 310 1563 sorori
334 1508 450 1575 patruus
476 1507 505 1557 et
528 1501 682 1557 avunculus
709 1502 864 1575 prohibitus
883 1501 1056 1573 intelligitur.
1083 1522 1165 1573 quiam
1185 1506 1281 1558 curnis
1306 1523 1382 1559 socc.
1424 1505 1501 1560 Deus
1524 1507 1597 1561 enim
1619 1522 1675 1561 nou
1699 1514 1742 1562 est
1769 1524 1916 1579 προσωπο-

61 1616 64 1621 -
96 1564 178 1607 '⁰¹⁰¹‘
222 1592 302 1659 lum,
322 1606 392 1659 quas
412 1589 515 1643 mezur
532 1589 602 1643 muts
614 1587 764 1657 prosectu
782 1596 824 1643 os
841 1590 876 1642 os
889 1589 1056 1658 propioqui-
1083 1588 1195 1658 semp,
1220 1589 1269 1660 qui
1295 1591 1364 1645 nie
1383 1591 1459 1663 leget
1477 1592 1734 1662 tricasinensis,
1761 1593 1832 1647 uiso
1849 1595 1915 1649 emi-

222 1685 306 1733 totcm
331 1675 440 1739 cornu,
466 1675 529 1743 ejus
561 1674 687 1728 mulieris
714 1675 832 1728 moritus
856 1675 938 1729 stione
964 1673 1059 1727 sorori
1082 1674 1213 1731 nentioris
1237 1676 1319 1729 sortis
1342 1693 1375 1730 sc
1398 1676 1564 1732 conditionis
1590 1678 1722 1748 personia.
1768 1679 1915 1736 Universa·

221 1778 300 1817 meos
318 1767 358 1815 cst
370 1759 529 1829 prohibitus
535 1783 545 1825 ,·
563 1758 634 1814 ratio
651 1766 706 1829 est,
727 1762 794 1832 quia
812 1778 866 1832 quo
885 1760 975 1829 grudu
993 1777 1056 1815 con·
1083 1759 1187 1815 litatem
1209 1762 1343 1829 temporit
1356 1768 1510 1816 monstrent
1527 1763 1738 1834 redargutiones
1757 1764 1915 1837 illegitimo

221 1845 417 1918 sanguinitatis
444 1844 542 1900 mulier
567 1844 615 1898 illa
639 1862 683 1901 sne
706 1852 735 1900 et
759 1861 881 1900 sororem
905 1862 994 1901 msam
1016 1851 1055 1899 at·
1082 1861 1142 1897 rum
1162 1862 1359 1918 congressuum
1385 1863 1418 1901 ex
1441 1847 1622 1903 fundamento
1647 1848 1745 1904 berum
1773 1850 1868 1922 legum
1886 1850 1915 1905 in

221 1933 318 2005 tingit,
345 1932 441 1987 eodem
465 1931 556 2003 gradu
579 1930 724 1986 affinitatis
753 1932 841 2002 ipsius
865 1932 979 1987 meritus
1006 1949 1056 1985 nos
1082 1929 1115 1985 N.
1133 1930 1165 1984 T.
1186 1932 1290 2001 petitae
1309 1934 1393 1987 Marc.
1416 1939 1441 1999 6,
1458 1952 1484 1990 v.
1501 1940 1539 1989 18.
1562 1940 1584 1989 1.
1598 1933 1659 1990 Cor.
1676 1942 1700 1999 5,
1722 1953 1747 1991 v.
1770 1942 1791 1992 t.
1810 1936 1915 2007 quade

222 2017 348 2091 attingit,
374 2017 478 2089 quippe
506 2034 569 2072 cum
588 2032 644 2088 quo
672 2026 794 2089 cognate
810 2026 905 2073 nostra
921 2017 997 2073 fecta
1013 2024 1056 2073 est
1081 2016 1205 2086 repenle
1225 2026 1289 2088 post
1306 2019 1413 2073 dicetur
1439 2020 1560 2075 uberius.
1601 2019 1704 2075 Errant
1735 2020 1837 2092 igitur,
1867 2023 1914 2093 qui

221 2123 278 2162 una
294 2121 367 2160 curo.
398 2104 446 2159 Sic
463 2103 612 2175 prohibeor
630 2103 734 2159 ducere
751 2106 872 2174 amitem,
891 2122 957 2176 ergo
975 2104 1055 2159 mari·
1081 2101 1246 2172 existimant,
1263 2104 1309 2160 vel
1327 2106 1361 2159 ot
1379 2106 1491 2174 pencris
1508 2106 1695 2171 nobilitatem,
1714 2108 1759 2163 vel
1778 2108 1811 2161 ot
1831 2110 1868 2163 N.
1882 2110 1913 2163 Τ.

220 2198 266 2247 tus
285 2192 386 2247 amitae
405 2206 483 2245 mese
500 2189 663 2260 prohibetur
690 2190 792 2246 ducere
816 2207 905 2245 meum
922 2207 1056 2256 sororem,
1079 2188 1238 2243 libertatem
1265 2190 1321 2245 sibi
1340 2190 1423 2247 licere
1440 2191 1615 2246 matrimonio
1633 2191 1688 2246 illis
1703 2192 1801 2264 jungi,
1820 2211 1838 2248 s
1853 2194 1913 2267 qui·

221 2276 369 2349 prohibeor
422 2277 523 2332 ducere
571 2280 769 2345 materteram,
824 2293 891 2348 ergo
939 2276 1054 2330 maritus
1080 2274 1133 2329 bus
1161 2292 1210 2345 per
1228 2275 1350 2331 divinam
1379 2275 1593 2348 prohibitionem
1620 2277 1673 2333 hoc
1697 2278 1759 2334 loco
1775 2287 1912 2337 arcentur.

221 2380 300 2419 meae
336 2368 500 2419 meterteme
540 2360 702 2432 prohibetur
744 2362 845 2419 ducere
888 2378 977 2417 rusam
1013 2380 1055 2417 so·
1082 2365 1123 2414 14.
1146 2361 1201 2425 Qui
1226 2365 1335 2431 possim
1359 2365 1498 2433 prohibiti
1523 2373 1586 2418 mut
1614 2365 1644 2418 ic
1663 2366 1914 2436 consanguinitate,

221 2466 319 2505 mrem,
883 2446 886 2451 ’
1081 2447 1168 2501 iiclcm
1186 2448 1269 2502 dium
1282 2450 1424 2518 prohibiti
1441 2458 1507 2503 suut
1524 2451 1554 2503 iu
1572 2450 1715 2519 affinitate
1735 2451 1827 2522 (primi
1840 2452 1913 2507 soili-

95 2537 127 2582 ¹ll
143 2536 187 2579 0¹¹
257 2541 316 2592 287.
355 2538 396 2591 10.
417 2534 472 2589 Orsi
488 2550 550 2588 meo
573 2552 645 2589 uuor
662 2536 773 2589 ratione
789 2534 943 2599 affinitatis
955 2534 1055 2603 proli·
1081 2539 1126 2587 eet
1145 2533 1254 2604 generis
1269 2542 1296 2589 et
1314 2536 1423 2605 proprie
1440 2536 1481 2590 sic
1500 2536 1599 2607 dicta);
1618 2536 1689 2592 ratio
1705 2538 1810 2609 pendet
1825 2555 1859 2595 ex
1872 2556 1913 2607 so,

94 2597 211 2691 iris?
223 2622 282 2676 sua
301 2629 348 2690 es,
368 2620 449 2675 trite
473 2638 545 2675 utor
565 2621 650 2675 eum
675 2620 744 2674 mes
758 2619 903 2689 prosecta
924 2620 1055 2687 intctlipt·
1081 2618 1148 2689 qun
1166 2620 1282 2675 morsus
1299 2628 1327 2675 et
1344 2639 1411 2676 uxor
1430 2629 1495 2676 suns
1514 2640 1573 2675 une
1590 2640 1672 2688 aare,
1692 2639 1710 2678 a
1728 2624 1830 2695 quibus
1847 2641 1913 2697 ergo

94 2693 159 2785 affl,
222 2714 276 2771 tor,
293 2712 322 2761 et
340 2705 474 2774 vicissim,
493 2707 573 2775 eujus
597 2723 668 2760 istor
688 2706 760 2759 milti
771 2705 919 2775 prohibita
937 2714 990 2774 cst,
1010 2704 1056 2758 illi
1081 2703 1190 2759 feminis
1216 2704 1355 2763 abstinere
1383 2723 1469 2779 cogor
1500 2706 1535 2762 ob
1562 2709 1844 2777 consempiternus,
1876 2710 1913 2766 ab

94 2806 153 2837 Μ
222 2792 304 2847 edom
329 2810 391 2847 msa
416 2809 489 2847 uuor
517 2800 559 2849 est
586 2793 740 2865 prohibita.
785 2791 868 2847 Ratio
895 2792 1055 2864 pendetur
1081 2788 1205 2859 ejusdcm
1222 2791 1327 2863 gradus
1345 2792 1474 2846 musculis
1486 2807 1555 2846 uxor
1572 2809 1635 2847 mes
1653 2793 1762 2865 cogitur
1774 2795 1912 2851 abstinere

94 2848 209 2949 {ffffiw
221 2878 413 2953 prohibitionis
432 2878 650 2950 reciprocatione
668 2886 696 2934 et
714 2878 853 2950 graduum
876 2878 1053 2950 sequslitste
1080 2874 1115 2930 ob
1144 2878 1321 2941 affinitatem.
1367 2877 1413 2933 Sic
1446 2880 1512 2949 quis
1535 2894 1590 2933 non
1620 2879 1684 2933 licet
1716 2879 1783 2935 mihi
1811 2880 1912 2937 ducere

95 2948 175 2992 ΝΜ*
222 2966 268 3024 sic
291 2966 358 3038 quia
380 2965 508 3038 privigno
531 2982 650 3020 noverca
671 2968 714 3021 est
737 2964 878 3036 prohibita
902 2982 927 3021 v.
946 2972 970 3021 8.
990 2965 1053 3021 ideo
1080 2961 1210 3032 cursitem,
1240 2964 1302 3018 ideo
1332 2965 1410 3019 uxori
1441 2980 1519 3019 meae
1548 2981 1605 3019 non
1630 2964 1696 3019 licet
1721 2966 1827 3023 nubere
1851 2984 1912 3024 meo

222 3052 305 3110 etiarn
323 3052 445 3125 privigni
460 3069 528 3108 uxor
541 3051 639 3106 vitrico
652 3058 694 3107 est
707 3050 863 3123 prohibita,
881 3052 947 3122 quis
958 3068 1053 3107 socero
1079 3053 1194 3118 putruo3
1228 3050 1294 3120 quia
1321 3038 1376 3105 non
1404 3050 1468 3105 licet
1498 3049 1566 3105 mihi
1595 3049 1696 3107 ducere
1726 3060 1914 3121 triatertsrcm,

103 3138 151 3181 Π·
163 3134 383 3211 ²⁷⁴·prohibstur
399 3155 486 3193 nurus
509 3155 535 3190 v.
555 3143 594 3193 tt.
619 3154 686 3208 ergo
706 3137 789 3193 etism
807 3154 909 3209 genero
926 3134 1054 3208 prohibe·
1080 3150 1146 3205 ergo
1167 3135 1250 3189 etiem
1268 3136 1347 3190 uxori
1367 3152 1444 3191 mese
1462 3153 1518 3190 uon
1538 3136 1603 3191 licet
1620 3136 1723 3193 nubere
1747 3156 1809 3195 meo
1827 3154 1913 3195 suun·

222 3232 267 3282 tur
284 3242 387 3279 socrus.
423 3223 495 3279 Item
514 3222 607 3277 fratris
621 3222 679 3279 filio
696 3222 858 3293 prohibetur
876 3240 944 3278 uror
961 3224 1054 3294 patrui
1080 3219 1150 3275 culo.
1192 3220 1346 3276 Deducitur
1372 3221 1442 3277 haec
1462 3222 1560 3293 regule
1589 3239 1622 3276 er
1649 3222 1716 3279 Lev.
1738 3230 1785 3290 18,
1809 3244 1835 3281 v.
1866 3233 1911 3283 tt:

222 3329 247 3366 v.
269 3317 307 3368 14.
325 3326 392 3380 ergo
411 3307 533 3363 vicissim
552 3314 652 3379 patruo
670 3308 833 3379 prohibetur
843 3325 912 3363 uxor
929 3309 979 3364 tilii
997 3311 1053 3366 irs-
1080 3307 1248 3360 Nuditatcm
1270 3309 1374 3376 patrui
1402 3309 1445 3361 toi
1469 3326 1525 3361 non
1549 3310 1701 3374 resciatis,
1732 3313 1773 3364 orl
1800 3330 1913 3368 visorem

221 3397 281 3453 tris.
318 3395 425 3451 Vitrico
442 3392 604 3465 prohibetur
620 3395 765 3465 privigne,
783 3412 849 3465 ergo
864 3395 979 3450 maritus
998 3396 1053 3466 pri·
1080 3394 1141 3461 ejus
1162 3410 1217 3446 oon
1233 3394 1363 3459 accedes,
1380 3394 1442 3459 uin
1466 3384 1579 3471 ηηἹῆπ,
1598 3395 1685 3449 amita
1712 3404 1762 3450 tua
1782 3399 1861 3469 ipso,
1884 3400 1914 3455 id

219 3484 321 3556 signas
338 3478 499 3553 prohibetur
517 3496 660 3539 novercae.
1081 3485 1123 3534 est
1142 3494 1204 3532 cum
1229 3478 1266 3533 sit
1287 3480 1378 3549 patrui
1397 3481 1437 3535 tui
1461 3497 1530 3536 uxor
1548 3487 1577 3536 et
1601 3498 1657 3535 une
1675 3498 1740 3537 curo
1762 3500 1826 3539 cum
1845 3485 1914 3557 ipso,

93 3562 126 3607 ¹¹·
142 3564 192 3616 0¹¹⁸
257 3574 315 3627 288,
351 3570 392 3623 11.
426 3567 488 3630 Qua
517 3566 628 3620 ratione
661 3574 686 3620 ct
717 3584 750 3621 ec
786 3584 838 3637 quo
865 3568 1052 3631 susrdomcuto
1080 3563 1142 3619 ideo
1161 3563 1271 3618 esttibi
1289 3565 1349 3620 loco
1366 3566 1484 3637 emitae,
1509 3583 1561 3622 nec
1591 3566 1680 3622 minus
1707 3568 1743 3624 ab
1762 3584 1796 3623 ea
1829 3587 1914 3641 quarn

93 3617 208 3709 ‘nisiae
218 3660 313 3725 frates
330 3662 358 3709 tt
379 3670 461 3708 soror
478 3653 536 3707 sios
548 3653 652 3725 patris,
679 3653 737 3707 sice
760 3654 858 3707 matris
879 3655 1052 3722 prohibetur,
1080 3649 1116 3703 ab
1142 3649 1227 3704 amita
1249 3655 1298 3705 tua
1322 3651 1461 3707 abstinere
1487 3652 1579 3708 debes.
1630 3656 1671 3705 li.
1697 3654 1735 3707 Iit
1757 3655 1835 3710 licitu
1854 3666 1914 3712 tam

93 3728 165 3823 ἓξὲξ,
221 3747 317 3800 eadsm
340 3741 453 3795 rutiouc
471 3740 520 3794 eoi
544 3748 571 3794 ct
594 3740 675 3793 ocius
693 3741 788 3803 frater
810 3746 836 3793 ct
853 3757 936 3793 soror
954 3741 1052 3809 prom.
1079 3744 1171 3799 reeta,
1202 3755 1288 3807 psam
1315 3738 1430 3807 obliquo
1456 3740 1534 3807 guod
1560 3739 1683 3793 coinon
1703 3739 1783 3809 licet,
1808 3740 1841 3795 id
1863 3762 1913 3798 osc

92 3822 174 3915 ffl-
221 3832 282 3885 aare·
296 3827 480 3896 intingitur,
503 3826 574 3880 rstio
597 3825 702 3897 pendet
720 3842 753 3881 ex
772 3842 824 3888 co,
845 3826 919 3896 quod
937 3826 977 3880 illi
996 3827 1053 3883 sint
1079 3823 1165 3876 alteri
1182 3823 1249 3878 licet
1274 3824 1432 3895 ospitaliter
1456 3842 1474 3877 a
1497 3824 1592 3894 stipite
1618 3825 1745 3881 distanti.
1781 3826 1828 3882 Sic
1846 3830 1913 3901 quia

95 3901 174 3965 sassi·
221 3916 275 3973 sibi
292 3916 353 3970 loco
368 3918 515 3985 parentum
539 3917 567 3967 st
584 3912 709 3967 tiliorum.
755 3911 872 3977 Quando
890 3912 962 3967 enim
979 3912 1051 3968 duse
1079 3906 1145 3962 mihi
1162 3924 1218 3963 non
1238 3907 1304 3964 licet
1322 3909 1424 3965 ducere
1442 3916 1566 3979 matrem,
1585 3928 1651 3981 ergo
1664 3928 1716 3967 nec
1728 3912 1816 3967 sorori
1833 3932 1912 3972 meae

93 3976 209 4069 :fffflss'
221 4004 266 4061 vel
282 4002 376 4074 plures
393 4016 528 4071 personae
546 4017 578 4055 er
596 4000 693 4056 eedem
711 4016 793 4054 enne
812 3999 934 4070 proxime
946 3999 1052 4071 ubsque
1078 3994 1144 4050 licet
1160 3994 1264 4051 nubere
1280 3995 1368 4066 putri,
1391 3998 1457 4068 quia
1473 3996 1540 4051 mihi
1564 4014 1620 4052 nou
1639 3998 1704 4053 licet
1723 3999 1824 4055 ducere
1842 4004 1912 4057 asni-
1924 4010 1965 4053 xv.

92 4080 199 4173 mne..
221 4087 368 4145 intervfflo
382 4103 431 4143 seu
449 4086 535 4141 limite
552 4090 890 4157 esmvusopropagotue
907 4091 981 4150 sunt,
996 4102 1052 4156 qus
1076 4086 1149 4151 tam,
1180 4097 1247 4153 ergo
1276 4098 1328 4137 nec
1353 4083 1440 4138 sorori
1470 4099 1548 4139 meas
1575 4083 1641 4139 licet
1669 4083 1775 4140 nubere
1800 4094 1910 4159 petuo·

129 4158 138 4175 ‘
220 4175 393 4232 rstioneuna
406 4188 523 4244 persons
543 4171 711 4242 prohibetur,
729 4170 824 4226 sedern
843 4170 950 4227 ratione
967 4172 1050 4226 etiam
1077 4165 1194 4221 Duobus
1216 4165 1349 4221 fratribus
1380 4185 1435 4221 non
1463 4168 1529 4224 licet
1552 4186 1636 4224 unum
1661 4186 1774 4225 uxorem
1801 4173 1912 4245 ducere,

220 4262 344 4332 reliquae
372 4257 530 4330 prohibitae
562 4257 768 4329 intelliguntur,
805 4260 838 4309 ut
875 4256 966 4328 neptis
996 4275 1050 4312 non
1077 4269 1143 4323 ergo
1168 4252 1277 4307 duabus
1304 4252 1442 4308 sororibus
1465 4271 1519 4308 non
1549 4254 1615 4309 licet
1630 4256 1678 4311 uni
1696 4258 1796 4313 marito
1815 4276 1913 4317 conso·

220 4352 312 4419 potest
329 4343 434 4399 nubere
451 4360 517 4412 svo,
541 4358 607 4413 ergo
634 4359 686 4398 nec
712 4341 791 4397 fratri
808 4342 852 4396 avi
873 4341 931 4398 sive
951 4348 1051 4413 patruo
1078 4338 1152 4394 cieri.
1184 4341 1226 4391 16.
1247 4338 1429 4408 Cogitationis
1445 4340 1522 4394 ratio
1541 4351 1583 4395 est
1604 4344 1709 4408 eadem,
1729 4344 1788 4397 sios
1808 4362 1841 4399 sc
1858 4366 1911 4419 pa-

220 4449 329 4505 magno,
347 4431 414 4503 quie
430 4435 473 4485 est
491 4428 530 4483 illi
551 4429 612 4484 loco
631 4428 692 4492 svi;
712 4444 797 4499 nepos
815 4446 871 4484 nou
893 4434 984 4499 potest
1002 4428 1050 4483 du·
1078 4434 1168 4491 terno,
1186 4426 1244 4479 sice
1262 4441 1294 4478 cc
1311 4432 1440 4479 matema
1461 4426 1536 4479 litteo
1558 4429 1717 4493 docendos,
1737 4446 1800 4485 cum
1817 4434 1909 4504 proxi·

220 4536 283 4575 cere
305 4518 411 4585 aviam,
436 4532 502 4587 ergo
528 4531 580 4571 nec
600 4516 678 4571 uriae
705 4532 825 4571 sororem
851 4514 910 4571 sive
938 4515 1051 4571 amitam
1078 4512 1160 4567 mites
1188 4509 1361 4584 cognationis
1391 4512 1540 4583 naturalis,
1577 4531 1634 4569 non
1663 4532 1728 4572 vero
1762 4518 1851 4573 civilis
1882 4526 1912 4575 et

93 4610 126 4655 12
139 4612 208 4655 stro-
222 4614 364 4677 magnum
387 4601 453 4674 quia
475 4606 516 4657 est
537 4600 577 4656 illi
600 4601 661 4657 loco
684 4602 772 4657 aviae
812 4604 854 4657 12.
876 4603 1006 4670 Denique
1025 4604 1053 4657 si
1077 4597 1191 4668 politice
1215 4597 1309 4668 alique
1332 4596 1402 4651 rstio
1423 4598 1495 4654 inter
1516 4606 1634 4671 agnatos
1660 4606 1689 4655 et
1711 4610 1847 4675 cognatos
1864 4606 1910 4661 hio

93 4664 178 4767 m:
220 4692 354 4745 remotior
370 4692 478 4760 padus
492 4688 668 4758 prohibetur,
691 4689 776 4744 stulto
798 4688 890 4758 mopis
914 4689 977 4757 iile,
1002 4662 1065 4759 qui¹
1077 4696 1127 4755 pro
1144 4684 1325 4739 fundamento
1339 4693 1466 4754 ponatur.
1503 4686 1550 4743 Sic
1578 4704 1633 4741 non
1650 4688 1740 4743 minus
1759 4690 1910 4761 prohibeor

94 4768 171 4860 3:222·
217 4777 339 4849 propior
357 4784 405 4845 est,
420 4775 579 4844 prohibitos
597 4775 774 4844 intellipitos.
803 4774 886 4829 Ratio
904 4781 947 4829 cst
965 4774 1051 4829 meni-
1077 4788 1095 4825 s
1128 4769 1259 4843 conjugio
1286 4774 1451 4826 materterae
1482 4788 1565 4845 quam
1589 4790 1607 4828 a
1638 4775 1771 4846 conjugio
1798 4776 1910 4846 unitus,
1963 4768 1966 4774 ’

93 4846 166 4911 nursi
219 4860 685 4933 festu,quieprohibitiornajorest,
699 4859 1050 4931 ubipropinquitatmssjffls
1077 4856 1202 4926 ‘lllssmlifl
1233 4854 1282 4910 5¹1⁸
1306 4855 1343 4909 ⁸it
1368 4858 1471 4927 illimis
1500 4858 1569 4914 ¹¹⁸0ss
1598 4876 1662 4914 “³¹⁰
1692 4861 1789 4916 Μὴ
1819 4879 1909 4933 θθῐθῐὶ

93 4923 189 5025 ,ww
222 4949 326 5021 quippe
344 4963 416 5017 quae
439 4952 481 5003 est
502 4948 587 5003 unice
609 4947 801 5018 prohibitionis
818 4962 910 5001 cause
948 4945 1003 5002 Sed
1022 4946 1051 5000 in
1076 4941 1165 5011 neptis
1182 4957 1237 4995 non
1255 4941 1344 4996 minus
1363 4942 1524 5013 prohibetur
1540 4960 1558 4998 a
1576 4944 1705 5016 conjugio
1723 4946 1769 5001 uvi
1784 4950 1908 5019 materni,

93 5024 167 5075 quor.
221 5035 311 5108 ,ndu
342 5032 537 5103 propinquiore
564 5040 606 5089 est
632 5035 721 5105 major
749 5031 957 5103 propinquitas,
984 5048 1064 5103 ergo-
1077 5042 1160 5097 quam
1177 5026 1301 5098 paterni,
1326 5028 1452 5099 quumvis
1476 5028 1547 5086 euim
1574 5036 1706 5099 pateruae
1733 5034 1908 5104 cognationis

221 5120 304 5177 etium
323 5119 410 5190 mejor
427 5118 584 5191 prohibitio.
621 5117 786 5175 Ambrosius
810 5116 888 5188 epist.
912 5122 974 5171 leo:
997 5098 1064 5197 Qui,
1077 5111 1149 5166 lines
1175 5112 1211 5167 sit
1235 5111 1359 5185 dignior,
1386 5120 1479 5169 mmeu
1503 5115 1750 5187 consanguinitatis
1780 5128 1908 5192 respectu

221 5206 326 5260 leuiora
343 5206 508 5273 adstriepit,
535 5205 671 5275 praviora
691 5222 748 5257 pon
764 5202 855 5269 solvit,
871 5203 922 5256 scd
939 5202 1050 5273 oilipat,
1076 5214 1131 5251 non
1151 5204 1192 5252 cst
1214 5206 1338 5255 materno
1360 5200 1553 5271 propinquior,
1581 5202 1654 5256 unde
1677 5202 1793 5274 vulgata
1819 5208 1907 5263 versio

220 5288 267 5347 sic
285 5296 350 5362 quis
366 5309 434 5345 ociis
452 5307 508 5345 non
526 5295 618 5361 potest
637 5290 740 5346 ducere
760 5296 869 5358 neptem
886 5305 913 5345 v.
928 5294 968 5343 lo.
982 5304 1049 5360 ergo
1076 5284 1165 5341 Levit.
1185 5288 1226 5350 lt,
1245 5302 1271 5342 v.
1292 5292 1334 5344 20.
1353 5294 1453 5358 pstruo
1465 5285 1568 5356 adjecit
1586 5289 1761 5359 cresconium,
1777 5294 1859 5363 cujus
1878 5294 1906 5349 in

218 5376 306 5432 multo
323 5377 413 5432 minns
439 5382 519 5446 pater
539 5375 640 5446 poterit
665 5375 767 5430 duoers
783 5372 882 5439 liliem3
913 5373 977 5445 quis
994 5374 1049 5430 ira·
1060 5348 1062 5381 Ι
1075 5375 1153 5427 textu
1169 5371 1299 5429 Hebreeo
1317 5390 1372 5429 non
1391 5374 1424 5429 fit
1442 5388 1570 5443 cupressu
1588 5376 1705 5445 mentio,
1723 5376 1791 5448 quis
1808 5381 1905 5435 eodem

218 5463 269 5517 tris
299 5463 371 5519 lilius
402 5477 458 5517 non
477 5465 571 5533 potest
598 5462 702 5517 ducere
725 5460 851 5529 smitam,
874 5476 941 5532 ergo
963 5452 1163 5531 multofigradu
1179 5458 1446 5514 avunculussororis
1463 5458 1520 5514 tilio
1533 5462 1705 5535 conjunctus,
1721 5474 1905 5536 quopotruns

219 5548 310 5603 muns
346 5546 447 5601 ducere
483 5544 585 5617 poterit
620 5560 756 5615 sororem,
794 5544 861 5617 quis
901 5545 1047 5617 prohibeor
1073 5544 1130 5600 filio
1143 5544 1246 5611 fratris,
1264 5544 1330 5599 licet
1346 5544 1396 5600 illa
1413 5545 1657 5619 propinquitates
1674 5548 1747 5607 linos
1762 5554 1903 5624 cognitio
