4020 6022
217 364 278 422 406
794 352 916 412 Locus
933 351 1138 412 monemus
1156 352 1325 421 QUINTUS

219 511 267 567 sed
295 510 377 566 edam
399 508 454 563 alia
478 506 595 578 delicta,
618 524 690 580 quae
717 525 810 565 coram
828 508 890 565 Deo
910 508 1048 566 habentur
1074 508 1145 563 α’πιο
1158 509 1369 565 insatiabilitatis
1387 508 1464 563 ratic
1477 507 1548 577 ipsis
1562 506 1644 572 desi,
1657 507 1828 577 posteriora
1846 521 1908 560 aero

217 615 269 668 pro
286 594 431 662 adulterio,
449 598 483 649 ut
501 593 666 665 idololatria,
686 611 758 666 quae
775 600 819 652 est
828 596 980 668 spiritualis
992 596 1046 653 ior·
1073 595 1130 649 aiat
1152 605 1341 661 sacramenta,
1366 613 1401 651 ac
1422 595 1547 665 proinde
1570 594 1713 665 duplicem
1729 593 1854 648 babeant
1869 593 1908 647 ia·

217 682 326 751 nicetio,
347 687 375 736 et
393 680 535 752 quaelibet
554 685 650 738 contra
663 681 858 738 conscientiam
871 682 1047 754 delictagra·
1073 681 1256 738 solabiitatir
1279 683 1425 738 rationem.
1461 680 1517 737 Sed
1541 680 1610 736 haec
1633 679 1795 736 conciliatio
1815 679 1909 735 nititur

217 770 307 833 viora,
325 767 439 823 infinitis
456 767 580 839 repudiis
595 767 673 824 locus
690 768 809 825 dabitur.
848 776 871 824 7.
887 768 952 825 Alia
963 785 1046 842 quae·
1071 766 1142 822 falsa
1164 768 1325 840 hypothesi,
1347 769 1422 841 quod
1450 766 1604 823 infidelium
1623 766 1760 838 conjugia
1788 766 1856 821 inde
1870 774 1907 820 at·

217 855 281 910 dam
307 854 423 911 crimina
448 871 508 909 esse
534 855 672 910 adulterio
696 855 824 927 aequalia
848 856 893 911 vel
910 855 1045 927 graviora,
1072 870 1127 925 que
1149 855 1213 911 ideo
1235 855 1306 912 solvi
1326 853 1433 927 possint
1455 856 1553 926 qrcoad
1579 854 1738 918 amasiam,
1764 853 1834 925 quia
1856 867 1908 907 non

218 941 322 1012 duplici
341 941 424 996 modo
442 940 560 1013 intelligi
579 946 685 1013 potest,
709 940 754 997 vel
771 949 898 1011 respecta
913 941 985 1011 lepis
1003 940 1046 994 di·
1073 940 1129 994 sint
1145 948 1327 1005 sacramenta,
1346 957 1402 1012 qna
1421 941 1498 996 dere
1509 957 1559 996 suo
1570 940 1632 996 loeo
1646 939 1766 1011 plenius.
1798 945 1824 996 2.
1837 938 1910 993 Huic

214 1028 308 1095 cimae,
332 1044 395 1082 cum
412 1029 492 1098 cujus
510 1044 607 1082 norma
620 1034 649 1082 et
664 1027 762 1099 regula
781 1031 922 1098 pugnant3
939 1024 984 1081 vel
1002 1040 1045 1078 re·
1073 1027 1259 1083 conciliationi
1284 1026 1369 1083 affine
1387 1033 1429 1083 est
1448 1026 1532 1096 illud,
1559 1026 1769 1098 quodquidam
1791 1032 1910 1095 arant

214 1121 311 1183 specta
339 1114 478 1181 conjapii,
510 1115 590 1185 cujus
619 1113 759 1168 vinculum
785 1112 913 1169 dirimere
936 1110 1046 1168 debent
1074 1112 1213 1169 Cirietrsm
1240 1117 1276 1168 de
1303 1114 1444 1184 corqiapiis
1461 1115 1652 1178 Jadaeomm,
1685 1113 1739 1167 bac
1768 1122 1813 1168 est
1840 1113 1911 1166 inter

85 1198 143 1240 ΧΉ·
158 1196 245 1256 ¹⁸¹·Si
271 1199 357 1271 priori
383 1199 465 1254 modo
495 1200 649 1271 aequalitas
677 1204 706 1255 et
732 1199 855 1271 gravitas
882 1198 1045 1253 delictemm
1066 1200 1184 1267 fidelem
1201 1208 1346 1272 atramque
1357 1216 1510 1273 personam
1528 1199 1688 1268 coracesia,
1704 1201 1909 1267 interrcpataaa

214 1287 390 1356 aestimatur,
417 1302 565 1358 negamus,
595 1304 655 1342 eam
684 1286 729 1341 bic
755 1304 815 1343 esse
842 1284 1046 1351 attendendam,
1072 1288 1109 1340 dc
1136 1286 1236 1341 iisdem
1260 1287 1454 1356 respondisse,
1480 1303 1568 1355 aeque
1593 1286 1686 1356 ἐμίαν
1713 1301 1854 1356 responso
1875 1284 1911 1338 ab

215 1373 281 1446 quia
307 1374 343 1429 de
368 1373 505 1446 gravitate
532 1374 641 1444 peccati
660 1379 798 1445 ⁴respectu
824 1374 861 1428 ad
885 1371 1046 1444 conjugium
1073 1373 1202 1442 apostolo
1229 1372 1383 1443 qaidqaam
1406 1390 1465 1427 csse
1488 1373 1632 1438 additam,
1660 1373 1696 1426 de
1718 1373 1830 1443 airapari
1848 1388 1911 1426 sero

214 1460 308 1515 habito
326 1460 406 1515 unice
423 1460 468 1513 bic
488 1459 588 1531 agitur.
633 1458 663 1515 Si
682 1458 825 1530 posteriori
842 1459 923 1514 modo
945 1473 1046 1528 aequa·
1072 1460 1203 1531 ccajapio
1237 1458 1377 1515 θίιτίοίαπο
1403 1477 1454 1515 acc
1479 1461 1682 1530 interropatam
1711 1475 1793 1528 eece,
1822 1474 1910 1527 aeque

214 1546 277 1601 litas
295 1550 323 1603 et
342 1548 464 1619 maritas
483 1546 650 1618 flagitiorum
668 1547 842 1617 aestimatur,
862 1545 1046 1612 concedimus,
1073 1548 1227 1617 ρπίάρποπ
1246 1548 1378 1616 profecto
1404 1547 1592 1616 respondisse.
1636 1545 1712 1600 Besa
1737 1544 1777 1600 de
1803 1561 1862 1615 rep.
1885 1550 1912 1599 a

214 1639 325 1704 propter
347 1633 463 1688 crimina
487 1632 623 1689 adulterio
648 1632 692 1690 rel
710 1633 839 1705 aequalia
857 1633 901 1688 vel
920 1631 1047 1704 graviora
1073 1632 1171 1689 divort.
1189 1650 1254 1705 pag.
1275 1639 1332 1690 190.
1353 1633 1482 1689 Bneanua
1500 1632 1568 1687 loco.
1592 1636 1632 1689 lt.
1652 1647 1720 1702 pag.
1735 1635 1796 1688 tta
1825 1628 1913 1700 Atqui

213 1719 319 1775 licitum
339 1736 400 1776 csse
417 1719 578 1790 divortium,
615 1725 711 1790 utpote
733 1718 769 1775 ob
787 1719 936 1784 incestum,
967 1717 1046 1774 roda
1073 1737 1129 1775 non
1152 1719 1240 1775 solnm
1259 1719 1289 1776 in
1306 1719 1436 1791 conjugio
1456 1718 1576 1790 impari,
1602 1717 1695 1772 idest
1711 1716 1787 1772 inter
1803 1715 1912 1772 fidelem

214 1805 305 1877 miam,
323 1806 526 1862 bestialitatem.
560 1811 584 1862 8.
603 1805 690 1877 Syrus
706 1812 812 1862 textum
829 1805 965 1862 Matthaei
985 1821 1008 1859 c.
1021 1810 1045 1868 b,
1074 1812 1103 1860 et
1129 1805 1269 1862 infidelem
1294 1811 1450 1869 contracto,
1471 1805 1520 1860 sed
1539 1804 1624 1860 etlam
1638 1804 1666 1858 in
1686 1803 1823 1876 conjugio
1835 1804 1912 1873 pari,

214 1911 237 1949 v.
254 1898 296 1949 ³2.
314 1892 443 1962 reddidit,
464 1893 600 1967 Νηψζῃ
615 1878 707 1968 Νῃξῖρ
723 1893 762 1964 W.
777 1876 838 1968 Ἶὲξ
859 1899 971 1963 eccepto
989 1905 1044 1943 cer-
1073 1892 1159 1948 idest
1177 1893 1250 1949 inter
1266 1907 1398 1963 personas
1414 1890 1512 1947 fideles
1527 1895 1669 1945 conuecto
1687 1888 1725 1944 ob
1745 1882 1912 1945 malitiosam

213 1997 293 2035 morae
318 1980 520 2044 fornicationis
543 1980 587 2035 aei
604 1988 683 2035 eatra
699 1980 904 2034 remeassem
919 1976 1045 2042 fornica·
1074 1979 1256 2036 desertionem
1274 1978 1349 2051 psrti
1364 1977 1506 2034 innocenti
1522 1992 1608 2033 novas
1627 1974 1741 2046 nuptias
1760 1976 1912 2033 comoda.

214 2068 304 2138 tiom‘s,
329 2068 409 2138 cujas
432 2065 562 2136 phrateos
585 2083 681 2121 sensus
704 2064 876 2122 manifestim
900 2062 1047 2134 exponitm
1074 2066 1124 2122 das
1141 2082 1210 2136 esse,
1228 2082 1278 2120 suo
1292 2065 1354 2121 loco
1366 2063 1622 2132 demonstrabimus,
1641 2061 1789 2119 etcbristi
1801 2079 1910 2134 respun-

213 2167 274 2223 cap.
297 2158 343 2221 ta,
368 2170 393 2208 r.
416 2158 444 2208 9:
470 2153 525 2216 aa
542 2152 682 2207 dimiserat
702 2167 817 2207 acorem
841 2150 930 2226 ΝΤξὲ
959 2130 1046 2223 ΝξἹ,
1074 2169 1143 2222 sum,
1169 2152 1244 2225 qaod
1261 2169 1317 2207 non
1335 2151 1373 2206 ait
1390 2150 1549 2207 iaciendum
1568 2149 1717 2206 divortium
1732 2149 1789 2205 nisi
1806 2149 1844 2205 ob
1858 2148 1912 2205 for·

214 2256 286 2308 qaae
312 2256 369 2293 ποπ
395 2239 532 2293 commisit
557 2239 737 2294 adalta-iam.
780 2244 805 2295 9.
828 2237 957 2308 Denique
983 2252 1045 2292 con·
1074 2239 1241 2296 nicationem
1264 2254 1320 2295 non
1336 2238 1507 2295 iudaeorum
1529 2242 1655 2307 tantum,
1679 2236 1730 2293 sed
1755 2236 1786 2291 in
1810 2253 1911 2310 genes

211 2326 366 2397 junguntur
385 2324 581 2397 explicationes
605 2330 742 2391 veterum,
775 2324 923 2395 inquibus
943 2324 1048 2379 solaet
1074 2326 1165 2383 omnia
1183 2333 1244 2382 rata
1261 2333 1290 2381 et
1308 2341 1375 2381 vera
1393 2323 1525 2396 conjugia
1541 2323 1689 2381 concernit
1722 2322 1910 2394 &Caietanna

215 2412 298 2468 unica
312 2412 423 2467 divortii
444 2429 528 2469 causa
544 2413 676 2468 statuitur
693 2411 867 2479 adulterium,
888 2411 985 2482 sicque
997 2425 1048 2480 per
1073 2414 1102 2469 in
1119 2419 1264 2469 comment
1285 2418 1307 2468 l.
1323 2410 1386 2469 Cor.
1402 2417 1424 2466 ¹1.
1452 2410 1609 2482 respondet,
1638 2410 1783 2469 Obriatam
1798 2398 1948 2467 demun

215 2494 298 2569 λόγον
314 2505 447 2571 πορνείας
464 2499 532 2554 nihil
550 2499 626 2555 aliud
646 2516 729 2570 quem
741 2502 876 2568 πορνείαν
890 2496 1047 2567 intelligen·
1074 2501 1229 2556 libertatem
1246 2498 1314 2555 solie
1332 2499 1403 2552 sirie
1420 2497 1583 2553 dimittendi
1600 2514 1687 2551 casm
1703 2496 1910 2564 fornicationis

215 2587 279 2640 dam
296 2602 355 2641 esse
372 2585 608 2658 praesupponitur.
643 2585 716 2641 Vide
732 2583 861 2655 praeced.
879 2582 992 2639 membr.
1014 2588 1037 2639 1.
1072 2605 1185 2657 morea,
1203 2604 1259 2641 moa
1278 2572 1375 2641 uatem¹
1386 2586 1520 2641 aacribae
1537 2583 1698 2639 dimittendi
1714 2584 1810 2653 πίνοις
1834 2584 1909 2639 Paa-

250 2678 309 2728 bo't.
346 2675 373 2729 3.
391 2675 438 2727 Ea
455 2672 628 2742 apostoticae
645 2670 804 2726 additionis
822 2670 963 2725 ciare'tate.
992 2668 1046 2724 Di·
1074 2675 1132 2729 lam
1162 2681 1254 2729 uatem
1280 2673 1403 2728 locatam
1427 2688 1484 2728 esee
1506 2673 1542 2725 de
1564 2688 1662 2740 caasa,
1679 2686 1755 2740 qaas
1775 2669 1813 2725 ait
1839 2687 1909 2727 aa*

214 2777 265 2812 aas
288 2759 432 2829 apostolae
458 2774 561 2812 caasae
584 2757 702 2812 divortii
722 2773 742 2810 a
765 2756 877 2811 Obristo
895 2763 1047 2826 'capream
1074 2762 1248 2816 maar'e-airo
1266 2767 1292 2814 et
1312 2760 1412 2829 acori,
1434 2767 1460 2813 et
1477 2759 1550 2813 bare
1573 2773 1632 2813 esee
1648 2756 1772 2812 adarim
1799 2772 1910 2811 em

215 2843 332 2899 addidit
349 2846 452 2911 aliam,
469 2844 600 2899 videlicet
618 2843 817 2912 damonem,
841 2849 863 2899 1.
881 2841 1005 2898 Corinth.
1023 2847 1047 2911 7,
1073 2850 1178 2904 mrem
1200 2848 1318 2903 aiteriar
1343 2845 1472 2915 comjapir
1497 2847 1533 2900 ab
1553 2843 1730 2908 tramitae
1770 2843 1830 2900 Sed
1844 2842 1911 2899 haee

215 2949 240 2986 v.
262 2937 301 2987 lb.
339 2933 418 3001 Erpa
442 2931 614 2985 adulter-iam
634 2947 691 2984 acm
713 2939 753 2985 cst
776 2931 840 2985 cola
857 2938 885 2984 et
900 2928 985 2985 amica
1004 2929 1048 2983 di·
1073 2935 1230 2993 conciliatio
1250 2950 1303 2991 nec
1320 2931 1487 3000 Pontificiis,
1507 2948 1560 2988 nec
1577 2929 1657 2987 nobis
1675 2929 1792 3002 probari
1810 2934 1909 3002 paona

216 3019 301 3072 aorts'i
318 3035 412 3076 caasa.
446 3017 669 3090 Respondemus:
696 3016 781 3072 variis
797 3017 886 3071 modis
905 3015 1047 3088 apostolus
1072 3024 1137 3080 Non
1153 3021 1215 3087 illis,
1236 3020 1284 3092 qui
1302 3025 1435 3086 statuant,
1451 3018 1591 3075 Christum
1608 3017 1685 3090 loqui
1703 3017 1740 3074 de
1752 3017 1910 3074 dimiaaime

216 3121 280 3159 cum
291 3102 400 3158 Christo
418 3105 447 3158 in
465 3104 628 3176 quaestione
647 3104 682 3159 de
699 3119 783 3158 causa
794 3102 905 3158 divortii
917 3101 1047 3158 concilis·
1075 3110 1171 3181 quoad
1182 3118 1283 3178 taram,
1302 3122 1357 3164 non
1372 3106 1468 3176 moad
1483 3105 1634 3174 circatam,
1653 3119 1711 3175 qua
1728 3103 1761 3160 in
1775 3119 1808 3161 re
1824 3120 1904 3176 pares

216 3198 268 3247 tur·
305 3188 422 3255 Quidam
445 3190 475 3244 in
500 3190 591 3246 verbiss
618 3189 737 3260 Christi,
764 3189 877 3261 quidm
900 3189 929 3243 in
954 3187 1047 3243 verbss
1073 3196 1129 3251 sint
1146 3194 1189 3249 rir
1206 3200 1234 3250 et
1251 3211 1334 3264 uxor,
1359 3197 1389 3249 et
1404 3191 1447 3247 vir
1464 3204 1578 3246 uxorem
1595 3188 1770 3259 adulteram,
1795 3195 1827 3245 et
1842 3204 1909 3245 naor

215 3277 351 3346 apostoli,
377 3276 489 3347 quidam
508 3277 537 3331 in
553 3276 716 3332 limitatione
727 3275 870 3346 utriusque
881 3274 935 3331 loci
946 3273 1046 3330 funda·
1073 3282 1163 3336 virum
1181 3280 1339 3337 adulterum
1362 3277 1517 3349 relinquere
1535 3275 1642 3349 possitr
1663 3292 1719 3331 non
1734 3275 1828 3341 nebia,
1845 3277 1909 3348 qnia

215 3369 337 3420 mentum
351 3363 549 3418 conciliationis
560 3369 705 3434 quaerunt,
724 3369 756 3419 ut
766 3380 799 3418 ex
811 3361 924 3434 speciali
937 3377 1046 3417 enume
1073 3368 1103 3424 in
1129 3367 1246 3423 divortio
1273 3381 1358 3423 musa
1383 3363 1511 3420 adulterii
1537 3362 1621 3417 etiam
1645 3361 1741 3433 quoad
1769 3361 1909 3421 vinculum

215 3450 322 3505 radone
343 3449 495 3523 apparebit.
518 3456 541 3506 t.
558 3438 823 3521 Augrmtinusjbbr·
843 3455 865 3505 l.
888 3448 923 3504 de
940 3448 1047 3504 adulte·
1073 3454 1201 3510 faciendo
1219 3469 1316 3525 parem
1333 3456 1499 3524 potestatem
1517 3450 1568 3505 riri
1582 3448 1711 3505 etaroris
1724 3447 1910 3521 agnoscimus,

215 3536 282 3591 rinis
302 3535 439 3609 conjugiis
458 3535 493 3591 ad
512 3534 678 3591 Pollentiam
698 3552 759 3607 cap.
781 3534 1046 3605 teramnanae
1075 3541 1281 3598 conversionem
1305 3554 1372 3595 vero
1398 3537 1512 3594 daria
1536 3537 1664 3608 conjugis
1685 3535 1722 3591 ab
1745 3534 1911 3591 infidelitate

216 3623 357 3678 bbrirtam
374 3623 454 3693 loqai
471 3624 506 3678 de
522 3623 701 3678 matrimonio
719 3624 792 3678 inter
803 3622 910 3693 fideles,
924 3623 1047 3678 Paulam
1075 3645 1135 3685 aare
1152 3626 1338 3684 sufficientem
1356 3622 1467 3679 divortii
1486 3638 1600 3679 oausam
1618 3638 1763 3694 negamus.
1801 3629 1829 3679 4.
1846 3620 1909 3688 Qut

216 3712 251 3763 de
268 3710 447 3764 matrimonio
466 3715 609 3763 αοπίναοίο
626 3709 699 3763 tmcr
714 3709 849 3775 infideles.
892 3708 1048 3764 Cumanim
1075 3716 1140 3771 dam
1161 3729 1258 3771 vocem
1280 3712 1410 3786 πορνείας
1422 3708 1461 3777 [in
1479 3708 1571 3765 verbis
1589 3706 1692 3763 Christi
1709 3709 1910 3780 συνεαδοχιαῦς

215 3795 328 3852 dimsset
347 3796 500 3867 apostolas:
520 3795 673 3865 Praecipio
690 3814 746 3852 moa
757 3812 818 3866 epo,
834 3798 887 3850 sed
900 3797 1048 3864 Dominae,
1075 3801 1229 3874 accipiunt,
1252 3805 1284 3855 ut
1307 3796 1493 3870 quodcunque
1516 3795 1593 3852 aliud
1617 3793 1758 3867 flagitium
1774 3794 1909 3852 mutreio

214 3899 327 3937 acorem
356 3901 375 3936 a
397 3882 459 3936 ciro
483 3899 539 3935 παπ
563 3882 725 3952 ἀποαᾱονα,
752 3877 911 3955 subjungit:
944 3883 1049 3938 Ceteris
1075 3890 1119 3944 rel
1132 3886 1258 3959 aequde,
1279 3884 1324 3940 rel
1342 3881 1909 3956 graviuabocsominecomprebenbtm,

216 3977 308 4023 reatem
327 3985 378 4037 epo
397 3969 471 4035 dico,
489 3968 704 4037 ποπῦοπνίποο,
719 3968 747 4022 ai
765 3969 828 4038 qais
844 3968 926 4023 babet
934 3986 1048 4025 arerem
1075 3979 1139 4029 tum·
1163 3972 1230 4044 quia
1254 3970 1381 4027 Christus
1407 3987 1463 4026 non
1490 3968 1653 4041 simpliciter
1679 3968 1752 4024 dicit
1777 3968 1909 4047 παρεκτὸς

216 4055 357 4119 infidelem
379 4061 406 4108 et
429 4056 497 4109 baec
522 4054 657 4108 commta
672 4053 802 4108 babitare
821 4072 882 4109 cam
902 4055 970 4121 silo,
992 4074 1049 4111 aaa
1077 4064 1220 4130 πορνείας,
1246 4058 1295 4113 sed
1319 4054 1455 4131 παρεκτὸς
1478 4054 1564 4127 λόγου
1590 4059 1734 4129 πορνείας,
1763 4059 1826 4113 brrn
1847 4054 1908 4127 quia

216 4141 339 4195 dimittat
362 4141 440 4194 iilam
447 4161 459 4210 ‚·
482 4140 533 4195 abi
551 4157 607 4211 per
630 4147 737 4194 eeteros
759 4140 872 4195 cicietur
894 4141 1050 4211 imrateca
1075 4145 1210 4203 Hebraeis
1237 4143 1371 4199 usitatum
1396 4147 1439 4198 est
1464 4141 1584 4212 exempli
1605 4139 1667 4197 loco
1691 4157 1782 4199 unum
1807 4138 1907 4213 siquid

217 4244 279 4291 eos,
305 4227 355 4296 qai
369 4226 579 4281 matrimonium
598 4233 663 4280 arcte
679 4227 764 4291 iidem
781 4233 992 4295 contraxerant,
1014 4230 1050 4282 de
1076 4247 1229 4304 proponere
1262 4238 1290 4287 et
1317 4230 1419 4287 diserte
1436 4229 1605 4301 exprimere,
1635 4226 1689 4283 sub
1712 4245 1771 4300 qno
1797 4228 1906 4301 reliqua

217 4313 315 4382 quibua
329 4312 468 4367 Dominus
485 4312 557 4366 nibil
568 4320 762 4382 praeceperat,
782 4314 817 4366 cle
834 4312 877 4366 bis
895 4329 963 4381 erqo
975 4315 1049 4368 Paa·
1077 4335 1148 4390 qnae
1165 4321 1232 4373 runt
1248 4315 1373 4388 ejusdem
1390 4316 1508 4387 gesseris,
1527 4313 1811 4385 comprehendantur.
1840 4314 1907 4382 Qua

217 4399 262 4453 lae
286 4398 433 4453 coaeiiiam
457 4400 523 4463 dat,
545 4405 577 4451 at
600 4398 644 4451 air
663 4416 720 4452 aaa
737 4397 860 4453 dimittat
875 4415 990 4454 acorem
1008 4400 1049 4453 m·
1077 4404 1163 4476 igitur
1185 4402 1325 4459 malitiosa
1349 4401 1469 4457 dmmtio
1492 4416 1582 4472 aequa
1606 4416 1693 4473 grave
1716 4400 1851 4457 delictum
1868 4405 1906 4457 et

213 4485 337 4553 fidelem,
354 4485 381 4537 ei
399 4500 433 4538 ca
449 4484 516 4538 velit
530 4484 689 4539 cohabitare
707 4485 768 4540 siae
782 4484 894 4554 irajaria
905 4486 1049 4542 creatoris.
1077 4507 1110 4547 sc
1131 4488 1315 4554 adulterium,
1337 4487 1401 4544 ideo
1425 4487 1498 4543 banc
1515 4502 1627 4543 causam
1643 4486 1681 4543 ab
1698 4487 1830 4559 apostolo
1845 4484 1905 4543 addi

218 4571 279 4626 Sed
300 4571 369 4640 qaia
387 4571 438 4625 boc
456 4577 496 4624 est
512 4570 673 4639 coamiiam,
699 4589 755 4626 roa
767 4580 962 4643 praeceptam,
985 4574 1050 4628 idco
1077 4576 1211 4651 potuisse
1222 4578 1343 4632 dement.
1383 4572 1439 4630 Sed
1461 4573 1529 4645 quid
1555 4573 1591 4629 de
1608 4573 1813 4631 conciliationis
1828 4574 1906 4645 haja

218 4658 284 4711 iicet
316 4658 399 4711 ctiam
435 4657 574 4711 dimittere
588 4650 591 4654 ’
606 4674 720 4713 acorem
754 4658 895 4723 infidelem
931 4666 957 4714 et
986 4667 1051 4714 tare
1076 4661 1225 4735 hypothesi
1247 4659 1427 4717 statuendum
1451 4659 1501 4726 sit,
1519 4675 1553 4716 ex
1572 4658 1636 4731 iliis,
1655 4675 1730 4732 quae
1746 4661 1833 4732 paulo
1847 4664 1907 4715 aaa

217 4744 342 4812 marime,
368 4744 395 4798 ri
415 4744 486 4798 ποίίί
504 4743 672 4799 cohabitare.
711 4742 793 4799 Hanc
815 4744 967 4816 Augustini
989 4762 1050 4801 sen·
1078 4750 1210 4819 diximus,
1237 4754 1364 4804 constare
1380 4753 1480 4818 potest.
1519 4754 1543 4803 5.
1561 4746 1680 4811 Quidam
1697 4747 1852 4819 particulas
1868 4763 1906 4804 m·

218 4829 332 4885 tentiam
351 4828 452 4899 cupide
470 4828 649 4899 amplectitur
661 4829 852 4896 Bellarminus,
871 4846 906 4886 ex
923 4833 976 4887 boc
988 4830 1050 4886 iun-
1077 4836 1200 4907 ceptiras
1219 4840 1248 4891 et
1266 4834 1420 4893 exclusiras
1438 4831 1581 4906 παρεπός,
1599 4838 1625 4889 st
1640 4829 1681 4907 μή
1697 4832 1844 4906 oppositus
1860 4840 1907 4889 sta·

219 4913 346 4970 (lamento
375 4914 472 4984 docet,
502 4916 663 4986 coqy'apimn
689 4915 846 4980 infideliam
873 4916 947 4971 sciri
966 4934 1051 4988 posce
1077 4926 1161 4978 tnunt
1183 4938 1239 4978 nou
1266 4921 1391 4976 divortiis
1411 4920 1525 4991 publica
1548 4920 1726 4992 magisaatnx
1749 4921 1907 4977 moeonas

219 4999 304 5053 ctiam
330 5003 427 5070 qaoad
447 5001 604 5067 circatam,
629 5002 656 5055 ai
679 5001 753 5057 alter
770 5003 920 5072 corqiapam
940 5021 1051 5059 οοποον·
1078 5008 1114 5065 ob
1139 5023 1237 5064 canons
1261 5007 1332 5063 alias
1359 5023 1446 5080 qnam
1469 5006 1629 5063 alterutrius
1654 4994 1793 5079 conjugii
1808 5006 1906 5063 dalm-

217 5093 295 5138 tatar
313 5087 354 5138 ad
362 5089 451 5154 fidem
463 5095 487 5142 et
504 5087 578 5141 aber
594 5087 621 5141 ei
631 5087 704 5142 molit
720 5088 883 5143 cohabitare
899 5089 960 5143 siae
977 5091 1051 5159 iaia·
1076 5096 1150 5152 rium
1167 5094 1263 5161 factis',
1292 5094 1342 5149 sed
1359 5091 1484 5150 divortiis
1502 5091 1672 5150 tramam
1692 5109 1728 5149 ex
1744 5093 1859 5166 privata
1871 5098 1906 5149 te

217 5171 265 5227 ria
276 5173 412 5225 creato-ris
417 5194 430 5243 ,·
448 5174 581 5243 camapio
592 5190 658 5228 cero
669 5174 796 5240 fideliam
807 5182 873 5245 port
885 5176 1052 5248 baptismam
1077 5183 1204 5239 maritate
1215 5181 1252 5238 ob
1265 5197 1362 5237 causas
1373 5179 1477 5252 oppido
1488 5180 1640 5236 levissimas
1654 5180 1797 5237 institutis
1828 5178 1908 5251 Atqui

219 5265 364 5311 contracta
388 5277 443 5312 ποπ
457 5277 541 5329 posse
558 5260 632 5315 sobai
649 5263 746 5331 qaoad
763 5261 917 5332 sinadam,
942 5264 1053 5319 etiamsi
1079 5269 1250 5327 ostendimus
1262 5267 1399 5338 superius,
1419 5265 1629 5323 fornicationem
1641 5282 1693 5338 pro
1704 5282 1794 5322 cansa
1805 5262 1908 5323 dvord

218 5344 293 5398 alter
310 5352 487 5400 concertatar
504 5349 541 5402 ab
559 5347 671 5403 baeresi
684 5356 711 5403 et
722 5349 795 5403 alter
804 5349 878 5405 aolit
889 5350 1051 5418 cohabitare
1078 5374 1096 5410 a
1113 5355 1224 5413 cbristo
1248 5354 1290 5411 ita
1309 5354 1391 5427 poni,
1416 5357 1448 5409 ut
1469 5351 1594 5424 reliquae
1610 5368 1705 5409 omnes
1723 5353 1909 5415 excludantur

218 5431 278 5484 siae
290 5430 399 5500 iay’aria
411 5433 554 5488 creatoris.
588 5432 735 5489 &donem
748 5433 915 5491 diversitatis
927 5436 1052 5509 assignat
1076 5459 1111 5499 ac
1132 5442 1163 5499 in
1179 5441 1350 5499 Judasomn
1373 5439 1501 5497 divortiis
1518 5440 1602 5496 etiam
1619 5440 1803 5513 magistratus
1821 5444 1915 5497 aucto.

218 5513 299 5580 banc,
318 5516 393 5588 qnod
406 5517 509 5588 priora
528 5519 583 5574 etei
596 5527 663 5575 rata
680 5527 706 5574 et
723 5522 808 5587 firma
819 5520 882 5577 siat
900 5540 933 5578 ea
945 5532 1049 5582 samaa
1076 5529 1187 5585 ritatem
1212 5527 1379 5584 intmvenire
1403 5525 1568 5598 oportuisse.
1606 5532 1631 5583 ta
1651 5525 1776 5592 Qaidam
1799 5544 1908 5600 respon

217 5618 286 5672 aaa,
303 5610 394 5659 ίοοοοπ
412 5621 469 5661 aaa
484 5604 542 5660 aiat
556 5613 747 5674 mcrortmta,
765 5625 800 5664 aa
816 5610 939 5681 proinde
956 5612 1046 5683 petie·
1077 5614 1153 5682 dent,
1169 5615 1298 5687 aporiato
1317 5613 1428 5688 Spiritu
1445 5612 1652 5685 Dcipraedito
1673 5612 1791 5673 acuam
1804 5610 1910 5673 Gema
