4020 6022
768 195 824 255 Dt
841 196 1041 258 0021111810.
1687 212 1745 271 271

52 358 79 409 Α
99 355 226 422 utam,
242 372 306 411 cum
331 354 387 410 aiut
405 354 508 411 bonnm
528 353 690 419 artocem,
705 370 761 424 per
781 370 890 425 ριιοιι,
902 352 907 475 1
918 354 1017 409 Nolito
1032 356 1176 421 femodure
1190 372 1240 409 oos
1257 355 1381 426 larium,
1397 357 1457 412 aias·
1471 360 1549 424 forte
1567 372 1602 413 eu
1618 374 1752 413 mesra

48 458 107 513 per
124 450 331 497 sacramentum
348 442 490 513 bopts'sms',
505 459 560 511 per
568 442 649 512 priam
667 459 702 496 ao
720 440 832 505 fidelem
849 440 892 493 ia·
903 478 907 551 ³
919 443 962 495 ool
986 450 1108 513 tempure,
1136 450 1168 497 ct
1189 443 1294 497 aucuia
1317 442 1442 497 orationi
1466 452 1492 501 et
1505 445 1629 515 jejunio.
1675 444 1752 517 Ergo

53 529 228 583 ιιιιιιιιοιιιηι
247 546 306 583 esse
324 530 390 583 Deo
413 530 590 597 reddendos,
621 544 678 600 qua
704 526 739 582 de
758 544 789 583 re
804 524 890 597 paulo
919 528 1043 599 cogitent
1060 528 1099 599 pii
1119 530 1262 599 conjuges,
1278 529 1396 585 orationi
1414 538 1443 587 et
1457 531 1564 602 jejunio
1582 531 1752 603 quandoque

53 620 119 687 post
143 614 263 687 plenius.
307 621 332 671 ι.
357 615 555 684 sufflantem,
585 620 682 683 utpote
706 612 892 669 calamitatem
919 628 980 668 esee
1011 614 1167 669 vacandum
1200 631 1235 670 ac
1265 621 1413 685 propterca
1439 617 1672 673 aconsuetudine
1688 634 1753 673 cou-

54 700 193 757 divinitna
208 702 370 769 immiaaam,
384 702 527 770 patienter
544 717 601 754 ease
627 701 795 767 serendam,
813 714 848 753 ac
864 698 893 751 in
918 700 1011 771 jugali
1030 718 1063 757 ex
1080 709 1176 757 mutuo
1187 718 1324 757 consensu
1340 701 1378 757 ad
1389 706 1499 773 tempus
1514 702 1649 759 abstineri
1662 720 1752 775 posse.

53 786 153 843 divina
170 787 315 843 voluntate
334 786 477 843 humiliter
495 785 735 858 acquiescendum,
752 784 810 839 aire
827 800 894 839 cou-
920 802 947 844 v.
970 794 1016 843 lt:
1044 788 1123 843 Unde
1147 789 1204 843 eois
1230 789 1346 856 medior,
1368 790 1396 844 si
1412 790 1502 843 cirum
1525 790 1633 843 ecloum
1645 791 1752 859 socier,

50 874 166 945 jngium
184 879 309 929 noenum
325 874 419 929 fertile
438 890 499 929 oeae
517 872 594 942 velit,
612 873 672 927 sive
686 871 779 927 sterile
809 876 837 925 et
854 870 894 925 in·
920 882 970 927 ortt
997 877 1072 929 uode
1098 876 1155 930 acis
1183 876 1243 944 air,
1274 876 1302 930 ai
1326 876 1471 930 mulierem
1499 876 1610 931 ecloum
1638 877 1753 939 factori

54 959 232 1016 foecundum.
267 961 415 1031 Nesmquid
424 978 483 1030 pro
503 961 566 1013 Deo
586 975 649 1028 ego,
677 959 727 1028 qui
747 957 895 1027 prohibuit
923 958 999 1032 Ergo
1023 962 1158 1032 conjugae
1187 962 1279 1016 omnia
1307 980 1358 1017 saa
1382 962 1476 1017 atudia
1492 967 1522 1017 et
1547 962 1670 1019 actiones
1688 979 1753 1017 ιιιιι

54 1066 74 1101 u
93 1054 120 1099 to
136 1048 264 1113 fricatum
281 1048 409 1102 matrab!
430 1046 521 1117 inquit
537 1044 661 1101 Jacobna
688 1044 725 1099 ad
743 1042 893 1099 Rachelem
921 1062 1018 1101 ornnea
1035 1064 1069 1103 co
1087 1047 1208 1119 dirigere
1224 1048 1339 1116 debent,
1367 1055 1400 1104 ut
1416 1049 1487 1105 ulter
1505 1049 1618 1104 alteriue
1635 1049 1753 1103 salutem

54 1136 204 1205 conjugem
227 1133 492 1189 stomachabundarn
520 1130 590 1189 Gen.
617 1136 664 1200 30,
696 1147 722 1187 v.
742 1138 768 1187 2.
815 1128 893 1184 Deua
919 1140 1086 1203 promoveat.
1116 1140 1139 1189 1.
1159 1134 1232 1189 Patr.
1252 1140 1276 1197 3,
1297 1153 1322 1189 ι.
1345 1140 1371 1189 1:
1390 1135 1530 1189 Mulieres
1548 1136 1678 1190 additos
1696 1137 1752 1189 aiut

54 1226 108 1284 eat,
124 1214 174 1290 qui
192 1228 224 1275 ct
236 1202 429 1275 cmscluddodo
442 1220 585 1275 concludit
598 1219 743 1273 ιιιινίιιιι
755 1196 990 1273 ιιιηλίιιιιΙοὶνλι
1010 1220 1084 1288 sais,
1100 1229 1132 1274 at
1150 1228 1177 1274 et
1195 1220 1223 1274 εἰ
1234 1222 1286 1289 qui
1301 1222 1509 1290 nocer-edant,
1535 1238 1591 1291 per
1605 1223 1753 1276 mulierum

55 1304 160 1361 Genus.
189 1311 234 1375 18,
260 1324 287 1363 v.
304 1312 329 1361 2.
353 1323 376 1363 c.
397 1311 444 1375 ro,
469 1324 495 1360 ι.
518 1306 617 1363 18.1ιι
644 1320 755 1375 quoqne
773 1302 894 1357 vicissim
921 1307 1158 1360 conversationem
1187 1307 1249 1360 sino
1277 1308 1361 1361 cerba
1392 1307 1551 1377 lum-islant,
1579 1325 1604 1361 v.
1636 1314 1660 1363 2.
1690 1325 1754 1362 coc·

55 1408 109 1463 pro
128 1408 181 1447 ano
200 1391 375 1463 beneplacito
388 1392 513 1445 sterilem
531 1391 621 1461 efficit
637 1398 753 1444 matrem
771 1389 895 1453 filiorum
920 1391 1080 1445 oidmuoteo
1097 1391 1129 1445 io
1144 1392 1244 1446 timore
1259 1400 1366 1447 cauom
1378 1394 1754 1449 conomemiouemocrtrum.

56 1479 220 1542 luctantem,
234 1478 338 1534 Paalm.
362 1484 420 1547 113,
437 1497 462 1534 v.
480 1485 504 1534 a.
524 1478 600 1533 unde
613 1476 728 1533 laaecua
746 1492 796 1546 pro
808 1490 895 1529 acore
926 1474 1003 1531 ldam
1023 1476 1084 1532 vice
1101 1493 1181 1533 verca
1200 1478 1236 1532 ad
1257 1479 1425 1534 viroaetiam
1438 1478 1641 1535 accommodari
1653 1486 1752 1550 potest.

56 1582 114 1619 mro
130 1564 217 1620 sterili
236 1564 387 1620 Dominum
405 1564 571 1635 deprecatur
589 1562 661 1620 Gen.
686 1568 735 1627 25,
758 1580 786 1615 r.
804 1567 843 1617 21.
862 1578 896 1616 ιο
923 1560 999 1633 Ergo
1018 1565 1153 1634 conjugae
1171 1565 1210 1619 ita
1227 1571 1423 1619 conversantur
1435 1566 1562 1635 invicem,
1579 1573 1611 1620 ut
1625 1564 1690 1621 fidei
1710 1566 1753 1619 uel

59 1650 137 1707 Deua
160 1650 263 1706 dicitnr
287 1652 423 1706 Rucbolia
447 1652 630 1720 recordatae,
661 1648 772 1722 qnando
798 1646 896 1703 sterili·
922 1648 1130 1719 accendendae,
1155 1651 1200 1704 val
1225 1651 1372 1721 augendae
1398 1667 1494 1705 curam
1513 1651 1567 1706 eibi
1583 1653 1753 1723 propositam

57 1737 127 1793 tatia
145 1737 325 1809 opprobrium
344 1739 381 1794 ab
399 1754 433 1793 ea
452 1736 568 1791 abatulit
584 1734 655 1791 Gen.
674 1741 716 1800 311,
733 1753 760 1789 ι.
779 1739 820 1791 22.
922 1750 982 1789 esec
1007 1734 1204 1791 demonstrent
1253 1738 1297 1791 Ac
1322 1736 1397 1808 quod
1422 1737 1452 1792 in
1477 1754 1579 1809 genere
1604 1738 1641 1793 ad
1659 1755 1755 1794 omnes

10 1838 31 1917 [ῃ
96 1830 155 1879 tua
191 1822 305 1879 Dictum
334 1824 389 1879 fnit
418 1823 553 1879 hactenna
581 1822 616 1877 de
641 1821 748 1877 effectis
772 1819 897 1891 conjugii
921 1837 985 1877 vere
1013 1822 1075 1892 pica
1100 1823 1221 1894 Spiritus
1247 1832 1359 1879 aanctaa
1386 1824 1454 1879 dicit
1475 1824 1555 1881 Rom.
1587 1831 1632 1891 15,
1666 1842 1692 1881 ι.
1723 1832 1754 1881 2:

10 1906 23 1967 Γ.
59 1912 94 1965 iss
112 1912 254 1966 abatructo
273 1909 454 1979 considerati,
473 1916 576 1978 reatat,
593 1916 625 1964 ut
642 1908 841 1965 descendamus
859 1906 896 1961 ad
926 1908 1117 1977 Unusquisque
1145 1913 1275 1979 promito
1312 1928 1362 1965 suo
1386 1913 1504 1980 placeat
1530 1913 1561 1966 ιἰι
1585 1913 1686 1967 bouum
1714 1916 1756 1965 od

61 1995 180 2052 effectus
198 1996 323 2066 ejusdem
341 1997 372 2049 io
390 2004 520 2051 οοιιιιιιο
540 1995 676 2066 spectati,
709 1994 758 2066 qui
775 1992 895 2063 comple·
922 1994 1155 2060 aedificationem.
1199 1995 1286 2052 Hebr.
1307 2002 1353 2063 10,
1382 2014 1408 2053 ι.
1428 2002 1476 2053 tl:
1503 1998 1684 2052 Obsce-vemas
1701 1998 1758 2051 olii

60 2088 176 2137 οιιιιιιιιι·
192 2083 292 2150 officio
314 2083 471 2151 conjugum.
507 2080 639 2146 Quamvis
657 2080 730 2136 enim
750 2096 784 2134 ea
803 2096 821 2133 a
837 2079 896 2150 qui-
923 2081 1011 2147 ultor,
1039 2088 1072 2135 ιιι
1098 2099 1151 2136 ace
1179 2098 1362 2154 prouocemus
1391 2086 1432 2137 cd
1461 2085 1608 2138 caritatem
1632 2093 1659 2138 et
1685 2084 1756 2137 boou

60 2168 181 2223 busdam
198 2167 354 2225 referamur
370 2167 407 2223 ad
432 2167 601 2223 matrimonii
622 2166 771 2236 adjuncta,
800 2166 837 2219 ad
856 2166 897 2220 es·
923 2183 1020 2235 opero,
1037 2172 1217 2238 κατανοῶμεν
1235 2167 1370 2237 ἀλλήλους
1388 2172 1427 2229 εἰς
1443 2172 1625 2244 παροξυσμὸν
1649 2170 1757 2239 ἀγάπης

59 2253 137 2309 fecta
155 2262 249 2311 tamen
267 2255 363 2310 eadem
381 2256 496 2325 propias
514 2253 661 2317 accedunt,
679 2270 743 2307 cam
764 2252 793 2307 in
811 2249 896 2307 actio·
923 2258 971 2307 και
998 2258 1092 2310 καλῶν
1122 2256 1227 2328 ἔργον,
1256 2254 1286 2309 id
1309 2263 1384 2311 recte
1407 2256 1437 2311 in
1454 2256 1547 2326 apacie
1569 2257 1606 2311 ad
1624 2260 1757 2329 conjugae

60 2341 145 2397 nibus
165 2341 273 2412 exlege
287 2347 316 2395 ιι
328 2340 500 2394 institutione
512 2339 597 2409 hujue
614 2339 719 2393 ordinis
731 2337 898 2409 conjugibus
924 2340 1094 2411 applicatur,
1127 2341 1201 2412 quod
1228 2342 1264 2396 ad
1291 2340 1393 2396 bonum
1417 2342 1447 2396 in
1462 2342 1681 2398 aedificationem
1704 2343 1757 2399 eibi

60 2427 221 2483 neucesaria
250 2425 475 2483 incumbentibus
504 2426 670 2495 comittunt,
707 2442 764 2497 quo
795 2423 898 2479 iutuitu
923 2426 1034 2496 placere
1057 2434 1086 2481 et
1113 2426 1152 2481 ad
1177 2426 1253 2481 bona
1277 2442 1361 2497 opera
1384 2444 1445 2482 aesc
1473 2429 1590 2483 invicem
1607 2445 1757 2499 provocare

60 2514 146 2571 etiam
172 2513 360 2567 ministrorum
379 2512 514 2568 ecclcsiae
539 2522 567 2567 at
593 2513 775 2583 magistratua
791 2510 898 2581 politici
923 2528 958 2567 ac
982 2512 1119 2567 cohortari
1144 2511 1273 2568 debeant.
1324 2512 1458 2584 Exempla
1482 2513 1567 2583 hujua
1594 2514 1678 2570 oflicii
1696 2532 1758 2585 pro·

60 2598 156 2655 officia
186 2599 223 2655 ad
260 2598 422 2655 effectorum
452 2599 570 2654 classem
602 2599 631 2652 in
667 2596 897 2668 praecedentibus
923 2604 1064 2670 ponuntur
1089 2598 1119 2653 in
1142 2597 1303 2654 Abrahamo
1329 2606 1359 2654 ιι
1384 2601 1455 2655 Sara
1480 2600 1581 2657 Genea.
1605 2606 1651 2669 12,
1677 2620 1703 2657 ι.
1731 2610 1755 2657 ι.
1805 2642 1813 2663 .

10 2685 186 2743 ιιιιιιίιιιλὶι
204 2686 356 2741 retulimus.
395 2684 495 2741 Officia
514 2684 563 2740 illa
592 2685 743 2755 conjugum
769 2684 814 2739 vel
833 2691 899 2738 sunt
924 2702 946 2741 c.
968 2689 1008 2753 18,
1025 2702 1051 2742 v.
1071 2691 1111 2741 la.
1151 2693 1173 2742 1.
1191 2685 1268 2741 Patri
1286 2692 1311 2752 ι,
1326 2704 1351 2741 v.
1370 2691 1395 2743 8.
1414 2687 1444 2740 in
1461 2686 1561 2742 laaaco
1580 2694 1609 2742 et
1626 2687 1757 2743 Rebecca

10 2804 47 2843 m.
59 2758 207 2841 utrimque
225 2774 391 2836 communio,
408 2772 452 2826 vel
469 2770 635 2827 abactam
656 2772 789 2839 propriu.
818 2770 898 2825 Gom·
924 2770 1023 2828 (lanea
1044 2776 1085 2841 25,
1103 2790 1129 2825 v.
1148 2776 1191 2828 22.
1211 2772 1240 2826 in
1257 2771 1347 2827 Tabia
1365 2789 1398 2827 ac
1416 2772 1487 2828 Sara
1502 2772 1573 2831 Tob.
1591 2780 1616 2841 8,
1635 2792 1660 2829 v.
1683 2782 1708 2832 4,
1726 2775 1756 2830 in

10 2854 48 2895 “⁸¹
66 2858 164 2914 munia
198 2857 291 2914 officia
325 2858 448 2915 revocari
485 2863 602 2928 poseant
634 2857 671 2911 ad
701 2864 757 2912 trae
787 2857 898 2913 claeeaa.
924 2857 1058 2913 Zacharia
1072 2864 1101 2914 et
1117 2857 1280 2913 Ebaabetha
1295 2858 1365 2913 Lac.
1388 2866 1410 2926 1,
1427 2876 1455 2915 v.
1474 2866 1499 2915 5.
1519 2866 1573 2916 etc.

10 2918 305 3009 &Quemadmodum
333 2945 406 2999 enim
435 2942 577 3014 apostolus
604 2942 659 2998 Tit.
686 2949 716 3013 2,
748 2960 774 2998 ι.
807 2948 846 2998 12.
869 2943 896 2996 in
958 2951 1017 3001 448.
1052 2948 1078 2998 2.
1099 2946 1182 3013 Ergo
1210 2962 1240 2999 oe
1258 2946 1335 3014 iproa
1351 2952 1428 3000 recte
1445 2962 1477 3000 oe
1501 2952 1602 3016 gerunt
1621 2947 1754 3016 conjuges
1767 2940 1882 3041 Ἠ..

62 3046 167 3104 genere
188 3032 227 3087 ab
245 3030 373 3085 omnibus
393 3029 557 3103 Christiania
574 3030 698 3100 requirit,
728 3034 760 3084 ut
777 3035 852 3084 recte
868 3045 898 3083 ae
924 3032 1019 3085 debito
1044 3032 1123 3100 fidei
1146 3039 1171 3084 ct
1198 3032 1304 3084 omorio
1342 3032 1503 3101 coniugale}
1538 3032 1756 3101 conservatione,

62 3124 164 3189 gerant
182 3119 367 3186 ergoDeum,
387 3133 455 3185 erga
468 3133 499 3171 oe
517 3117 594 3186 e'pwa
614 3118 898 3186 «terporis-orimum,
923 3116 996 3187 Eph.
1014 3125 1039 3185 5,
1059 3135 1085 3173 ι.
1105 3122 1148 3173 26.
1185 3116 1243 3173 col.
1263 3123 1296 3185 3,
1322 3135 1348 3171 v.
1370 3122 1409 3173 18.
1447 3116 1503 3171 Tit.
1522 3122 1553 3185 2,
1581 3133 1606 3171 r.
1625 3123 1649 3173 4.
1686 3114 1756 3171 Cum

62 3205 176 3276 quando
206 3220 254 3259 eos
280 3204 362 3276 jabet
390 3204 484 3258 virere
515 3202 640 3272 εὐσιρὠς,
672 3202 826 3275 σωφρόνως
851 3206 899 3256 καὶ
925 3203 998 3259 enirn
1026 3202 1181 3258 metiaeima
1211 3201 1345 3258 accietate
1375 3208 1404 3257 ιι
1432 3203 1616 3259 indissolubili
1645 3202 1757 3258 vinculo

62 3292 197 3359 braclog
222 3290 263 3346 aic
281 3291 311 3346 in
328 3289 420 3361 specie
438 3290 476 3345 ud
493 3292 645 3361 conjugum
676 3288 769 3345 officia
787 3289 899 3361 utrique
925 3288 1059 3343 divinitae
1088 3289 1145 3344 sint
1175 3289 1331 3360 conjuncti,
1371 3288 1434 3345 ideo
1463 3289 1547 3345 iidem
1577 3295 1606 3345 et
1635 3303 1757 3344 amorem

62 3377 222 3435 communia
245 3377 297 3433 boc
321 3376 456 3449 applicari
478 3382 584 3445 potest,
614 3376 689 3447 quod
719 3376 839 3430 muneris
856 3375 900 3429 eui
925 3375 1155 3430 matrimonialem
1184 3376 1238 3430 sibi
1266 3375 1384 3431 invicem
1411 3384 1552 3447 praestare
1585 3376 1757 3446 eundemque

64 3470 162 3536 partes
179 3464 291 3535 exsequi
309 3469 457 3519 teneantur
477 3478 510 3517 ac
528 3461 636 3533 poesim
649 3468 724 3517 recte
735 3477 767 3517 se
776 3462 899 3535 gerendo
925 3461 1063 3517 illibatum
1088 3478 1252 3518 οοιιοιιιιιι
1277 3468 1416 3519 tenentur.
1462 3461 1518 3519 Sed
1534 3461 1691 3533 conjugalia
1710 3460 1758 3516 ille

64 3568 137 3621 ergo
152 3552 262 3616 Deum,
288 3566 359 3620 argu
376 3567 407 3604 se
426 3551 504 3619 abaco
523 3556 550 3602 et
566 3565 637 3617 ergo
654 3549 813 3618 prociarum
840 3549 898 3604 aive
925 3565 1002 3605 amor
1018 3548 1107 3603 multa
1123 3548 1234 3603 omnino
1252 3548 1453 3619 complectitur,
1470 3548 1613 3620 profluunt
1631 3548 1704 3604 euim
1723 3564 1758 3603 ex

10 3664 24 3695 ι
62 3638 191 3693 homines
206 3636 285 3693 alios.
309 3642 333 3693 1.
346 3638 531 3706 ErgoDcam
548 3641 624 3691 recte
641 3652 672 3690 ae
686 3643 788 3706 gerunt
803 3644 900 3691 mutuo
925 3634 978 3689 hoc
1008 3632 1098 3689 fonte:
1131 3638 1156 3689 1.
1175 3636 1304 3697 Pacifico
1336 3643 1362 3687 et
1393 3636 1551 3704 mauguille
1580 3635 1757 3691 cohabitatio.

63 3726 109 3781 ud
121 3724 258 3796 pictatem
272 3723 472 3793 prouocatione
489 3731 515 3776 ct
532 3722 730 3776 cohortatione.
770 3721 900 3793 conjugii
926 3720 984 3779 Ubi
1006 3737 1087 3775 verua
1112 3738 1147 3775 ac
1174 3721 1297 3777 sincerus
1321 3737 1399 3774 amor
1424 3721 1517 3792 viget,
1549 3721 1588 3775 ibi
1605 3721 1757 3775 animorum

63 3829 84 3869 a
100 3810 163 3867 Dec
190 3810 309 3865 instituti
335 3810 408 3865 inter
433 3809 554 3880 reliquoa
581 3808 666 3863 etiam
694 3809 740 3863 hic
768 3807 832 3863 finis
857 3814 901 3864 est
925 3807 991 3861 unio
1016 3807 1106 3877 viget,
1141 3824 1203 3861 cum
1230 3823 1309 3861 amor
1331 3806 1435 3861 habeat
1457 3806 1513 3860 vim
1529 3806 1649 3862 uniendi.
1700 3805 1757 3863 Ubi

63 3914 123 3955 nou
138 3903 303 3969 postremae,
322 3895 409 3951 nteit
425 3897 617 3964 ιιιιιιοιιιιιι,
636 3894 737 3951 Genea.
757 3902 788 3964 2,
813 3911 839 3951 v.
862 3900 899 3951 18.
926 3894 1080 3949 animorum
1106 3893 1173 3946 unio
1198 3891 1288 3962 viget,
1318 3890 1358 3945 ibi
1384 3898 1427 3947 ιιι
1443 3892 1517 3946 idem
1537 3892 1608 3946 velle
1624 3908 1658 3946 ac
1675 3891 1758 3957 nolle,

67 3999 126 4040 non
145 3984 235 4039 solnm
254 3982 283 4037 in
301 3982 385 4038 rebus
403 3981 548 4052 humanis,
574 3982 624 4037 aed
642 3981 726 4037 etiarn
744 3981 772 4036 in
792 3981 901 4052 divinia,
926 3979 975 4034 ubi
992 3978 1066 4034 idem
1085 3978 1157 4035 vella
1175 3995 1210 4033 ac
1226 3978 1317 4045 nolle,
1346 3977 1387 4031 ibi
1404 3994 1460 4033 non
1477 3983 1570 4049 potest
1590 3994 1646 4032 nou
1663 3976 1758 4049 vigm

64 4076 102 4126 ut
117 4070 244 4141 superius
261 4069 316 4125 fuit
334 4070 563 4125 demonstratum.
609 4067 741 4139 Cogitant
758 4069 845 4139 igitar
860 4069 901 4139 pii
926 4070 1029 4136 pacata
1045 4071 1074 4119 at
1091 4064 1242 4136 tranquilla
1259 4062 1436 4121 cohabitatio.
1484 4072 1504 4118 1.
1522 4062 1586 4119 cor.
1607 4070 1637 4129 7,
1665 4080 1691 4119 v.
1712 4070 1759 4119 15:

63 4157 221 4227 conjugae,
250 4172 284 4211 er
306 4156 368 4226 ipaa
385 4154 544 4225 primaevae
569 4153 749 4209 iuetitutionia
767 4154 831 4225 lege
847 4155 901 4209 sibi
927 4154 963 4206 Is
978 4168 1052 4221 paca
1069 4151 1179 4205 uocauit
1199 4168 1250 4205 noe
1268 4152 1358 4205 Deera.
1398 4157 1420 4206 1.
1436 4148 1509 4207 Tim.
1527 4155 1553 4220 2,
1573 4167 1598 4206 v.
1618 4156 1649 4206 8:
1679 4148 1759 4216 Volo,
1771 4152 1816 4195 xv·
1831 4148 1878 4193 ιιι·

63 4242 244 4310 incumbere,
271 4242 349 4297 utin
366 4241 444 4296 cultu
464 4246 493 4296 et
510 4239 704 4305 eervitioDei‚
723 4240 753 4294 in
772 4241 902 4311 pracibna
926 4240 1003 4293 coroa
1025 4238 1117 4292 loom
1140 4246 1253 4291 auectus
1277 4255 1376 4291 monuo
1400 4238 1460 4291 aiae
1483 4238 1538 4293 irc.
1588 4243 1610 4293 1.
1635 4235 1710 4291 Patr.
1734 4240 1759 4303 3,

64 4336 98 4385 at
114 4336 211 4383 sancta
228 4344 296 4399 erga
313 4326 403 4381 Deum
422 4327 581 4383 obedientia
598 4333 726 4381 mutuam
743 4326 797 4382 eibi
816 4344 897 4398 prue-
927 4342 953 4379 v.
973 4331 1005 4379 l:
1030 4324 1090 4377 Viri
1109 4324 1266 4379 cohabitant
1283 4324 1416 4379 acoribus
1440 4326 1591 4377 amandam
1607 4324 1760 4389 scientium,

63 4421 142 4473 aaut
168 4414 315 4479 auxilium,
342 4414 418 4485 quod
446 4412 506 4468 fieri
528 4413 631 4484 poterit
655 4412 709 4467 bac
728 4415 851 4477 ratione,
878 4386 1012 4521 alimerici
1054 4410 1209 4471 infirmiori
1248 4410 1364 4465 coemtio
1397 4410 1531 4463 ηιιιλίιόιί
1570 4409 1760 4477 impartiente«

63 4501 173 4559 unctis
202 4500 314 4555 monitio
349 4508 378 4555 et
415 4499 548 4554 laudabili
583 4500 709 4570 exemplo
738 4500 775 4554 sd
808 4516 901 4555 veram
928 4498 1068 4565 bonorem,
1086 4514 1120 4551 ce
1140 4496 1330 4567 iuopcdiaouor
1347 4498 1490 4551 oratiooea
1507 4504 1630 4563 οιοιναι,
1648 4494 1701 4549 hoc
1718 4498 1761 4547 eat

64 4588 202 4661 pietatem
220 4604 281 4643 aeae
299 4587 417 4643 invicem
435 4585 627 4656 cohortentur,
657 4586 680 4641 ai
700 4602 756 4641 uno
773 4586 857 4641 corde
874 4528 992 4659 iniideo
1008 4584 1080 4638 inter
1096 4585 1231 4654 conjuges
1252 4582 1335 4638 debet
1353 4584 1447 4654 vigere
1473 4580 1632 4645 concordia,
1655 4597 1691 4635 ne
1710 4596 1760 4650 per

63 4691 125 4731 uua
150 4691 236 4730 verae
259 4672 325 4729 fidei
350 4674 523 4729 confessione
540 4673 632 4728 Deum
650 4672 757 4743 colant,
782 4690 837 4728 uno
856 4668 983 4749 orelirae
1008 4675 1038 4724 et
1061 4669 1126 4724 odia
1148 4669 1336 4740 impedientur
1361 4687 1465 4740 procae.
1501 4665 1638 4723 Eusebius
1654 4666 1709 4721 libr
1735 4674 1760 4721 3.

64 4762 160 4833 ipsum
188 4760 333 4830 invocant,
358 4778 453 4831 preces
479 4776 543 4814 ιιιιι
570 4762 743 4831 conjungant
760 4776 794 4815 ac
814 4759 848 4816 da
864 4756 965 4847 'aidi'
995 4770 1089 4825 praep.
1122 4770 1220 4825 evang.
1252 4754 1407 4809 dilectionis
1435 4755 1519 4824 hujus
1547 4760 1660 4808 mutuae
1688 4752 1761 4807 inter

64 4864 153 4920 quam
181 4845 278 4903 aDeo
309 4848 457 4919 impetrare
488 4847 618 4917 cupiunt,
645 4846 693 4916 pic
722 4842 1063 4916 conaentianttconjuges
1092 4842 1121 4896 in
1150 4841 1236 4896 sacris
1261 4842 1381 4897 lunonis
1411 4840 1486 4911 apud
1519 4840 1676 4911 Aegyptios
1704 4838 1761 4893 tale

64 4934 168 4993 maan.
188 4940 229 5001 18,
247 4952 273 4989 v.
295 4940 335 4991 19.
353 4933 379 4989 ai
395 4932 556 5003 scripturae
575 4933 702 5002 lectione,
719 4933 904 5001 meditatione,
915 4922 917 4957 ³
929 4926 1086 4998 symbolum
1104 4927 1190 4985 suieee
1200 4935 1350 4984 memorat:
1370 4926 1424 4989 Qui
1434 4926 1546 4979 lumi
1554 4924 1761 4993 laetificabunt,

65 5021 154 5077 totias
184 5020 306 5077 familiae
334 5020 370 5074 ad
396 5019 529 5090 pietatem
553 5026 582 5075 et
608 5018 781 5075 boueetatem
809 5008 1012 5091 aseae-ibilem
1043 5016 1074 5068 ιἰι
1105 5016 1198 5069 sooria
1228 5032 1282 5069 ooo
1311 5014 1496 5083 adhibebunt,
1522 5014 1574 5067 aad
1596 5028 1658 5065 eom
1674 5012 1761 5079 jacta

65 5108 190 5163 factione
207 5124 242 5161 ac
260 5106 424 5178 quotidiana
442 5106 560 5161 aliorum
578 5105 690 5176 piatatis
709 5106 902 5163 exercitiorum
914 5108 918 5181 1
929 5122 1012 5157 orum
1031 5102 1226 5170 defodiebant,
1245 5099 1310 5172 quia
1330 5100 1404 5154 enim
1422 5099 1473 5152 viri
1491 5106 1521 5153 et
1538 5098 1682 5167 maliace,
1709 5097 1761 5153 boc

65 5192 279 5250 coadunatione
317 5193 496 5249 domesticam
532 5192 679 5247 ecclesiam
723 5193 973 5269 comtituantjaot
990 5190 1140 5261 conjugae,
1171 5190 1348 5258 conjunctam
1374 5184 1532 5256 significant
1549 5186 1651 5250 vitam,
1681 5202 1715 5241 ea
1730 5201 1761 5239 re

64 5280 149 5337 Boua
171 5286 210 5346 tt,
229 5296 255 5334 v.
275 5288 300 5336 5.
335 5288 357 5335 1.
378 5280 441 5337 Cor.
459 5286 498 5349 16,
517 5296 544 5337 ι.
566 5286 606 5336 19.
642 5277 747 5333 Coloea
764 5284 797 5341 4,
815 5296 841 5334 r.
863 5284 902 5334 15.
914 5292 918 5329 ι
929 5277 1074 5331 ostendere
1093 5274 1247 5343 voluerunt,
1265 5272 1373 5344 absque
1390 5272 1439 5338 ira,
1457 5272 1520 5327 odio
1539 5277 1568 5329 at
1579 5270 1763 5327 amarulentis

65 5366 183 5425 Philam.
204 5383 231 5419 v.
250 5371 274 5421 2.
311 5366 354 5420 Da
375 5366 426 5420 hoc
449 5366 556 5436 piorum
577 5364 728 5435 conjugum
753 5362 846 5419 officio
864 5360 1134 5431 chmatrimonium
1160 5378 1220 5418 aeae
1246 5366 1372 5432 oportere
1390 5374 1423 5415 ac
1439 5359 1501 5414 loco
1519 5359 1579 5413 irae
1595 5358 1761 5415 benevolen-

63 5462 195 5528 quuntur
220 5451 289 5507 baec
313 5451 472 5523 scripturae
499 5452 583 5510 dicta.
630 5457 652 5508 t,
677 5449 740 5505 Cor.
765 5457 796 5519 t,
820 5467 846 5505 v.
869 5438 1087 5518 5:³tian,1ooo
1106 5448 1163 5503 odii
1184 5463 1311 5511 amorem,
1331 5444 1393 5501 loco
1409 5445 1608 5501 amarulentiaa
1633 5444 1760 5499 humaui-
