4020 6022
209 266 273 324 360
791 255 915 315 Iocus
935 255 1138 315 vlceslltus
1156 256 1326 326 QUINTUS

207 418 335 478 censent,
360 432 468 486 papam
495 414 579 466 etiam
608 414 639 466 ia
663 414 775 468 sokaai
791 420 852 468 veto
871 414 1038 483 dsipsasarc
1066 409 1211 467 immutare
1230 428 1286 468 non
1303 419 1434 483 possunt,
1455 432 1490 469 ne
1508 414 1609 487 damet
1625 422 1656 471 et
1672 414 1774 471 ardeat
1791 414 1901 471 interis

205 517 296 571 posse.
333 499 437 564 Quodsi
461 498 497 553 ob
520 498 638 553 Romani
659 499 779 569 potificis
807 499 1040 571 dispensationem
1066 497 1228 567 ustionibus,
1239 504 1323 570 atque
1335 498 1388 556 hae
1401 499 1530 556 flammae
1542 500 1604 556 illos
1615 500 1787 566 distrahunt,
1796 506 1899 572 pertur-

209 586 348 643 monachis
381 603 415 640 ac
445 584 609 640 monialibus
642 585 845 641 matrimonium
879 586 1041 643 contrahere
1065 581 1150 649 bant,
1180 584 1376 640 conscientiam
1395 591 1514 655 vastant,
1533 587 1644 658 pietatis
1663 587 1799 644 exercitia
1817 604 1898 643 remo

210 673 264 728 suit
283 672 429 745 integrum,
448 677 553 743 quanto
572 672 661 742 magis
678 671 715 728 ob
733 672 820 745 ipsius
837 672 891 729 Dei
909 673 1041 729 constitn-
1066 675 1181 739 rantur,
1211 670 1256 725 hic
1284 678 1360 727 certe
1389 671 1495 727 nullum
1524 673 1579 728 illis
1603 674 1758 731 remedium
1776 682 1899 746 superest

209 761 319 828 tionem,
339 758 386 831 qui
402 774 452 830 per
469 759 624 829 apostolum
637 758 701 828 illis,
721 758 769 830 qui
785 760 907 815 ustiones
919 759 1041 815 sentiunt
1066 754 1158 824 aliud,
1183 755 1206 810 si
1224 757 1366 828 precihus,
1389 758 1518 828 jejuniis,
1546 758 1729 826 abstinentia,
1748 760 1822 832 iuga
1837 778 1899 816 con-

210 853 238 903 et
256 846 378 918 periculo
396 844 586 901 fornicationis
613 863 643 901 ss
668 845 806 917 expositos
831 862 892 901 esse
916 845 1040 901 animad-
1067 841 1229 897 versationis
1238 859 1301 898 cum
1316 842 1487 915 mulieribus,
1505 844 1582 903 lucta
1593 852 1643 903 etc.
1659 846 1732 903 nihil
1744 847 1898 918 proficiunt,

209 938 329 998 vertunt,
349 933 472 1005 conjugii
484 933 635 989 remedium
648 932 819 1005 praescribit,
838 931 1040 988 matrimonium
1068 943 1150 997 quam
1176 934 1208 983 ut
1235 946 1313 985 suam
1337 929 1366 984 in
1384 930 1511 987 vovendo
1536 933 1720 988 temeritatem
1749 943 1901 1006 agnoscant

210 1019 371 1076 contrahere
398 1018 466 1085 illis,
497 1019 545 1091 qui
575 1019 714 1074 continere
747 1024 902 1091 nequeunt,
934 1018 1041 1073 licitum
1067 1029 1184 1086 eamque
1202 1014 1254 1072 sibi
1272 1015 1422 1071 condonari
1447 1023 1546 1088 petant
1568 1025 1598 1075 et
1621 1019 1747 1075 remedio
1779 1022 1899 1093 conjugii

210 1108 263 1163 crit
284 1104 473 1162 censendum?
524 1104 552 1160 Si
571 1105 757 1161 Romanorum
789 1104 951 1176 pontificum
977 1121 1040 1159 con·
1068 1097 1199 1155 divinitus
1229 1102 1379 1157 constituto
1409 1107 1531 1161 utantur.
1579 1105 1676 1159 Oraais
1699 1108 1860 1177 proaa'ssio
1876 1116 1899 1161 st

210 1195 347 1250 cessiones
364 1191 458 1246 iactae
472 1190 612 1246 monachis
629 1191 774 1262 professis,
795 1191 843 1261 qni
861 1195 890 1245 et
906 1196 1041 1261 poterant,
1070 1203 1148 1239 omroc
1166 1187 1368 1255 iuramsatcm,
1386 1189 1483 1246 scribit
1507 1190 1592 1247 Jason
1619 1192 1638 1247 l.
1661 1193 1805 1248 sinemus
1833 1211 1860 1251 n.
1878 1199 1899 1251 8.

211 1285 239 1337 et
272 1278 404 1334 volebant
447 1278 476 1331 in
519 1277 647 1333 castitate
690 1276 816 1348 professa
857 1292 1041 1347 perseverare,
1069 1272 1098 1327 ff.
1117 1272 1153 1329 de
1169 1273 1273 1330 condit.
1290 1291 1365 1330 caus.
1389 1275 1446 1335 dat.
1464 1293 1498 1334 ac
1514 1278 1631 1348 proinde
1656 1279 1742 1336 etiam
1755 1296 1840 1336 omne
1858 1298 1898 1335 vo

212 1385 266 1422 non
296 1366 422 1420 fecerunt
452 1364 571 1419 incestos
608 1364 766 1435 nuptiarum
797 1362 975 1431 concubitus,
1011 1367 1042 1417 ut
1068 1362 1127 1412 111111
1151 1360 1320 1430 iateilipitar
1343 1379 1405 1415 cam
1432 1363 1563 1418 clasrssda
1584 1365 1666 1418 rebus
1690 1366 1733 1419 sis
1756 1366 1898 1433 maribus,
1910 1364 1950 1405 111

211 1453 337 1526 agnoscit
364 1452 505 1508 Navarrus
528 1452 557 1504 in
583 1450 700 1505 manual.
726 1466 786 1520 cap.
814 1455 852 1505 12.
879 1468 903 1505 n.
926 1455 966 1505 15,
992 1465 1042 1503 cur
1068 1443 1184 1515 proinde
1207 1448 1254 1517 qui
1281 1447 1447 1503 coelibatum
1475 1457 1590 1515 vovent,
1615 1451 1804 1507 conditionem
1829 1451 1898 1506 illam

212 1543 331 1597 incestos
350 1539 412 1594 illos
430 1537 599 1610 putabimus,
621 1537 668 1608 qui
687 1555 720 1592 ex
731 1536 827 1607 mojori
847 1543 876 1591 et
892 1534 1041 1608 urgentiori
1068 1530 1112 1585 vel
1139 1548 1267 1604 expresse
1297 1534 1341 1589 vel
1374 1534 1460 1591 tacite
1489 1536 1715 1609 subintelligant,
1743 1538 1767 1592 si
1799 1539 1899 1595 scilicet

212 1645 312 1696 cansa,
331 1643 415 1698 qnam
435 1630 479 1681 est
496 1624 618 1681 familiae
636 1624 755 1696 alicujus
773 1622 957 1691 conservatio,
979 1638 1042 1677 con·
1070 1617 1172 1673 donum
1191 1620 1375 1678 continentiae
1401 1622 1588 1693 inposterum
1606 1625 1689 1679 etiam
1717 1642 1805 1696 penes
1828 1625 1899 1697 ipsos

211 1714 368 1771 ceduntur?
533 1706 538 1717 ’
1070 1710 1194 1773 maneat,
1225 1706 1300 1762 unde
1331 1723 1364 1762 er
1399 1708 1488 1765 forma
1519 1710 1638 1766 vovendi
1668 1711 1788 1782 pristina
1813 1713 1900 1768 adhuc

85 1800 134 1843 tl
150 1810 200 1850 psr-
250 1808 307 1857 550.
350 1804 376 1857 t.
403 1799 431 1853 A
461 1814 651 1867 personarum
687 1797 803 1850 istarum
842 1796 1043 1850 ceastrictioas.
1070 1790 1178 1863 reliqua
1196 1792 1307 1848 videtur
1325 1794 1375 1849 illa
1392 1795 1526 1861 clausula,
1545 1805 1678 1867 pacatum
1696 1799 1825 1852 bumana
1841 1800 1900 1861 sra-

84 1862 190 1946 ppppqm
208 1887 270 1956 Qui
289 1885 455 1942 coelibatum
472 1889 591 1951 temere,
621 1883 743 1938 nondum
772 1882 880 1937 scilicet
896 1881 1045 1953 exploratis
1068 1877 1166 1945 pilitca
1185 1879 1341 1947 permittit,
1369 1881 1404 1937 de
1430 1883 1511 1953 cujus
1532 1898 1598 1938 vero
1624 1900 1707 1939 sensu
1725 1884 1832 1939 dictum
1850 1884 1900 1939 fuit

85 1958 180 2049 ‘fflff
214 1974 270 2029 suis
290 1973 402 2041 viribus,
421 1975 556 2026 voverunt
572 1986 606 2026 ac
623 1969 696 2026 dono
715 1970 899 2024 continentiae
917 1967 1043 2024 destituti
1068 1963 1204 2033 1111811111.
1237 1965 1355 2030 Quando
1377 1967 1463 2039 igitur
1481 1966 1579 2023 votarii
1596 1968 1637 2023 illi
1653 1966 1776 2025 coelibes
1796 1970 1901 2041 reipsa

212 2066 360 2132 perpetuas
379 2058 500 2113 ustiones
527 2056 662 2124 sentiunt,
688 2056 728 2111 illi
755 2056 784 2109 in
803 2054 907 2126 duplici
925 2054 1043 2110 necessi·
1069 2048 1200 2116 sentiunt,
1218 2067 1248 2105 ae
1266 2051 1368 2107 donum
1381 2053 1567 2110 continentiae
1585 2073 1640 2111 non
1652 2056 1772 2126 amphus
1793 2057 1900 2129 habers,

213 2153 273 2203 tate
292 2162 352 2202 sese
371 2144 533 2200 constitutos
551 2149 579 2200 et
604 2142 684 2215 quasi
710 2142 873 2198 constrictos
891 2140 1042 2213 deprehen·
1068 2134 1118 2189 sed
1135 2135 1289 2192 ustionibus
1311 2140 1449 2210 torqueri,
1466 2140 1664 2211 pollutionibus
1687 2159 1791 2214 corpus
1811 2154 1901 2201 conta·

212 2233 296 2301 dunt,
321 2231 364 2287 vel
388 2231 461 2285 enim
484 2230 604 2285 remedio
623 2228 788 2284 matrimonii
813 2227 879 2298 ipsis
899 2226 1041 2292 utendum,
1069 2219 1167 2275 minari
1201 2229 1230 2278 et
1266 2240 1397 2294 praesens
1426 2225 1616 2282 fornicationis
1647 2228 1805 2298 periculum
1835 2248 1902 2297 esse,

212 2319 255 2374 vel
274 2319 303 2372 in
320 2316 461 2389 perpetuis
490 2315 606 2371 ustionis
638 2333 672 2371 ec
695 2314 817 2369 libidinis
836 2313 953 2369 flammis
973 2314 1040 2386 ipsis
1067 2322 1160 2361 coram
1191 2308 1252 2364 Deo
1282 2327 1300 2365 a
1332 2318 1396 2367 voto
1420 2317 1486 2366 sunt
1515 2312 1610 2381 liberi,
1634 2320 1667 2369 ut
1695 2317 1902 2373 matrimonium

212 2410 255 2461 cst
272 2402 428 2458 vivendum.
475 2401 505 2455 Si
524 2401 601 2473 prius
622 2401 743 2474 eligunt,
770 2418 824 2455 non
844 2406 960 2472 peccant
978 2416 1041 2455 con-
1068 2398 1163 2464 utpote
1198 2395 1347 2451 remedium
1389 2398 1528 2453 ustionum
1569 2398 1700 2455 divinitus
1737 2419 1900 2460 concessum

211 2499 256 2547 tra
272 2490 362 2561 legem
379 2488 501 2559 aliquam
518 2487 649 2551 divinam,
668 2487 852 2559 quianullum
864 2492 954 2542 exstat
966 2503 1041 2541 man·
1068 2494 1212 2550 wpeooerc
1238 2482 1352 2552 possint
1397 2483 1462 2540 Vid.
1485 2484 1626 2541 Lutherus
1653 2486 1683 2541 in
1712 2486 1763 2544 lib.
1793 2488 1831 2545 de
1848 2496 1905 2547 vot.

213 2579 307 2633 datum
327 2577 442 2631 devoto
466 2573 593 2646 perpetui
618 2573 784 2639 coelibatus,
808 2573 931 2646 quinimo
946 2574 1042 2642 probi·
1068 2573 1183 2623 monast.

213 2666 342 2719 bitioasra
362 2661 534 2716 matrimonii
546 2660 623 2717 Deus
635 2660 797 2731 pronuntiat
812 2661 1041 2715 essedoctriaam
1103 2658 1160 2708 55¹·
1196 2656 1282 2711 1111
1301 2656 1485 2711 conciliorum
1501 2658 1670 2722 definitione·
1701 2656 1952 2751 proposuimus&

214 2749 424 2806 daemoniorum
456 2754 477 2804 1.
495 2747 565 2802 Tim.
584 2753 617 2818 4,
648 2765 672 2803 v.
700 2754 721 2804 1.
771 2746 827 2803 Sed
854 2746 878 2802 si
906 2747 1042 2817 posterius
1068 2736 1202 2795 moesus
1223 2739 1387 2813 principalia
1407 2742 1558 2799 sententiae
1582 2750 1691 2800 normae
1708 2745 1902 2814 fundamenta,
1914 2772 1952 2802 n·

213 2837 328 2910 eligunt,
346 2830 506 2889 nonbolum
523 2840 619 2889 contra
636 2833 727 2905 legem
747 2833 877 2903 divinam,
893 2833 943 2887 sed
960 2832 1042 2887 etiam
1069 2824 1169 2897 1111111111
1185 2827 1245 2897 jam
1264 2827 1391 2883 addimus
1410 2829 1581 2885 secundaria.
1612 2830 1653 2885 Ex
1669 2833 1799 2889 conciliis
1819 2815 1952 2907 appa'm'

214 2926 311 2977 contm
327 2921 418 2993 ipsum
437 2919 622 2976 continentiae
634 2925 727 2974 votum
744 2923 870 2990 peccant,
887 2918 957 2974 illud
971 2919 1044 2974 enim
1069 2918 1119 2981 ret,
1139 2912 1187 2983 qui
1205 2912 1402 2969 continentiam
1420 2914 1535 2985 professi
1555 2923 1627 2987 sunt,
1646 2934 1700 2972 non
1719 2919 1809 2975 irrisae
1826 2922 1903 2977 ahsa

213 3007 341 3080 requirit,
365 3012 397 3062 ut
422 3021 478 3061 non
504 3006 593 3063 solum
621 3005 783 3078 aconjugio
800 3005 971 3075 abstineant,
994 3004 1043 3059 sed
1069 2998 1176 3054 luteae
1195 2999 1371 3070 simpliciter,
1390 2992 1549 3074 quicunque
1565 3003 1648 3059 etiarn
1665 3021 1748 3061 casus
1767 3007 1903 3076 inciderit,

215 3093 298 3150 etiam
316 3098 422 3148 castam
440 3092 624 3165 virginitatem
644 3096 760 3147 rement
797 3091 861 3147 Jam
880 3107 945 3147 vcro
962 3091 1044 3162 virgi·
1069 3083 1243 3141 motrimonia
1291 3081 1451 3143 contrahere
1496 3089 1675 3160 prohibitum
1743 3092 1899 3150 Gonmlinm

215 3179 285 3234 nelis
301 3179 428 3248 casdim,
456 3195 539 3250 quam
558 3177 699 3249 apostolus
724 3194 773 3249 per
793 3178 967 3232 sanctitatem
984 3196 1045 3232 cor-
1069 3172 1249 3243 Ancyranum
1275 3189 1336 3229 can.
1358 3180 1398 3232 ta.
1424 3181 1454 3230 et
1470 3174 1572 3230 citatur
1594 3177 1624 3231 in
1639 3177 1704 3248 jure
1722 3180 1861 3237 canonico
1877 3198 1901 3238 c.

210 3268 294 3337 poris
312 3274 339 3319 ss
361 3265 450 3318 animi
475 3264 572 3319 definit
596 3272 618 3321 l.
638 3263 760 3320 tonum.
781 3270 810 3333 r,
835 3281 861 3320 v.
889 3270 930 3320 al.
955 3264 1043 3320 locum
1070 3258 1220 3329 Quotquot
1239 3263 1280 3314 11.
1298 3265 1370 3330 (111
1392 3261 1901 3336 Qootasotoira'sitatsmpouciaa

214 3370 270 3407 non
294 3350 392 3418 habet,
425 3350 473 3404 ubi
495 3351 593 3405 ardent
609 3349 736 3406 flammae
762 3349 898 3421 libidinis,
924 3352 1044 3423 quaein
1066 3346 1262 3416 praevaricati
1277 3348 1427 3401 3111111161
1446 3347 1570 3418 1111111110*
1581 3358 1753 3409 mmm?-
1784 3352 1902 3423 1111011111

216 3437 339 3508 corporis
350 3435 529 3508 pollutionem
548 3441 577 3491 ot
591 3435 850 3493 contaminationem
864 3437 1044 3507 utplurimum
1069 3431 1254 3487 bellarminus
1272 3432 1307 3488 de
1324 3450 1396 3489 mon.
1415 3450 1476 3505 cup.
1497 3440 1538 3490 33.
1559 3438 1707 3492 coaediam
1724 3456 1782 3493 aaa
1803 3442 1901 3494 dooers

216 3523 354 3592 desinunt,
373 3523 402 3576 in
422 3537 505 3593 quam
525 3521 689 3577 sententiam
708 3522 844 3593 quaedam
866 3539 898 3578 ex
918 3522 1044 3595 patribus
1070 3534 1130 3586 ooo,
1160 3518 1289 3587 9111110111
1308 3527 1399 3573 votam
1415 3537 1516 3575 acoros
1535 3524 1652 3591 ducam,
1679 3539 1741 3578 esse
1766 3526 1901 3595 diparaos,

214 3608 379 3664 adduximus
399 3608 542 3680 superius,
568 3607 670 3679 quibus
695 3614 724 3663 et
748 3608 817 3664 haec
834 3610 966 3681 conjungi
982 3626 1044 3680 pos-
1069 3605 1122 3657 eod
1138 3603 1168 3656 o'n
1183 3621 1306 3674 potatam
1319 3608 1433 3675 pcccati
1453 3608 1550 3672 facere
1572 3626 1619 3664 sos
1640 3610 1781 3666 inhabiles
1800 3615 1843 3667 ad
1857 3631 1902 3667 sa·

213 3702 290 3751 sunt:
323 3695 472 3750 ¹llaiicrcm
505 3696 604 3763 ipaoro
635 3702 661 3749 ct
679 3696 759 3762 sirpo
789 3713 845 3749 asoa
875 3713 950 3764 sam,
978 3696 1046 3751 dicit
1070 3691 1224 3744 cordolium
1241 3708 1276 3744 ac
1298 3692 1326 3744 si
1342 3692 1451 3762 ‹lipami
1470 3703 1566 3752 cassat
1612 3695 1842 3767 Respondemus:
1869 3716 1902 3755 ex

214 3780 327 3852 qnidam
355 3781 430 3852 apud
452 3780 615 3836 Cassianum
642 3779 690 3834 lib.
710 3786 735 3837 a.
761 3780 796 3835 de
823 3781 889 3852 spir.
907 3782 977 3838 sorn.
1011 3782 1043 3837 In
1070 3776 1179 3832 concilii
1195 3777 1290 3833 verbis
1309 3778 1487 3850 intelligitur,
1513 3798 1569 3836 non
1591 3783 1698 3839 solenni
1717 3784 1815 3857 aliquo
1831 3792 1902 3854 voto,

210 3869 275 3938 jure
305 3867 437 3923 canonico
468 3883 491 3920 c.
527 3865 556 3921 Si
590 3867 695 3922 Paulus
725 3872 767 3924 31.
793 3885 819 3940 q.
842 3874 866 3925 1.
898 3869 1045 3924 adducitur
1073 3862 1121 3918 eod
1139 3864 1215 3918 nuda
1229 3864 1429 3935 pollicitatione
1447 3871 1507 3920 tum
1524 3868 1655 3938 temporis
1672 3868 1800 3927 homines
1818 3872 1902 3929 inisse

214 3954 327 4010 dictum.
365 3952 529 4023 Hieronymi
551 3953 580 4006 in
606 3952 685 4023 epist.
704 3953 740 4007 ad
755 3953 908 4009 Eustach:
938 3956 1044 4011 Tiasa·
1071 3948 1108 4002 ad
1126 3949 1295 4007 coelibatum
1311 3951 1450 4023 obligatos
1469 3968 1619 4026 eorumque
1633 3955 1759 4027 nuptias,
1786 3957 1901 4030 sipost

214 4060 276 4095 mrss
291 4041 568 4112 ilicrapropbetiam,
581 4040 747 4094 aciaaoln's
761 4042 1046 4112 etiamcompleatar:
1072 4036 1182 4091 modum
1200 4038 1404 4093 matrimonium
1421 4039 1537 4108 nuent,
1555 4040 1641 4097 fuisse
1657 4047 1748 4112 ratas,
1777 4047 1901 4116 quanvis

216 4131 256 4183 Et
273 4129 395 4197 sirpiacs
420 4128 506 4182 boaac
524 4127 661 4193 deficiant.
701 4128 838 4198 Observa,
863 4129 935 4198 qaid
958 4131 1044 4198 dicat,
1070 4120 1108 4175 dd
1121 4124 1305 4180 mendatium
1323 4125 1458 4181 inhabiles
1484 4126 1589 4181 fuerim
1603 4127 1737 4199 judicati,
1760 4147 1818 4188 non
1845 4139 1900 4189 tam

214 4224 240 4268 ct
258 4214 381 4284 stirpiaco
400 4214 495 4281 boaae,
514 4213 583 4283 qaia
600 4222 663 4267 suat
683 4221 708 4267 et
722 4214 845 4285 cispiaco
857 4215 949 4270 malac
992 4218 1046 4280 Qai
1070 4213 1184 4279 propter
1199 4211 1326 4281 nuptias,
1351 4228 1434 4282 qnam
1452 4212 1526 4283 qnod
1543 4211 1626 4269 fidem
1649 4213 1787 4272 ecclesias
1809 4218 1900 4273 dm

215 4301 334 4365 uiderit,
359 4299 461 4370 inquit,
488 4300 631 4354 sarclicrcm
648 4302 689 4354 ad
706 4303 956 4371 coactspiscsadnm
975 4321 1044 4370 cam,
1070 4293 1364 4353 110111101111616111111.
1390 4300 1439 4359 Α1.
1454 4298 1901 4371 inquitBellarminuacoacs'licm

208 4389 273 4457 jam
291 4387 449 4443 moechatus
477 4395 517 4441 est
540 4404 600 4442 epm
623 4389 654 4441 ia
677 4390 762 4442 carde
780 4406 840 4442 suo,
878 4391 959 4444 Parit
977 4407 1044 4463 &90
1070 4398 1127 4435 lton
1145 4382 1227 4451 amit,
1240 4401 1287 4437 cos
1305 4385 1512 4440 matrimonium
1531 4387 1715 4456 commeat,
1739 4392 1793 4444 ud
1813 4392 1902 4447 tolttm

213 4477 298 4529 etium
317 4482 405 4529 meatc
423 4474 582 4544 eirpiaitas.
620 4476 697 4530 Istae
721 4483 785 4529 srsat
801 4476 924 4546 stirpiaco
943 4478 1044 4548 malac,
1066 4468 1281 4539 mandoline
1297 4473 1389 4536 suiset
1405 4474 1618 4542 promissionem
1636 4492 1732 4545 msam,
1750 4481 1829 4547 quod
1845 4487 1901 4534 tam

212 4563 336 4631 rirpiass
354 4578 448 4630 caras,
467 4579 523 4615 aaa
541 4563 652 4631 spriritu,
670 4578 704 4616 ac
721 4560 849 4617 rubricae
867 4563 927 4619 loco
940 4565 1043 4622 ibidem
1064 4557 1260 4624 fml'ffl‘t'm
1270 4576 1354 4627 ‘luam
1368 4562 1549 4632 superaptari
1558 4563 1657 4632 voluit·
1675 4562 1900 4635 Retpdndemns:

211 4649 402 4721 praeponitur:
431 4648 587 4717 Virpiaitas
610 4649 705 4703 corais
724 4666 780 4702 aoa
804 4659 932 4704 sernatar
956 4663 1044 4708 assate
1071 4644 1221 4700 abturdum
1243 4642 1316 4701 foret
1340 4645 1530 4705 fornicationis
1556 4664 1675 4720 poenam
1698 4667 1755 4706 non
1780 4659 1921 4727 ammeta,

212 4746 353 4807 cornipes.
373 4752 396 4792 c.
426 4734 485 4791 Nec
509 4735 574 4791 solo.
602 4751 677 4791 caus.
701 4741 729 4791 et
747 4741 852 4807 quaest
872 4737 947 4795 iisd:
975 4739 1044 4795 Oam
1070 4731 1254 4803 11111111111111111
1272 4732 1347 4804 qnod
1365 4733 1439 4790 inter
1457 4734 1696 4809 digamoshaberi
1715 4737 1850 4811 debeant,
1869 4759 1903 4798 ac

212 4837 241 4873 sc
278 4821 334 4874 sibi
364 4822 481 4876 iaoiccm
509 4823 594 4877 ctiam
623 4830 727 4876 taccatc
765 4823 863 4893 liapaa
899 4836 1042 4896 conspecta
1070 4818 1141 4872 11161
1160 4816 1284 4887 bigam&
1301 4835 1412 4875 tentore
1438 4820 1513 4888 11101,
1544 4821 1593 4893 qui
1617 4838 1652 4877 ne
1679 4824 1766 4879 semel
1791 4827 1902 4898 quidem

213 4915 306 4960 macco
327 4909 415 4961 corda
439 4910 570 4963 auatiaat
587 4908 745 4979 impudica,
769 4917 794 4964 ct
811 4914 962 4966 saccariam
980 4931 1044 4968 coa-
1070 4903 1181 4975 nuptias
1200 4908 1399 4961 θθῦῑῖὃῑθῐῦῡῑ
1435 4906 1518 4963 Adde
1536 4908 1611 4980 quod
1623 4908 1771 4965 0011011111)
1784 4912 1820 4967 de
1839 4912 1901 4980 11113,

212 4992 410 5063 capisccaticm
437 4997 532 5064 einais
562 4997 699 5051 ataraao
725 4997 900 5050 ddcctaatar
930 5000 1043 5068 ardore,
1070 5007 1222 5062 quaecum
1248 4991 1376 5047 masculis
1394 4994 1506 5049 seorsim
1532 4993 1698 5050 habitabant
1724 5003 1754 5053 et
1784 4998 1901 5057 fornica·

212 5078 297 5134 ctiam
320 5082 433 5133 intactis
460 5084 496 5136 ab
528 5084 671 5137 immunda
699 5082 851 5137 roiolatioac
878 5062 1180 5152 corporibasibantur,
1198 5078 1280 5133 aliam
1300 5078 1391 5150 legem
1410 5080 1561 5137 constituit.
1593 5082 1681 5137 Addit
1697 5085 1822 5157 medem,
1839 5106 1902 5143 coa·

211 5165 289 5234 fapit
305 5165 421 5219 castitas
441 5170 476 5220 ris
493 5169 623 5224 ascribas.
661 5168 736 5235 Quid
756 5185 823 5239 ergo
843 5174 929 5240 agant
945 5152 1166 5241 voteriiieilo'um
1201 5165 1359 5236 iatdlo'porc
1393 5184 1454 5231 eoo.
1492 5170 1541 5237 qui
1564 5177 1632 5240 post
1658 5177 1754 5226 aotam
1783 5174 1903 5246 simplas

211 5252 250 5307 illi
271 5250 405 5320 coelibes,
428 5253 475 5322 qui
497 5260 645 5325 perpetuus
671 5255 733 5310 illas
758 5253 879 5310 ustiones
903 5252 1183 5333 sentiuntlgaabaat.
1229 5252 1453 5324 Respondemus:
1480 5261 1574 5311 votnm
1600 5257 1715 5329 simplex
1748 5277 1766 5314 a
1796 5262 1904 5319 solenni

212 5338 319 5393 etiamsi
338 5355 444 5394 summo
466 5341 557 5396 studio
587 5342 736 5398 cohibeant
759 5347 900 5399 externam
925 5342 1124 5457 locomoqnon
1141 5342 1235 5397 differt
1259 5343 1456 5413 essentialiter,
1485 5344 1535 5401 sod
1558 5352 1666 5400 tantum
1693 5347 1905 5407 accidentaliter

213 5425 311 5489 ivam,
341 5442 377 5479 ne
404 5424 432 5479 in
459 5433 599 5483 artemam
625 5428 819 5484 scortationem
846 5428 970 5485 incidant
996 5431 1175 5517 ant'ratione
1199 5430 1411 5501 solennitatum,
1441 5448 1510 5502 quas
1536 5434 1724 5489 ecclesiastica
1744 5438 1905 5494 mustitutio

212 5510 368 5567 voluntarie
387 5526 447 5567 sese
470 5511 590 5568 exterius
608 5514 749 5586 polluant,
777 5520 870 5571 tamen
887 5515 978 5589 ipsum
995 5536 1043 5575 eor
1055 5532 1058 5559 ³
1071 5517 1159 5583 addit,
1176 5520 1208 5571 ut
1225 5532 1277 5571 suo
1296 5517 1355 5573 loco
1373 5517 1537 5577 videbimus.
1570 5519 1599 5576 si
1619 5537 1687 5593 ergo
1705 5523 1824 5595 nuptiae
1840 5532 1905 5597 post
