<?xml version="1.0" encoding="UTF-8"?>
<!DOCTYPE html PUBLIC "-//W3C//DTD XHTML 1.0 Transitional//EN"
    "http://www.w3.org/TR/xhtml1/DTD/xhtml1-transitional.dtd">
<html xmlns="http://www.w3.org/1999/xhtml" xml:lang="en" lang="en">
 <head>
  <title>
</title>
<meta http-equiv="Content-Type" content="text/html;charset=utf-8" />
  <meta name='ocr-system' content='tesseract 3.04.00' />
  <meta name='ocr-capabilities' content='ocr_page ocr_carea ocr_par ocr_line ocrx_word'/>
</head>
<body>
  <div class='ocr_page' id='page_1' title='image "./locitheologicit01gerhgoog/locitheologicit01gerhgoog_0325.png"; bbox 0 0 4020 6022; ppageno 0'>
   <div class='ocr_carea' id='block_1_1' title="bbox 852 267 1831 348">
    <p class='ocr_par' dir='ltr' id='par_1_1' title="bbox 852 267 1831 348">
     <span class='ocr_line' id='line_1_1' title="bbox 852 267 1831 348; baseline 0.011 -11"><span class='ocrx_word' id='word_1_1' title='bbox 852 277 1121 339; x_wconf 61' lang='lat' dir='ltr'><strong><em>annumero.</em></strong></span> <span class='ocrx_word' id='word_1_2' title='bbox 1498 267 1503 274; x_wconf 91' lang='grc'><strong>’</strong></span> <span class='ocrx_word' id='word_1_3' title='bbox 1770 288 1831 348; x_wconf 79' lang='lat' dir='ltr'><strong><em>su</em></strong></span> 
     </span>
    </p>
   </div>
   <div class='ocr_carea' id='block_1_2' title="bbox 131 432 1957 2228">
    <p class='ocr_par' dir='ltr' id='par_1_2' title="bbox 131 432 1836 2143">
     <span class='ocr_line' id='line_1_2' title="bbox 132 432 1834 507; baseline -0.001 -16"><span class='ocrx_word' id='word_1_4' title='bbox 132 434 288 491; x_wconf 86' lang='lat' dir='ltr'><strong><em>coelibibus</em></strong></span> <span class='ocrx_word' id='word_1_5' title='bbox 307 439 337 491; x_wconf 90' lang='lat' dir='ltr'><strong><em>et</em></strong></span> <span class='ocrx_word' id='word_1_6' title='bbox 360 435 519 507; x_wconf 85' lang='lat' dir='ltr'><strong><em>conjugatis</em></strong></span> <span class='ocrx_word' id='word_1_7' title='bbox 537 435 599 490; x_wconf 90' lang='lat' dir='ltr'><strong><em>Deo</em></strong></span> <span class='ocrx_word' id='word_1_8' title='bbox 622 435 783 506; x_wconf 82' lang='lat' dir='ltr'><strong><em>probantur.</em></strong></span> <span class='ocrx_word' id='word_1_9' title='bbox 831 432 970 489; x_wconf 65' lang='lat' dir='ltr'><strong><em>liutherus</em></strong></span> <span class='ocrx_word' id='word_1_10' title='bbox 998 435 1135 504; x_wconf 79' lang='lat' dir='ltr'><strong><em>sarspuine</em></strong></span> <span class='ocrx_word' id='word_1_11' title='bbox 1163 450 1215 488; x_wconf 81' lang='lat' dir='ltr'><strong><em>uso</em></strong></span> <span class='ocrx_word' id='word_1_12' title='bbox 1245 451 1297 489; x_wconf 85' lang='lat' dir='ltr'><strong><em>noe</em></strong></span> <span class='ocrx_word' id='word_1_13' title='bbox 1326 435 1397 489; x_wconf 81' lang='lat' dir='ltr'><strong><em>lacit</em></strong></span> <span class='ocrx_word' id='word_1_14' title='bbox 1426 441 1452 489; x_wconf 86' lang='lat' dir='ltr'><strong><em>et</em></strong></span> <span class='ocrx_word' id='word_1_15' title='bbox 1475 434 1572 504; x_wconf 78' lang='lat' dir='ltr'><strong><em>jsatoe</em></strong></span> <span class='ocrx_word' id='word_1_16' title='bbox 1596 451 1632 489; x_wconf 88' lang='lat' dir='ltr'><strong><em>ae</em></strong></span> <span class='ocrx_word' id='word_1_17' title='bbox 1648 434 1726 501; x_wconf 73' lang='lat' dir='ltr'><strong><em>filios</em></strong></span> <span class='ocrx_word' id='word_1_18' title='bbox 1752 435 1834 505; x_wconf 75' lang='lat' dir='ltr'><strong><em>repsi</em></strong></span> 
     </span>
     <span class='ocr_line' id='line_1_3' title="bbox 132 519 1834 593; baseline 0.001 -18"><span class='ocrx_word' id='word_1_19' title='bbox 132 521 163 575; x_wconf 89' lang='lat' dir='ltr'><strong><em>in</em></strong></span> <span class='ocrx_word' id='word_1_20' title='bbox 183 521 295 593; x_wconf 86' lang='lat' dir='ltr'><strong><em>epithal.</em></strong></span> <span class='ocrx_word' id='word_1_21' title='bbox 321 521 412 576; x_wconf 89' lang='lat' dir='ltr'><strong><em>idest</em></strong></span> <span class='ocrx_word' id='word_1_22' title='bbox 431 521 460 576; x_wconf 90' lang='lat' dir='ltr'><strong><em>in</em></strong></span> <span class='ocrx_word' id='word_1_23' title='bbox 478 538 576 577; x_wconf 90' lang='lat' dir='ltr'><strong><em>comm.</em></strong></span> <span class='ocrx_word' id='word_1_24' title='bbox 600 527 622 578; x_wconf 91' lang='grc'><strong><em>1.</em></strong></span> <span class='ocrx_word' id='word_1_25' title='bbox 641 520 704 576; x_wconf 87' lang='lat' dir='ltr'><strong><em>Cor.</em></strong></span> <span class='ocrx_word' id='word_1_26' title='bbox 722 527 746 577; x_wconf 86' lang='grc'><strong>’1.</strong></span> <span class='ocrx_word' id='word_1_27' title='bbox 768 519 815 574; x_wconf 83' lang='lat' dir='ltr'><strong><em>fol.</em></strong></span> <span class='ocrx_word' id='word_1_28' title='bbox 842 524 907 576; x_wconf 74' lang='lat'>338:</span> <span class='ocrx_word' id='word_1_29' title='bbox 937 519 972 574; x_wconf 77' lang='lat' dir='ltr'><strong><em>Si</em></strong></span> <span class='ocrx_word' id='word_1_30' title='bbox 996 520 1075 582; x_wconf 79' lang='lat' dir='ltr'><strong><em>feast.</em></strong></span> <span class='ocrx_word' id='word_1_31' title='bbox 1122 520 1217 589; x_wconf 77' lang='lat' dir='ltr'><strong><em>Ipitur</em></strong></span> <span class='ocrx_word' id='word_1_32' title='bbox 1246 520 1300 574; x_wconf 88' lang='lat' dir='ltr'><strong><em>illa</em></strong></span> <span class='ocrx_word' id='word_1_33' title='bbox 1321 520 1439 588; x_wconf 82' lang='lat' dir='ltr'><strong><em>justitia</em></strong></span> <span class='ocrx_word' id='word_1_34' title='bbox 1466 521 1564 575; x_wconf 77' lang='lat' dir='ltr'><strong><em>aarrts&#39;s</em></strong></span> <span class='ocrx_word' id='word_1_35' title='bbox 1591 527 1631 574; x_wconf 91' lang='lat' dir='ltr'><strong><em>est</em></strong></span> <span class='ocrx_word' id='word_1_36' title='bbox 1655 521 1706 574; x_wconf 82' lang='lat' dir='ltr'><strong><em>uel</em></strong></span> <span class='ocrx_word' id='word_1_37' title='bbox 1718 520 1834 589; x_wconf 78' lang='lat' dir='ltr'><strong><em>jsestitic</em></strong></span> 
     </span>
     <span class='ocr_line' id='line_1_4' title="bbox 131 605 1836 679; baseline -0.001 -18"><span class='ocrx_word' id='word_1_38' title='bbox 131 607 283 677; x_wconf 68' lang='lat' dir='ltr'><strong><em>supinitas</em></strong></span> <span class='ocrx_word' id='word_1_39' title='bbox 308 616 334 664; x_wconf 84' lang='lat' dir='ltr'><strong><em>et</em></strong></span> <span class='ocrx_word' id='word_1_40' title='bbox 359 609 520 679; x_wconf 79' lang='lat' dir='ltr'><strong><em>conjupium</em></strong></span> <span class='ocrx_word' id='word_1_41' title='bbox 543 608 659 663; x_wconf 85' lang='lat' dir='ltr'><strong><em>inuicem</em></strong></span> <span class='ocrx_word' id='word_1_42' title='bbox 685 609 885 676; x_wconf 81' lang='lat' dir='ltr'><strong><em>conserantur,</em></strong></span> <span class='ocrx_word' id='word_1_43' title='bbox 916 606 969 659; x_wconf 81' lang='lat' dir='ltr'><strong><em>oir-</em></strong></span> <span class='ocrx_word' id='word_1_44' title='bbox 997 606 1067 669; x_wconf 71' lang='lat' dir='ltr'><strong><em>fidei</em></strong></span> <span class='ocrx_word' id='word_1_45' title='bbox 1082 622 1133 660; x_wconf 87' lang='lat' dir='ltr'><strong><em>eeu</em></strong></span> <span class='ocrx_word' id='word_1_46' title='bbox 1153 606 1263 670; x_wconf 73' lang='lat' dir='ltr'><strong><em>Christi</em></strong></span> <span class='ocrx_word' id='word_1_47' title='bbox 1277 613 1305 659; x_wconf 88' lang='lat' dir='ltr'><strong><em>et</em></strong></span> <span class='ocrx_word' id='word_1_48' title='bbox 1320 605 1460 671; x_wconf 71' lang='lat' dir='ltr'><strong><em>infinitum</em></strong></span> <span class='ocrx_word' id='word_1_49' title='bbox 1478 606 1600 676; x_wconf 86' lang='lat' dir='ltr'><strong><em>dietant,</em></strong></span> <span class='ocrx_word' id='word_1_50' title='bbox 1622 624 1679 661; x_wconf 78' lang='lat' dir='ltr'><strong><em>non</em></strong></span> <span class='ocrx_word' id='word_1_51' title='bbox 1698 608 1772 661; x_wconf 59' lang='lat' dir='ltr'><strong><em>enm</em></strong></span> <span class='ocrx_word' id='word_1_52' title='bbox 1788 607 1836 661; x_wconf 86' lang='lat' dir='ltr'><strong><em>illi</em></strong></span> 
     </span>
     <span class='ocr_line' id='line_1_5' title="bbox 133 691 1833 762; baseline 0 -15"><span class='ocrx_word' id='word_1_53' title='bbox 133 693 241 762; x_wconf 74' lang='lat' dir='ltr'><strong><em>pindos</em></strong></span> <span class='ocrx_word' id='word_1_54' title='bbox 259 694 381 749; x_wconf 79' lang='lat' dir='ltr'><strong><em>nobilius</em></strong></span> <span class='ocrx_word' id='word_1_55' title='bbox 393 696 498 748; x_wconf 87' lang='lat' dir='ltr'><strong><em>donum</em></strong></span> <span class='ocrx_word' id='word_1_56' title='bbox 512 702 553 747; x_wconf 86' lang='lat' dir='ltr'><strong><em>eet</em></strong></span> <span class='ocrx_word' id='word_1_57' title='bbox 570 710 654 761; x_wconf 77' lang='lat' dir='ltr'><strong><em>quam</em></strong></span> <span class='ocrx_word' id='word_1_58' title='bbox 669 693 838 762; x_wconf 71' lang='lat' dir='ltr'><strong><em>eoniupium,</em></strong></span> <span class='ocrx_word' id='word_1_59' title='bbox 857 691 970 745; x_wconf 85' lang='lat' dir='ltr'><strong><em>interim</em></strong></span> <span class='ocrx_word' id='word_1_60' title='bbox 998 694 1051 745; x_wconf 85' lang='lat' dir='ltr'><strong><em>sed</em></strong></span> <span class='ocrx_word' id='word_1_61' title='bbox 1065 693 1164 762; x_wconf 80' lang='lat' dir='ltr'><strong><em>priori</em></strong></span> <span class='ocrx_word' id='word_1_62' title='bbox 1176 693 1284 748; x_wconf 82' lang='lat' dir='ltr'><strong><em>Christi</em></strong></span> <span class='ocrx_word' id='word_1_63' title='bbox 1294 692 1429 760; x_wconf 77' lang='lat' dir='ltr'><strong><em>justitiae</em></strong></span> <span class='ocrx_word' id='word_1_64' title='bbox 1440 691 1588 745; x_wconf 84' lang='lat' dir='ltr'><strong><em>tribuimus</em></strong></span> <span class='ocrx_word' id='word_1_65' title='bbox 1605 692 1833 762; x_wconf 76' lang='lat' dir='ltr'><strong><em>isatifioationem</em></strong></span> 
     </span>
     <span class='ocr_line' id='line_1_6' title="bbox 132 777 1832 850; baseline 0.001 -18"><span class='ocrx_word' id='word_1_66' title='bbox 132 787 225 834; x_wconf 84' lang='lat' dir='ltr'><strong><em>tamen</em></strong></span> <span class='ocrx_word' id='word_1_67' title='bbox 247 780 411 850; x_wconf 74' lang='lat' dir='ltr'><strong><em>conjupium</em></strong></span> <span class='ocrx_word' id='word_1_68' title='bbox 434 780 532 834; x_wconf 85' lang='lat' dir='ltr'><strong><em>itidem</em></strong></span> <span class='ocrx_word' id='word_1_69' title='bbox 550 787 590 833; x_wconf 87' lang='lat' dir='ltr'><strong><em>est</em></strong></span> <span class='ocrx_word' id='word_1_70' title='bbox 609 781 713 834; x_wconf 82' lang='lat' dir='ltr'><strong><em>donum</em></strong></span> <span class='ocrx_word' id='word_1_71' title='bbox 733 779 805 845; x_wconf 86' lang='lat' dir='ltr'><strong><em>Dei,</em></strong></span> <span class='ocrx_word' id='word_1_72' title='bbox 837 785 868 832; x_wconf 90' lang='lat' dir='ltr'><strong><em>ut</em></strong></span> <span class='ocrx_word' id='word_1_73' title='bbox 891 777 969 832; x_wconf 86' lang='lat' dir='ltr'><strong><em>clare</em></strong></span> <span class='ocrx_word' id='word_1_74' title='bbox 998 786 1023 832; x_wconf 89' lang='lat' dir='ltr'><strong><em>et</em></strong></span> <span class='ocrx_word' id='word_1_75' title='bbox 1050 780 1178 837; x_wconf 69' lang='lat' dir='ltr'><strong><em>selaeu.</em></strong></span> <span class='ocrx_word' id='word_1_76' title='bbox 1227 777 1384 834; x_wconf 76' lang='lat' dir='ltr'><strong><em>emundor</em></strong></span> <span class='ocrx_word' id='word_1_77' title='bbox 1413 777 1444 831; x_wconf 90' lang='lat' dir='ltr'><strong><em>in</em></strong></span> <span class='ocrx_word' id='word_1_78' title='bbox 1468 778 1614 832; x_wconf 81' lang='lat' dir='ltr'><strong><em>comultat.</em></strong></span> <span class='ocrx_word' id='word_1_79' title='bbox 1642 794 1704 849; x_wconf 83' lang='lat' dir='ltr'><strong><em>cap.</em></strong></span> <span class='ocrx_word' id='word_1_80' title='bbox 1723 778 1758 833; x_wconf 89' lang='lat' dir='ltr'><strong><em>de</em></strong></span> <span class='ocrx_word' id='word_1_81' title='bbox 1776 794 1832 833; x_wconf 91' lang='lat' dir='ltr'><strong><em>mo·</em></strong></span> 
     </span>
     <span class='ocr_line' id='line_1_7' title="bbox 132 863 1835 936; baseline 0 -17"><span class='ocrx_word' id='word_1_82' title='bbox 132 873 250 921; x_wconf 76' lang='lat' dir='ltr'><strong><em>anaor</em></strong></span> <span class='ocrx_word' id='word_1_83' title='bbox 281 866 445 936; x_wconf 84' lang='lat' dir='ltr'><strong><em>apostolus:</em></strong></span> <span class='ocrx_word' id='word_1_84' title='bbox 488 866 540 920; x_wconf 79' lang='lat' dir='ltr'><strong><em>Vis·</em></strong></span> <span class='ocrx_word' id='word_1_85' title='bbox 569 865 693 920; x_wconf 76' lang='lat' dir='ltr'><strong><em>nobilior</em></strong></span> <span class='ocrx_word' id='word_1_86' title='bbox 720 883 755 918; x_wconf 84' lang='lat' dir='ltr'><strong><em>aa</em></strong></span> <span class='ocrx_word' id='word_1_87' title='bbox 784 864 898 933; x_wconf 74' lang='lat' dir='ltr'><strong><em>dipaior</em></strong></span> <span class='ocrx_word' id='word_1_88' title='bbox 931 871 969 917; x_wconf 84' lang='lat' dir='ltr'><strong><em>est</em></strong></span> <span class='ocrx_word' id='word_1_89' title='bbox 996 863 1117 920; x_wconf 89' lang='lat' dir='ltr'><strong><em>nachatu</em></strong></span> <span class='ocrx_word' id='word_1_90' title='bbox 1146 870 1197 919; x_wconf 88' lang='lat' dir='ltr'><strong><em>art.</em></strong></span> <span class='ocrx_word' id='word_1_91' title='bbox 1230 870 1272 921; x_wconf 84' lang='grc'><strong><em>25.</em></strong></span> <span class='ocrx_word' id='word_1_92' title='bbox 1296 882 1324 935; x_wconf 90' lang='lat' dir='ltr'><strong><em>p.</em></strong></span> <span class='ocrx_word' id='word_1_93' title='bbox 1352 868 1417 920; x_wconf 77' lang='lat'><strong>232:</strong></span> <span class='ocrx_word' id='word_1_94' title='bbox 1445 865 1589 918; x_wconf 72' lang='lat' dir='ltr'><strong><em>Dicuntur</em></strong></span> <span class='ocrx_word' id='word_1_95' title='bbox 1613 880 1702 933; x_wconf 81' lang='lat' dir='ltr'><strong><em>opera</em></strong></span> <span class='ocrx_word' id='word_1_96' title='bbox 1721 865 1835 919; x_wconf 85' lang='lat' dir='ltr'><strong><em>consilii</em></strong></span> 
     </span>
     <span class='ocr_line' id='line_1_8' title="bbox 131 950 1833 1022; baseline 0 -17"><span class='ocrx_word' id='word_1_97' title='bbox 131 952 258 1022; x_wconf 72' lang='lat' dir='ltr'><strong><em>semina5</em></strong></span> <span class='ocrx_word' id='word_1_98' title='bbox 293 952 406 1007; x_wconf 62' lang='lat' dir='ltr'><strong><em>mrim</em></strong></span> <span class='ocrx_word' id='word_1_99' title='bbox 434 952 545 1015; x_wconf 75' lang='lat' dir='ltr'><strong><em>semina</em></strong></span> <span class='ocrx_word' id='word_1_100' title='bbox 572 969 628 1005; x_wconf 91' lang='lat' dir='ltr'><strong><em>non</em></strong></span> <span class='ocrx_word' id='word_1_101' title='bbox 656 952 749 1005; x_wconf 84' lang='lat' dir='ltr'><strong><em>minue</em></strong></span> <span class='ocrx_word' id='word_1_102' title='bbox 777 958 818 1005; x_wconf 84' lang='lat' dir='ltr'><strong><em>est</em></strong></span> <span class='ocrx_word' id='word_1_103' title='bbox 835 951 894 1004; x_wconf 87' lang='lat' dir='ltr'><strong><em>Dei</em></strong></span> <span class='ocrx_word' id='word_1_104' title='bbox 911 950 969 1018; x_wconf 89' lang='lat' dir='ltr'><strong><em>opi-</em></strong></span> <span class='ocrx_word' id='word_1_105' title='bbox 995 957 1022 1003; x_wconf 90' lang='lat' dir='ltr'><strong><em>et</em></strong></span> <span class='ocrx_word' id='word_1_106' title='bbox 1041 950 1307 1019; x_wconf 69' lang='lat' dir='ltr'><strong><em>supaeropationia</em></strong></span> <span class='ocrx_word' id='word_1_107' title='bbox 1326 968 1383 1005; x_wconf 87' lang='lat' dir='ltr'><strong><em>nou</em></strong></span> <span class='ocrx_word' id='word_1_108' title='bbox 1400 951 1478 1018; x_wconf 77' lang='lat' dir='ltr'><strong><em>quod</em></strong></span> <span class='ocrx_word' id='word_1_109' title='bbox 1496 950 1610 1018; x_wconf 69' lang='lat' dir='ltr'><strong><em>aliquid</em></strong></span> <span class='ocrx_word' id='word_1_110' title='bbox 1640 967 1730 1020; x_wconf 78' lang='lat' dir='ltr'><strong><em>supra</em></strong></span> <span class='ocrx_word' id='word_1_111' title='bbox 1749 952 1833 1015; x_wconf 76' lang='lat' dir='ltr'><strong><em>fineen</em></strong></span> 
     </span>
     <span class='ocr_line' id='line_1_9' title="bbox 132 1036 1833 1108; baseline -0.001 -16"><span class='ocrx_word' id='word_1_112' title='bbox 132 1039 227 1101; x_wconf 73' lang='lat' dir='ltr'><strong><em>tisim</em></strong></span> <span class='ocrx_word' id='word_1_113' title='bbox 250 1056 335 1108; x_wconf 77' lang='lat' dir='ltr'><strong><em>quam</em></strong></span> <span class='ocrx_word' id='word_1_114' title='bbox 357 1039 416 1102; x_wconf 84' lang='lat' dir='ltr'><strong><em>uir,</em></strong></span> <span class='ocrx_word' id='word_1_115' title='bbox 444 1038 513 1106; x_wconf 74' lang='lat' dir='ltr'><strong><em>qaia</em></strong></span> <span class='ocrx_word' id='word_1_116' title='bbox 538 1055 635 1093; x_wconf 83' lang='lat' dir='ltr'><strong><em>coram</em></strong></span> <span class='ocrx_word' id='word_1_117' title='bbox 653 1039 718 1090; x_wconf 89' lang='lat' dir='ltr'><strong><em>Deo</em></strong></span> <span class='ocrx_word' id='word_1_118' title='bbox 742 1045 806 1091; x_wconf 83' lang='lat' dir='ltr'><strong><em>eunt</em></strong></span> <span class='ocrx_word' id='word_1_119' title='bbox 828 1037 970 1104; x_wconf 77' lang='lat' dir='ltr'><strong><em>aequalia,</em></strong></span> <span class='ocrx_word' id='word_1_120' title='bbox 997 1037 1143 1092; x_wconf 86' lang='lat' dir='ltr'><strong><em>mandatis</em></strong></span> <span class='ocrx_word' id='word_1_121' title='bbox 1163 1037 1273 1093; x_wconf 67' lang='lat' dir='ltr'><strong><em>Cbmsti</em></strong></span> <span class='ocrx_word' id='word_1_122' title='bbox 1284 1036 1494 1105; x_wconf 63' lang='lat' dir='ltr'><strong><em>promptum</em></strong></span> <span class='ocrx_word' id='word_1_123' title='bbox 1511 1042 1668 1104; x_wconf 86' lang='lat' dir='ltr'><strong><em>praestent,</em></strong></span> <span class='ocrx_word' id='word_1_124' title='bbox 1685 1039 1738 1091; x_wconf 88' lang='lat' dir='ltr'><strong><em>sed</em></strong></span> <span class='ocrx_word' id='word_1_125' title='bbox 1754 1040 1833 1106; x_wconf 72' lang='lat' dir='ltr'><strong><em>quod</em></strong></span> 
     </span>
     <span class='ocr_line' id='line_1_10' title="bbox 133 1122 1831 1193; baseline -0.002 -14"><span class='ocrx_word' id='word_1_126' title='bbox 133 1140 208 1192; x_wconf 75' lang='lat' dir='ltr'><strong><em>quae</em></strong></span> <span class='ocrx_word' id='word_1_127' title='bbox 228 1124 303 1179; x_wconf 80' lang='lat' dir='ltr'><strong><em>inter</em></strong></span> <span class='ocrx_word' id='word_1_128' title='bbox 320 1139 350 1177; x_wconf 88' lang='lat' dir='ltr'><strong><em>se</em></strong></span> <span class='ocrx_word' id='word_1_129' title='bbox 368 1123 541 1193; x_wconf 73' lang='lat' dir='ltr'><strong><em>inaequalia.</em></strong></span> <span class='ocrx_word' id='word_1_130' title='bbox 583 1122 743 1179; x_wconf 75' lang='lat' dir='ltr'><strong><em>Coehbetue</em></strong></span> <span class='ocrx_word' id='word_1_131' title='bbox 762 1128 856 1178; x_wconf 87' lang='lat' dir='ltr'><strong><em>estex</em></strong></span> <span class='ocrx_word' id='word_1_132' title='bbox 875 1137 968 1177; x_wconf 83' lang='lat' dir='ltr'><strong><em>eorum</em></strong></span> <span class='ocrx_word' id='word_1_133' title='bbox 996 1123 1037 1175; x_wconf 86' lang='lat' dir='ltr'><strong><em>ad</em></strong></span> <span class='ocrx_word' id='word_1_134' title='bbox 1049 1124 1137 1189; x_wconf 86' lang='lat' dir='ltr'><strong><em>finem</em></strong></span> <span class='ocrx_word' id='word_1_135' title='bbox 1157 1123 1240 1176; x_wconf 85' lang='lat' dir='ltr'><strong><em>illum</em></strong></span> <span class='ocrx_word' id='word_1_136' title='bbox 1258 1123 1481 1191; x_wconf 66' lang='lat' dir='ltr'><strong><em>consentiendum</em></strong></span> <span class='ocrx_word' id='word_1_137' title='bbox 1492 1122 1668 1191; x_wconf 72' lang='lat' dir='ltr'><strong><em>peculiarem</em></strong></span> <span class='ocrx_word' id='word_1_138' title='bbox 1686 1125 1831 1191; x_wconf 72' lang='lat' dir='ltr'><strong><em>quandam</em></strong></span> 
     </span>
     <span class='ocr_line' id='line_1_11' title="bbox 132 1200 1831 1281; baseline 0 -18"><span class='ocrx_word' id='word_1_139' title='bbox 132 1226 262 1275; x_wconf 87' lang='lat' dir='ltr'><strong><em>numero,</em></strong></span> <span class='ocrx_word' id='word_1_140' title='bbox 293 1200 366 1281; x_wconf 60' lang='lat' dir='ltr'><strong><em>(puae</em></strong></span> <span class='ocrx_word' id='word_1_141' title='bbox 389 1217 524 1266; x_wconf 71' lang='lat' dir='ltr'><strong><em>vocwtm</em></strong></span> <span class='ocrx_word' id='word_1_142' title='bbox 548 1211 582 1264; x_wconf 81' lang='lat' dir='ltr'><strong><em>ri</em></strong></span> <span class='ocrx_word' id='word_1_143' title='bbox 600 1214 691 1279; x_wconf 77' lang='grc' dir='ltr'><strong>μέσα,</strong></span> <span class='ocrx_word' id='word_1_144' title='bbox 721 1209 822 1281; x_wconf 86' lang='lat' dir='ltr'><strong><em>quibus</em></strong></span> <span class='ocrx_word' id='word_1_145' title='bbox 840 1215 869 1264; x_wconf 91' lang='lat' dir='ltr'><strong><em>et</em></strong></span> <span class='ocrx_word' id='word_1_146' title='bbox 890 1208 970 1275; x_wconf 88' lang='lat' dir='ltr'><strong><em>bene,</em></strong></span> <span class='ocrx_word' id='word_1_147' title='bbox 996 1215 1022 1259; x_wconf 86' lang='lat' dir='ltr'><strong><em>et</em></strong></span> <span class='ocrx_word' id='word_1_148' title='bbox 1056 1209 1258 1277; x_wconf 60' lang='lat' dir='ltr'><strong><em>inpeditior-em</em></strong></span> <span class='ocrx_word' id='word_1_149' title='bbox 1297 1209 1372 1262; x_wconf 85' lang='lat' dir='ltr'><strong><em>uiam</em></strong></span> <span class='ocrx_word' id='word_1_150' title='bbox 1406 1209 1622 1276; x_wconf 76' lang='lat' dir='ltr'><strong><em>ingrediantur,</em></strong></span> <span class='ocrx_word' id='word_1_151' title='bbox 1659 1207 1695 1264; x_wconf 87' lang='lat' dir='ltr'><strong><em>de</em></strong></span> <span class='ocrx_word' id='word_1_152' title='bbox 1729 1208 1831 1281; x_wconf 86' lang='lat' dir='ltr'><strong><em>quibus</em></strong></span> 
     </span>
     <span class='ocr_line' id='line_1_12' title="bbox 133 1291 1831 1367; baseline -0.001 -16"><span class='ocrx_word' id='word_1_153' title='bbox 133 1303 163 1351; x_wconf 89' lang='lat' dir='ltr'><strong><em>et</em></strong></span> <span class='ocrx_word' id='word_1_154' title='bbox 192 1296 266 1353; x_wconf 85' lang='lat' dir='ltr'><strong><em>male</em></strong></span> <span class='ocrx_word' id='word_1_155' title='bbox 293 1295 335 1352; x_wconf 90' lang='lat' dir='ltr'><strong><em>uti</em></strong></span> <span class='ocrx_word' id='word_1_156' title='bbox 361 1312 515 1367; x_wconf 87' lang='lat' dir='ltr'><strong><em>possumus.</em></strong></span> <span class='ocrx_word' id='word_1_157' title='bbox 563 1296 617 1362; x_wconf 84' lang='lat' dir='ltr'><strong><em>Qui</em></strong></span> <span class='ocrx_word' id='word_1_158' title='bbox 647 1296 676 1351; x_wconf 89' lang='lat' dir='ltr'><strong><em>in</em></strong></span> <span class='ocrx_word' id='word_1_159' title='bbox 703 1295 844 1351; x_wconf 85' lang='lat' dir='ltr'><strong><em>coelibatu</em></strong></span> <span class='ocrx_word' id='word_1_160' title='bbox 868 1295 915 1365; x_wconf 91' lang='lat' dir='ltr'><strong><em>pie</em></strong></span> <span class='ocrx_word' id='word_1_161' title='bbox 941 1302 969 1350; x_wconf 88' lang='lat' dir='ltr'><strong><em>ct</em></strong></span> <span class='ocrx_word' id='word_1_162' title='bbox 996 1291 1104 1348; x_wconf 63' lang='lat' dir='ltr'><strong><em>Qrson</em></strong></span> <span class='ocrx_word' id='word_1_163' title='bbox 1132 1294 1181 1350; x_wconf 89' lang='lat' dir='ltr'><strong><em>lib.</em></strong></span> <span class='ocrx_word' id='word_1_164' title='bbox 1212 1295 1248 1349; x_wconf 92' lang='lat' dir='ltr'><strong><em>de</em></strong></span> <span class='ocrx_word' id='word_1_165' title='bbox 1267 1294 1364 1350; x_wconf 89' lang='lat' dir='ltr'><strong><em>consil.</em></strong></span> <span class='ocrx_word' id='word_1_166' title='bbox 1385 1294 1511 1366; x_wconf 82' lang='lat' dir='ltr'><strong><em>evangel.</em></strong></span> <span class='ocrx_word' id='word_1_167' title='bbox 1556 1291 1701 1363; x_wconf 75' lang='lat' dir='ltr'><strong><em>Gaudia,</em></strong></span> <span class='ocrx_word' id='word_1_168' title='bbox 1731 1294 1831 1365; x_wconf 86' lang='lat' dir='ltr'><strong><em>inquit,</em></strong></span> 
     </span>
     <span class='ocr_line' id='line_1_13' title="bbox 131 1380 1831 1452; baseline -0.001 -15"><span class='ocrx_word' id='word_1_169' title='bbox 131 1388 210 1439; x_wconf 78' lang='lat' dir='ltr'><strong><em>caste</em></strong></span> <span class='ocrx_word' id='word_1_170' title='bbox 240 1381 309 1439; x_wconf 79' lang='lat' dir='ltr'><strong><em>vivit</em></strong></span> <span class='ocrx_word' id='word_1_171' title='bbox 338 1398 372 1437; x_wconf 78' lang='lat' dir='ltr'><strong><em>ac</em></strong></span> <span class='ocrx_word' id='word_1_172' title='bbox 400 1386 515 1452; x_wconf 81' lang='lat' dir='ltr'><strong><em>propter</em></strong></span> <span class='ocrx_word' id='word_1_173' title='bbox 543 1381 613 1439; x_wconf 82' lang='lat' dir='ltr'><strong><em>fines</em></strong></span> <span class='ocrx_word' id='word_1_174' title='bbox 631 1382 661 1435; x_wconf 92' lang='lat' dir='ltr'><strong><em>in</em></strong></span> <span class='ocrx_word' id='word_1_175' title='bbox 687 1381 772 1437; x_wconf 85' lang='lat' dir='ltr'><strong><em>sacris</em></strong></span> <span class='ocrx_word' id='word_1_176' title='bbox 792 1380 879 1437; x_wconf 83' lang='lat' dir='ltr'><strong><em>literis</em></strong></span> <span class='ocrx_word' id='word_1_177' title='bbox 906 1397 968 1450; x_wconf 91' lang='lat' dir='ltr'><strong><em>pro·</em></strong></span> <span class='ocrx_word' id='word_1_178' title='bbox 996 1381 1158 1450; x_wconf 81' lang='lat' dir='ltr'><strong><em>euanpeliaa</em></strong></span> <span class='ocrx_word' id='word_1_179' title='bbox 1169 1382 1347 1449; x_wconf 83' lang='lat' dir='ltr'><strong><em>faciuntad</em></strong></span> <span class='ocrx_word' id='word_1_180' title='bbox 1352 1381 1558 1449; x_wconf 73' lang='lat' dir='ltr'><strong><em>perfectionem</em></strong></span> <span class='ocrx_word' id='word_1_181' title='bbox 1568 1381 1644 1434; x_wconf 84' lang='lat' dir='ltr'><strong><em>uitae</em></strong></span> <span class='ocrx_word' id='word_1_182' title='bbox 1662 1381 1831 1452; x_wconf 62' lang='lat' dir='ltr'><strong><em>pinuotn,</em></strong></span> 
     </span>
     <span class='ocr_line' id='line_1_14' title="bbox 135 1465 1831 1539; baseline -0.001 -17"><span class='ocrx_word' id='word_1_183' title='bbox 135 1468 243 1538; x_wconf 90' lang='lat' dir='ltr'><strong><em>positos</em></strong></span> <span class='ocrx_word' id='word_1_184' title='bbox 260 1467 428 1523; x_wconf 71' lang='lat' dir='ltr'><strong><em>conlibitum</em></strong></span> <span class='ocrx_word' id='word_1_185' title='bbox 448 1467 541 1539; x_wconf 81' lang='lat' dir='ltr'><strong><em>eligit,</em></strong></span> <span class='ocrx_word' id='word_1_186' title='bbox 565 1467 606 1522; x_wconf 93' lang='lat' dir='ltr'><strong><em>illi</em></strong></span> <span class='ocrx_word' id='word_1_187' title='bbox 622 1467 712 1522; x_wconf 89' lang='lat' dir='ltr'><strong><em>benus</em></strong></span> <span class='ocrx_word' id='word_1_188' title='bbox 729 1473 814 1539; x_wconf 87' lang='lat' dir='ltr'><strong><em>atque</em></strong></span> <span class='ocrx_word' id='word_1_189' title='bbox 833 1465 909 1521; x_wconf 90' lang='lat' dir='ltr'><strong><em>utilis</em></strong></span> <span class='ocrx_word' id='word_1_190' title='bbox 927 1474 969 1521; x_wconf 89' lang='lat' dir='ltr'><strong><em>est</em></strong></span> <span class='ocrx_word' id='word_1_191' title='bbox 994 1465 1067 1519; x_wconf 82' lang='lat' dir='ltr'><strong><em>sieut</em></strong></span> <span class='ocrx_word' id='word_1_192' title='bbox 1084 1467 1269 1521; x_wconf 71' lang='lat' dir='ltr'><strong><em>irato-umento</em></strong></span> <span class='ocrx_word' id='word_1_193' title='bbox 1283 1466 1488 1535; x_wconf 80' lang='lat' dir='ltr'><strong><em>promoventia,</em></strong></span> <span class='ocrx_word' id='word_1_194' title='bbox 1506 1467 1550 1521; x_wconf 87' lang='lat' dir='ltr'><strong><em>uel</em></strong></span> <span class='ocrx_word' id='word_1_195' title='bbox 1568 1466 1754 1535; x_wconf 68' lang='lat' dir='ltr'><strong><em>expedientia,</em></strong></span> <span class='ocrx_word' id='word_1_196' title='bbox 1785 1466 1831 1520; x_wconf 86' lang='lat' dir='ltr'><strong><em>uel</em></strong></span> 
     </span>
     <span class='ocr_line' id='line_1_15' title="bbox 134 1552 1830 1622; baseline -0.002 -13"><span class='ocrx_word' id='word_1_197' title='bbox 134 1553 296 1622; x_wconf 85' lang='lat' dir='ltr'><strong><em>coelibatus,</em></strong></span> <span class='ocrx_word' id='word_1_198' title='bbox 317 1552 360 1607; x_wconf 86' lang='lat' dir='ltr'><strong><em>sin</em></strong></span> <span class='ocrx_word' id='word_1_199' title='bbox 377 1553 485 1621; x_wconf 88' lang='lat' dir='ltr'><strong><em>minus,</em></strong></span> <span class='ocrx_word' id='word_1_200' title='bbox 505 1553 610 1609; x_wconf 83' lang='lat' dir='ltr'><strong><em>frustra</em></strong></span> <span class='ocrx_word' id='word_1_201' title='bbox 629 1554 665 1609; x_wconf 88' lang='lat' dir='ltr'><strong><em>de</em></strong></span> <span class='ocrx_word' id='word_1_202' title='bbox 682 1553 821 1608; x_wconf 87' lang='lat' dir='ltr'><strong><em>coelibatu</em></strong></span> <span class='ocrx_word' id='word_1_203' title='bbox 841 1555 869 1607; x_wconf 90' lang='lat' dir='ltr'><strong><em>in</em></strong></span> <span class='ocrx_word' id='word_1_204' title='bbox 888 1571 918 1609; x_wconf 89' lang='lat' dir='ltr'><strong><em>se</em></strong></span> <span class='ocrx_word' id='word_1_205' title='bbox 935 1569 968 1609; x_wconf 87' lang='lat' dir='ltr'><strong><em>ac</em></strong></span> <span class='ocrx_word' id='word_1_206' title='bbox 994 1569 1081 1606; x_wconf 75' lang='lat' dir='ltr'><strong><em>suana</em></strong></span> <span class='ocrx_word' id='word_1_207' title='bbox 1098 1553 1232 1607; x_wconf 78' lang='lat' dir='ltr'><strong><em>ducentia</em></strong></span> <span class='ocrx_word' id='word_1_208' title='bbox 1249 1555 1290 1606; x_wconf 89' lang='lat' dir='ltr'><strong><em>ad</em></strong></span> <span class='ocrx_word' id='word_1_209' title='bbox 1308 1553 1400 1621; x_wconf 86' lang='lat' dir='ltr'><strong><em>illam,</em></strong></span> <span class='ocrx_word' id='word_1_210' title='bbox 1416 1552 1460 1606; x_wconf 86' lang='lat' dir='ltr'><strong><em>uel</em></strong></span> <span class='ocrx_word' id='word_1_211' title='bbox 1479 1553 1553 1606; x_wconf 74' lang='lat' dir='ltr'><strong><em>sicud</em></strong></span> <span class='ocrx_word' id='word_1_212' title='bbox 1576 1552 1747 1606; x_wconf 72' lang='lat' dir='ltr'><strong><em>rsmwentia</em></strong></span> <span class='ocrx_word' id='word_1_213' title='bbox 1760 1570 1830 1622; x_wconf 78' lang='lat' dir='ltr'><strong><em>poo-</em></strong></span> 
     </span>
     <span class='ocr_line' id='line_1_16' title="bbox 132 1636 1829 1711; baseline 0.001 -20"><span class='ocrx_word' id='word_1_214' title='bbox 132 1654 183 1708; x_wconf 87' lang='lat' dir='ltr'><strong><em>par</em></strong></span> <span class='ocrx_word' id='word_1_215' title='bbox 201 1654 232 1694; x_wconf 87' lang='lat' dir='ltr'><strong><em>se</em></strong></span> <span class='ocrx_word' id='word_1_216' title='bbox 248 1639 423 1695; x_wconf 87' lang='lat' dir='ltr'><strong><em>considerato</em></strong></span> <span class='ocrx_word' id='word_1_217' title='bbox 442 1640 614 1711; x_wconf 80' lang='lat' dir='ltr'><strong><em>gloriabitur.</em></strong></span> <span class='ocrx_word' id='word_1_218' title='bbox 660 1647 686 1696; x_wconf 81' lang='lat'><strong><em>5.</em></strong></span> <span class='ocrx_word' id='word_1_219' title='bbox 707 1641 862 1710; x_wconf 81' lang='lat' dir='ltr'><strong><em>Superbiae</em></strong></span> <span class='ocrx_word' id='word_1_220' title='bbox 878 1642 966 1695; x_wconf 81' lang='lat' dir='ltr'><strong><em>nutri-</em></strong></span> <span class='ocrx_word' id='word_1_221' title='bbox 994 1637 1098 1691; x_wconf 82' lang='lat' dir='ltr'><strong><em>bibens.</em></strong></span> <span class='ocrx_word' id='word_1_222' title='bbox 1148 1638 1227 1693; x_wconf 83' lang='lat' dir='ltr'>Idem</span> <span class='ocrx_word' id='word_1_223' title='bbox 1246 1636 1402 1693; x_wconf 85' lang='lat' dir='ltr'><strong><em>Cassander</em></strong></span> <span class='ocrx_word' id='word_1_224' title='bbox 1430 1655 1459 1708; x_wconf 89' lang='lat' dir='ltr'><strong><em>p.</em></strong></span> <span class='ocrx_word' id='word_1_225' title='bbox 1485 1638 1548 1693; x_wconf 77' lang='lat'>23³:</span> <span class='ocrx_word' id='word_1_226' title='bbox 1578 1638 1759 1693; x_wconf 74' lang='lat' dir='ltr'><strong><em>Renoueada</em></strong></span> <span class='ocrx_word' id='word_1_227' title='bbox 1789 1646 1829 1693; x_wconf 86' lang='lat' dir='ltr'><strong><em>est</em></strong></span> 
     </span>
     <span class='ocr_line' id='line_1_17' title="bbox 132 1723 1829 1798; baseline 0.001 -20"><span class='ocrx_word' id='word_1_228' title='bbox 132 1725 207 1781; x_wconf 81' lang='lat' dir='ltr'><strong><em>asela.</em></strong></span> <span class='ocrx_word' id='word_1_229' title='bbox 232 1725 331 1789; x_wconf 83' lang='lat' dir='ltr'><strong><em>.Qotd</em></strong></span> <span class='ocrx_word' id='word_1_230' title='bbox 358 1726 448 1798; x_wconf 86' lang='lat' dir='ltr'><strong><em>magis</em></strong></span> <span class='ocrx_word' id='word_1_231' title='bbox 480 1733 574 1797; x_wconf 87' lang='lat' dir='ltr'><strong><em>posset</em></strong></span> <span class='ocrx_word' id='word_1_232' title='bbox 602 1726 706 1783; x_wconf 84' lang='lat' dir='ltr'><strong><em>fastum</em></strong></span> <span class='ocrx_word' id='word_1_233' title='bbox 736 1726 908 1798; x_wconf 86' lang='lat' dir='ltr'><strong><em>spiritualem</em></strong></span> <span class='ocrx_word' id='word_1_234' title='bbox 939 1727 968 1780; x_wconf 90' lang='lat' dir='ltr'><strong><em>in</em></strong></span> <span class='ocrx_word' id='word_1_235' title='bbox 988 1723 1075 1791; x_wconf 85' lang='lat' dir='ltr'><strong><em>salsa</em></strong></span> <span class='ocrx_word' id='word_1_236' title='bbox 1104 1723 1200 1792; x_wconf 88' lang='lat' dir='ltr'><strong><em>opinio</em></strong></span> <span class='ocrx_word' id='word_1_237' title='bbox 1231 1731 1257 1777; x_wconf 91' lang='lat' dir='ltr'><strong><em>et</em></strong></span> <span class='ocrx_word' id='word_1_238' title='bbox 1282 1730 1473 1794; x_wconf 86' lang='lat' dir='ltr'><strong><em>praepostera</em></strong></span> <span class='ocrx_word' id='word_1_239' title='bbox 1505 1723 1631 1794; x_wconf 74' lang='lat' dir='ltr'><strong><em>fiducia,</em></strong></span> <span class='ocrx_word' id='word_1_240' title='bbox 1660 1741 1695 1778; x_wconf 87' lang='lat' dir='ltr'><strong><em>ne</em></strong></span> <span class='ocrx_word' id='word_1_241' title='bbox 1726 1725 1756 1779; x_wconf 89' lang='lat' dir='ltr'><strong><em>in</em></strong></span> <span class='ocrx_word' id='word_1_242' title='bbox 1785 1724 1829 1779; x_wconf 77' lang='lat' dir='ltr'><strong><em>to</em></strong></span> 
     </span>
     <span class='ocr_line' id='line_1_18' title="bbox 131 1808 1831 1886; baseline 0 -21"><span class='ocrx_word' id='word_1_243' title='bbox 131 1810 232 1865; x_wconf 87' lang='lat' dir='ltr'><strong><em>animis</em></strong></span> <span class='ocrx_word' id='word_1_244' title='bbox 254 1811 394 1869; x_wconf 87' lang='lat' dir='ltr'><strong><em>coelibum</em></strong></span> <span class='ocrx_word' id='word_1_245' title='bbox 411 1813 502 1882; x_wconf 89' lang='lat' dir='ltr'><strong><em>alere,</em></strong></span> <span class='ocrx_word' id='word_1_246' title='bbox 537 1815 702 1886; x_wconf 83' lang='lat' dir='ltr'><strong><em>dignitatem</em></strong></span> <span class='ocrx_word' id='word_1_247' title='bbox 729 1814 853 1885; x_wconf 87' lang='lat' dir='ltr'><strong><em>conjugii</em></strong></span> <span class='ocrx_word' id='word_1_248' title='bbox 871 1820 900 1869; x_wconf 89' lang='lat' dir='ltr'><strong><em>et</em></strong></span> <span class='ocrx_word' id='word_1_249' title='bbox 914 1815 968 1868; x_wconf 87' lang='lat' dir='ltr'><strong><em>vir·</em></strong></span> <span class='ocrx_word' id='word_1_250' title='bbox 994 1810 1124 1878; x_wconf 70' lang='lat' dir='ltr'><strong><em>mertun</em></strong></span> <span class='ocrx_word' id='word_1_251' title='bbox 1145 1810 1258 1880; x_wconf 75' lang='lat' dir='ltr'><strong><em>fiducia</em></strong></span> <span class='ocrx_word' id='word_1_252' title='bbox 1283 1811 1450 1874; x_wconf 63' lang='lat' dir='ltr'><strong><em>aethestan,</em></strong></span> <span class='ocrx_word' id='word_1_253' title='bbox 1484 1825 1556 1880; x_wconf 75' lang='lat' dir='ltr'><strong><em>quae</em></strong></span> <span class='ocrx_word' id='word_1_254' title='bbox 1586 1810 1617 1863; x_wconf 86' lang='lat' dir='ltr'><strong><em>in</em></strong></span> <span class='ocrx_word' id='word_1_255' title='bbox 1641 1811 1704 1865; x_wconf 90' lang='lat' dir='ltr'><strong><em>solo</em></strong></span> <span class='ocrx_word' id='word_1_256' title='bbox 1722 1808 1831 1865; x_wconf 79' lang='lat' dir='ltr'><strong><em>Christi</em></strong></span> 
     </span>
     <span class='ocr_line' id='line_1_19' title="bbox 134 1894 1829 1972; baseline 0 -20"><span class='ocrx_word' id='word_1_257' title='bbox 134 1896 254 1967; x_wconf 53' lang='lat' dir='ltr'><strong><em>dualem</em></strong></span> <span class='ocrx_word' id='word_1_258' title='bbox 279 1898 449 1956; x_wconf 79' lang='lat' dir='ltr'><strong><em>orthodoxae</em></strong></span> <span class='ocrx_word' id='word_1_259' title='bbox 472 1899 538 1957; x_wconf 86' lang='lat' dir='ltr'><strong><em>fidei</em></strong></span> <span class='ocrx_word' id='word_1_260' title='bbox 564 1901 601 1956; x_wconf 90' lang='lat' dir='ltr'><strong><em>de</em></strong></span> <span class='ocrx_word' id='word_1_261' title='bbox 618 1901 742 1972; x_wconf 88' lang='lat' dir='ltr'><strong><em>gratuita</em></strong></span> <span class='ocrx_word' id='word_1_262' title='bbox 760 1906 873 1971; x_wconf 90' lang='lat' dir='ltr'><strong><em>propter</em></strong></span> <span class='ocrx_word' id='word_1_263' title='bbox 889 1899 967 1955; x_wconf 88' lang='lat' dir='ltr'><strong><em>Chri-</em></strong></span> <span class='ocrx_word' id='word_1_264' title='bbox 995 1897 1093 1950; x_wconf 76' lang='lat' dir='ltr'><strong><em>mutto</em></strong></span> <span class='ocrx_word' id='word_1_265' title='bbox 1123 1896 1293 1951; x_wconf 79' lang='lat' dir='ltr'><strong><em>codooonda</em></strong></span> <span class='ocrx_word' id='word_1_266' title='bbox 1324 1903 1372 1952; x_wconf 82' lang='lat' dir='ltr'><strong><em>est.</em></strong></span> <span class='ocrx_word' id='word_1_267' title='bbox 1421 1895 1530 1953; x_wconf 78' lang='lat' dir='ltr'><strong><em>Similia</em></strong></span> <span class='ocrx_word' id='word_1_268' title='bbox 1553 1894 1760 1968; x_wconf 85' lang='lat' dir='ltr'><strong><em>quamplurima</em></strong></span> <span class='ocrx_word' id='word_1_269' title='bbox 1784 1911 1829 1952; x_wconf 90' lang='lat' dir='ltr'><strong><em>oc·</em></strong></span> 
     </span>
     <span class='ocr_line' id='line_1_20' title="bbox 132 1981 1830 2060; baseline -0.001 -24"><span class='ocrx_word' id='word_1_270' title='bbox 132 1988 204 2038; x_wconf 89' lang='lat' dir='ltr'><strong><em>stum</em></strong></span> <span class='ocrx_word' id='word_1_271' title='bbox 231 1984 431 2053; x_wconf 87' lang='lat' dir='ltr'><strong><em>justificatione</em></strong></span> <span class='ocrx_word' id='word_1_272' title='bbox 458 1987 646 2060; x_wconf 87' lang='lat' dir='ltr'><strong><em>integritatem</em></strong></span> <span class='ocrx_word' id='word_1_273' title='bbox 680 1987 851 2043; x_wconf 86' lang='lat' dir='ltr'><strong><em>labefactare</em></strong></span> <span class='ocrx_word' id='word_1_274' title='bbox 884 2002 967 2058; x_wconf 87' lang='lat' dir='ltr'><strong><em>quam</em></strong></span> <span class='ocrx_word' id='word_1_275' title='bbox 993 1987 1109 2037; x_wconf 90' lang='lat' dir='ltr'><strong><em>currunt</em></strong></span> <span class='ocrx_word' id='word_1_276' title='bbox 1132 1982 1208 2053; x_wconf 88' lang='lat' dir='ltr'><strong><em>apud</em></strong></span> <span class='ocrx_word' id='word_1_277' title='bbox 1227 1983 1373 2037; x_wconf 87' lang='lat' dir='ltr'><strong><em>Erasmum</em></strong></span> <span class='ocrx_word' id='word_1_278' title='bbox 1400 1982 1429 2037; x_wconf 91' lang='lat' dir='ltr'><strong><em>in</em></strong></span> <span class='ocrx_word' id='word_1_279' title='bbox 1447 1981 1496 2040; x_wconf 88' lang='lat' dir='ltr'><strong><em>lib.</em></strong></span> <span class='ocrx_word' id='word_1_280' title='bbox 1515 1983 1551 2037; x_wconf 90' lang='lat' dir='ltr'><strong><em>de</em></strong></span> <span class='ocrx_word' id='word_1_281' title='bbox 1568 1981 1642 2037; x_wconf 73' lang='lat' dir='ltr'><strong><em>laud</em></strong></span> <span class='ocrx_word' id='word_1_282' title='bbox 1665 1981 1784 2038; x_wconf 76' lang='lat' dir='ltr'><strong><em>mahim</em></strong></span> <span class='ocrx_word' id='word_1_283' title='bbox 1801 1985 1830 2036; x_wconf 90' lang='lat' dir='ltr'><strong><em>et</em></strong></span> 
     </span>
     <span class='ocr_line' id='line_1_21' title="bbox 131 2067 1308 2143; baseline 0.003 -18"><span class='ocrx_word' id='word_1_284' title='bbox 131 2084 303 2140; x_wconf 68' lang='lat' dir='ltr'><strong><em>sumasne,</em></strong></span> <span class='ocrx_word' id='word_1_285' title='bbox 336 2073 411 2143; x_wconf 89' lang='lat' dir='ltr'><strong><em>quod</em></strong></span> <span class='ocrx_word' id='word_1_286' title='bbox 447 2073 601 2130; x_wconf 85' lang='lat' dir='ltr'><strong><em>coelibatus</em></strong></span> <span class='ocrx_word' id='word_1_287' title='bbox 632 2074 669 2129; x_wconf 88' lang='lat' dir='ltr'><strong><em>sit</em></strong></span> <span class='ocrx_word' id='word_1_288' title='bbox 705 2075 868 2143; x_wconf 68' lang='lat' dir='ltr'><strong><em>satisfactio</em></strong></span> <span class='ocrx_word' id='word_1_289' title='bbox 899 2090 966 2143; x_wconf 85' lang='lat' dir='ltr'><strong><em>pso·</em></strong></span> <span class='ocrx_word' id='word_1_290' title='bbox 994 2067 1023 2123; x_wconf 87' lang='lat' dir='ltr'><strong><em>in</em></strong></span> <span class='ocrx_word' id='word_1_291' title='bbox 1039 2067 1126 2124; x_wconf 86' lang='lat' dir='ltr'><strong><em>milite</em></strong></span> <span class='ocrx_word' id='word_1_292' title='bbox 1144 2067 1308 2127; x_wconf 75' lang='lat' dir='ltr'><strong><em>Christiem.</em></strong></span> 
     </span>
    </p>

    <p class='ocr_par' dir='ltr' id='par_1_3' title="bbox 131 2143 1957 2228">
     <span class='ocr_line' id='line_1_22' title="bbox 131 2143 1957 2228; baseline 0.001 -20"><span class='ocrx_word' id='word_1_293' title='bbox 131 2148 260 2209; x_wconf 67' lang='lat' dir='ltr'><strong><em>camum</em></strong></span> <span class='ocrx_word' id='word_1_294' title='bbox 296 2174 421 2213; x_wconf 73' lang='lat' dir='ltr'><strong><em>masma</em></strong></span> <span class='ocrx_word' id='word_1_295' title='bbox 455 2167 483 2213; x_wconf 85' lang='lat' dir='ltr'><strong><em>et</em></strong></span> <span class='ocrx_word' id='word_1_296' title='bbox 516 2162 647 2215; x_wconf 70' lang='lat' dir='ltr'><strong><em>merimm</em></strong></span> <span class='ocrx_word' id='word_1_297' title='bbox 680 2159 763 2228; x_wconf 74' lang='lat' dir='ltr'><strong><em>rapui</em></strong></span> <span class='ocrx_word' id='word_1_298' title='bbox 803 2161 967 2215; x_wconf 66' lang='lat' dir='ltr'><strong><em>coelorum?</em></strong></span> <span class='ocrx_word' id='word_1_299' title='bbox 1028 2160 1088 2209; x_wconf 86' lang='grc'><strong><em>503</em></strong></span> <span class='ocrx_word' id='word_1_300' title='bbox 1123 2154 1208 2211; x_wconf 78' lang='lat' dir='ltr'><strong><em>sexta</em></strong></span> <span class='ocrx_word' id='word_1_301' title='bbox 1237 2153 1400 2225; x_wconf 68' lang='lat' dir='ltr'><strong><em>propositio:</em></strong></span> <span class='ocrx_word' id='word_1_302' title='bbox 1441 2156 1478 2209; x_wconf 90' lang='lat' dir='ltr'><strong><em>In</em></strong></span> <span class='ocrx_word' id='word_1_303' title='bbox 1523 2155 1663 2209; x_wconf 73' lang='lat' dir='ltr'><strong><em>codibatu</em></strong></span> <span class='ocrx_word' id='word_1_304' title='bbox 1702 2143 1957 2225; x_wconf 56' lang='lat' dir='ltr'><strong><em>mutuom*</em></strong></span> 
     </span>
    </p>
   </div>
   <div class='ocr_carea' id='block_1_3' title="bbox 131 2198 1949 2317">
    <p class='ocr_par' dir='ltr' id='par_1_4' title="bbox 131 2198 1949 2317">
     <span class='ocr_line' id='line_1_23' title="bbox 131 2198 1949 2317; baseline 0.003 -24"><span class='ocrx_word' id='word_1_305' title='bbox 131 2242 156 2293; x_wconf 82' lang='grc'><strong><em>6.</em></strong></span> <span class='ocrx_word' id='word_1_306' title='bbox 178 2241 272 2295; x_wconf 77' lang='lat' dir='ltr'><strong><em>Sibi</em></strong></span> <span class='ocrx_word' id='word_1_307' title='bbox 259 2244 319 2312; x_wconf 79' lang='lat' dir='ltr'><strong><em>spei</em></strong></span> <span class='ocrx_word' id='word_1_308' title='bbox 333 2260 503 2314; x_wconf 81' lang='lat' dir='ltr'><strong><em>uepupnane.</em></strong></span> <span class='ocrx_word' id='word_1_309' title='bbox 534 2245 589 2311; x_wconf 86' lang='lat' dir='ltr'><strong><em>Qui</em></strong></span> <span class='ocrx_word' id='word_1_310' title='bbox 606 2244 717 2301; x_wconf 86' lang='lat' dir='ltr'><strong><em>coelebs</em></strong></span> <span class='ocrx_word' id='word_1_311' title='bbox 734 2251 785 2313; x_wconf 85' lang='lat' dir='ltr'><strong><em>est,</em></strong></span> <span class='ocrx_word' id='word_1_312' title='bbox 803 2262 858 2301; x_wconf 89' lang='lat' dir='ltr'><strong><em>non</em></strong></span> <span class='ocrx_word' id='word_1_313' title='bbox 876 2251 968 2317; x_wconf 84' lang='lat' dir='ltr'><strong><em>potest</em></strong></span> <span class='ocrx_word' id='word_1_314' title='bbox 990 2242 1188 2308; x_wconf 63' lang='lat' dir='ltr'><strong><em>masiaendo</em></strong></span> <span class='ocrx_word' id='word_1_315' title='bbox 1216 2242 1291 2295; x_wconf 86' lang='lat' dir='ltr'><strong><em>uitae</em></strong></span> <span class='ocrx_word' id='word_1_316' title='bbox 1325 2241 1474 2310; x_wconf 75' lang='lat' dir='ltr'><strong><em>ooniupali</em></strong></span> <span class='ocrx_word' id='word_1_317' title='bbox 1502 2240 1598 2311; x_wconf 84' lang='lat' dir='ltr'><strong><em>uipere</em></strong></span> <span class='ocrx_word' id='word_1_318' title='bbox 1634 2241 1715 2295; x_wconf 82' lang='lat' dir='ltr'><strong><em>debet</em></strong></span> <span class='ocrx_word' id='word_1_319' title='bbox 1749 2249 1828 2296; x_wconf 83' lang='lat' dir='ltr'><strong><em>reeta</em></strong></span> <span class='ocrx_word' id='word_1_320' title='bbox 1841 2198 1949 2300; x_wconf 50' lang='lat' dir='ltr'><strong><em>iiiia&amp;</em></strong></span> 
     </span>
    </p>
   </div>
   <div class='ocr_carea' id='block_1_4' title="bbox 61 2300 1948 5589">
    <p class='ocr_par' dir='ltr' id='par_1_5' title="bbox 128 2300 1939 4209">
     <span class='ocr_line' id='line_1_24' title="bbox 131 2300 1920 2403; baseline 0.004 -20"><span class='ocrx_word' id='word_1_321' title='bbox 131 2342 246 2393; x_wconf 70' lang='lat' dir='ltr'><strong><em>amare,</em></strong></span> <span class='ocrx_word' id='word_1_322' title='bbox 266 2346 338 2400; x_wconf 88' lang='lat' dir='ltr'><strong><em>qnae</em></strong></span> <span class='ocrx_word' id='word_1_323' title='bbox 354 2337 421 2387; x_wconf 89' lang='lat' dir='ltr'><strong><em>sant</em></strong></span> <span class='ocrx_word' id='word_1_324' title='bbox 439 2331 566 2399; x_wconf 86' lang='lat' dir='ltr'><strong><em>Domini,</em></strong></span> <span class='ocrx_word' id='word_1_325' title='bbox 583 2337 615 2387; x_wconf 91' lang='lat' dir='ltr'><strong><em>ut</em></strong></span> <span class='ocrx_word' id='word_1_326' title='bbox 632 2333 744 2403; x_wconf 84' lang='lat' dir='ltr'><strong><em>placeat</em></strong></span> <span class='ocrx_word' id='word_1_327' title='bbox 760 2332 895 2399; x_wconf 90' lang='lat' dir='ltr'><strong><em>Domino,</em></strong></span> <span class='ocrx_word' id='word_1_328' title='bbox 913 2333 967 2387; x_wconf 89' lang='lat' dir='ltr'><strong><em>nisi</em></strong></span> <span class='ocrx_word' id='word_1_329' title='bbox 993 2328 1118 2397; x_wconf 71' lang='lat' dir='ltr'><strong><em>eumue,</em></strong></span> <span class='ocrx_word' id='word_1_330' title='bbox 1148 2329 1218 2382; x_wconf 79' lang='lat' dir='ltr'><strong><em>doos&#39;</em></strong></span> <span class='ocrx_word' id='word_1_331' title='bbox 1247 2329 1360 2383; x_wconf 69' lang='lat' dir='ltr'><strong><em>oulibet</em></strong></span> <span class='ocrx_word' id='word_1_332' title='bbox 1389 2329 1455 2384; x_wconf 70' lang='lat' dir='ltr'><strong><em>doli</em></strong></span> <span class='ocrx_word' id='word_1_333' title='bbox 1476 2328 1633 2398; x_wconf 55' lang='lat' dir='ltr'><strong><em>stolorum</em></strong></span> <span class='ocrx_word' id='word_1_334' title='bbox 1658 2335 1685 2382; x_wconf 70' lang='lat' dir='ltr'><strong><em>tl</em></strong></span> <span class='ocrx_word' id='word_1_335' title='bbox 1706 2300 1920 2397; x_wconf 57' lang='lat' dir='ltr'><strong><em>&amp;itomiiisii</em></strong></span> 
     </span>
     <span class='ocr_line' id='line_1_25' title="bbox 131 2403 1948 2496; baseline 0.002 -29"><span class='ocrx_word' id='word_1_336' title='bbox 131 2412 265 2469; x_wconf 88' lang='lat' dir='ltr'><strong><em>credat</em></strong></span> <span class='ocrx_word' id='word_1_337' title='bbox 256 2431 286 2468; x_wconf 82' lang='lat' dir='ltr'><strong><em>sn</em></strong></span> <span class='ocrx_word' id='word_1_338' title='bbox 307 2415 447 2473; x_wconf 83' lang='lat' dir='ltr'><strong><em>Christum</em></strong></span> <span class='ocrx_word' id='word_1_339' title='bbox 471 2418 651 2474; x_wconf 82' lang='lat' dir='ltr'><strong><em>mediatorem</em></strong></span> <span class='ocrx_word' id='word_1_340' title='bbox 673 2423 702 2473; x_wconf 91' lang='lat' dir='ltr'><strong><em>et</em></strong></span> <span class='ocrx_word' id='word_1_341' title='bbox 728 2418 894 2475; x_wconf 81' lang='lat' dir='ltr'><strong><em>salvatorem</em></strong></span> <span class='ocrx_word' id='word_1_342' title='bbox 918 2437 966 2475; x_wconf 90' lang='lat' dir='ltr'><strong><em>no·</em></strong></span> <span class='ocrx_word' id='word_1_343' title='bbox 994 2414 1115 2469; x_wconf 85' lang='lat' dir='ltr'><strong><em>omnium</em></strong></span> <span class='ocrx_word' id='word_1_344' title='bbox 1132 2414 1407 2469; x_wconf 62' lang='lat' dir='ltr'><strong><em>circumstantiarum</em></strong></span> <span class='ocrx_word' id='word_1_345' title='bbox 1424 2414 1621 2469; x_wconf 67' lang='lat' dir='ltr'><strong><em>consideratio.</em></strong></span> <span class='ocrx_word' id='word_1_346' title='bbox 1652 2415 1696 2470; x_wconf 87' lang='lat' dir='ltr'><strong><em>De</em></strong></span> <span class='ocrx_word' id='word_1_347' title='bbox 1714 2413 1828 2487; x_wconf 83' lang='lat' dir='ltr'><strong><em>virgini·</em></strong></span> <span class='ocrx_word' id='word_1_348' title='bbox 1840 2403 1948 2496; x_wconf 43' lang='lat' dir='ltr'><strong><em>hm·</em></strong></span> 
     </span>
     <span class='ocr_line' id='line_1_26' title="bbox 131 2499 1830 2571; baseline 0.002 -20"><span class='ocrx_word' id='word_1_349' title='bbox 131 2503 219 2553; x_wconf 71' lang='lat' dir='ltr'><strong><em>saum</em></strong></span> <span class='ocrx_word' id='word_1_350' title='bbox 250 2499 372 2560; x_wconf 88' lang='lat' dir='ltr'><strong><em>unicum.</em></strong></span> <span class='ocrx_word' id='word_1_351' title='bbox 421 2503 486 2558; x_wconf 78' lang='lat' dir='ltr'><strong><em>dam</em></strong></span> <span class='ocrx_word' id='word_1_352' title='bbox 517 2519 583 2559; x_wconf 89' lang='lat' dir='ltr'><strong><em>vero</em></strong></span> <span class='ocrx_word' id='word_1_353' title='bbox 615 2502 685 2559; x_wconf 86' lang='lat' dir='ltr'><strong><em>fides</em></strong></span> <span class='ocrx_word' id='word_1_354' title='bbox 716 2520 783 2559; x_wconf 80' lang='lat' dir='ltr'><strong><em>vera</em></strong></span> <span class='ocrx_word' id='word_1_355' title='bbox 803 2521 858 2560; x_wconf 90' lang='lat' dir='ltr'><strong><em>non</em></strong></span> <span class='ocrx_word' id='word_1_356' title='bbox 882 2505 966 2560; x_wconf 84' lang='lat' dir='ltr'><strong><em>aliam</em></strong></span> <span class='ocrx_word' id='word_1_357' title='bbox 993 2499 1048 2555; x_wconf 90' lang='lat' dir='ltr'><strong><em>bus</em></strong></span> <span class='ocrx_word' id='word_1_358' title='bbox 1068 2516 1197 2571; x_wconf 82' lang='lat' dir='ltr'><strong><em>expresse</em></strong></span> <span class='ocrx_word' id='word_1_359' title='bbox 1208 2505 1295 2570; x_wconf 87' lang='lat' dir='ltr'><strong><em>negat</em></strong></span> <span class='ocrx_word' id='word_1_360' title='bbox 1305 2500 1455 2570; x_wconf 64' lang='lat' dir='ltr'><strong><em>aposolus</em></strong></span> <span class='ocrx_word' id='word_1_361' title='bbox 1468 2517 1498 2554; x_wconf 87' lang='lat' dir='ltr'><strong><em>ee</em></strong></span> <span class='ocrx_word' id='word_1_362' title='bbox 1504 2507 1689 2571; x_wconf 56' lang='lat' dir='ltr'><strong><em>maeonium</em></strong></span> <span class='ocrx_word' id='word_1_363' title='bbox 1707 2499 1830 2569; x_wconf 70' lang='lat' dir='ltr'><strong><em>aliquod</em></strong></span> 
     </span>
     <span class='ocr_line' id='line_1_27' title="bbox 132 2585 1828 2658; baseline 0.002 -20"><span class='ocrx_word' id='word_1_364' title='bbox 132 2585 262 2655; x_wconf 84' lang='lat' dir='ltr'><strong><em>agnoscit</em></strong></span> <span class='ocrx_word' id='word_1_365' title='bbox 278 2593 455 2658; x_wconf 65' lang='lat' dir='ltr'><strong><em>pecatorum</em></strong></span> <span class='ocrx_word' id='word_1_366' title='bbox 475 2589 701 2657; x_wconf 82' lang='lat' dir='ltr'><strong><em>satisfactionem,</em></strong></span> <span class='ocrx_word' id='word_1_367' title='bbox 719 2607 772 2648; x_wconf 88' lang='lat' dir='ltr'><strong><em>nec</em></strong></span> <span class='ocrx_word' id='word_1_368' title='bbox 791 2591 869 2647; x_wconf 84' lang='lat' dir='ltr'><strong><em>aliud</em></strong></span> <span class='ocrx_word' id='word_1_369' title='bbox 892 2593 967 2648; x_wconf 78' lang='lat' dir='ltr'><strong><em>ritas</em></strong></span> <span class='ocrx_word' id='word_1_370' title='bbox 996 2587 1116 2641; x_wconf 85' lang='lat' dir='ltr'><strong><em>Domini</em></strong></span> <span class='ocrx_word' id='word_1_371' title='bbox 1132 2587 1244 2654; x_wconf 64' lang='lat' dir='ltr'><strong><em>liobae</em></strong></span> <span class='ocrx_word' id='word_1_372' title='bbox 1262 2604 1318 2658; x_wconf 91' lang='lat' dir='ltr'><strong><em>quo</em></strong></span> <span class='ocrx_word' id='word_1_373' title='bbox 1336 2585 1442 2642; x_wconf 84' lang='lat' dir='ltr'><strong><em>scilicet</em></strong></span> <span class='ocrx_word' id='word_1_374' title='bbox 1462 2586 1497 2642; x_wconf 91' lang='lat' dir='ltr'><strong><em>ad</em></strong></span> <span class='ocrx_word' id='word_1_375' title='bbox 1522 2587 1690 2642; x_wconf 84' lang='lat' dir='ltr'><strong><em>coelibatum</em></strong></span> <span class='ocrx_word' id='word_1_376' title='bbox 1707 2586 1828 2642; x_wconf 70' lang='lat' dir='ltr'><strong><em>adruin-</em></strong></span> 
     </span>
     <span class='ocr_line' id='line_1_28' title="bbox 132 2674 1829 2748; baseline 0.001 -22"><span class='ocrx_word' id='word_1_377' title='bbox 132 2677 262 2729; x_wconf 82' lang='lat' dir='ltr'><strong><em>aeternae</em></strong></span> <span class='ocrx_word' id='word_1_378' title='bbox 301 2674 429 2731; x_wconf 87' lang='lat' dir='ltr'><strong><em>msritnm</em></strong></span> <span class='ocrx_word' id='word_1_379' title='bbox 464 2692 548 2748; x_wconf 88' lang='lat' dir='ltr'><strong><em>quam</em></strong></span> <span class='ocrx_word' id='word_1_380' title='bbox 585 2677 755 2747; x_wconf 89' lang='lat' dir='ltr'><strong><em>passionem,</em></strong></span> <span class='ocrx_word' id='word_1_381' title='bbox 793 2684 909 2734; x_wconf 87' lang='lat' dir='ltr'><strong><em>mortem</em></strong></span> <span class='ocrx_word' id='word_1_382' title='bbox 938 2685 967 2735; x_wconf 89' lang='lat' dir='ltr'><strong><em>et</em></strong></span> <span class='ocrx_word' id='word_1_383' title='bbox 992 2680 1114 2744; x_wconf 81' lang='lat' dir='ltr'><strong><em>gantur,</em></strong></span> <span class='ocrx_word' id='word_1_384' title='bbox 1145 2674 1194 2730; x_wconf 91' lang='lat' dir='ltr'><strong><em>sed</em></strong></span> <span class='ocrx_word' id='word_1_385' title='bbox 1225 2675 1373 2729; x_wconf 84' lang='lat' dir='ltr'><strong><em>eonsilium</em></strong></span> <span class='ocrx_word' id='word_1_386' title='bbox 1403 2680 1511 2729; x_wconf 91' lang='lat' dir='ltr'><strong><em>tantum</em></strong></span> <span class='ocrx_word' id='word_1_387' title='bbox 1541 2691 1602 2729; x_wconf 87' lang='lat' dir='ltr'><strong><em>sese</em></strong></span> <span class='ocrx_word' id='word_1_388' title='bbox 1634 2675 1701 2730; x_wconf 87' lang='lat' dir='ltr'><strong><em>dare</em></strong></span> <span class='ocrx_word' id='word_1_389' title='bbox 1730 2674 1829 2729; x_wconf 77' lang='lat' dir='ltr'><strong><em>suerit</em></strong></span> 
     </span>
     <span class='ocr_line' id='line_1_29' title="bbox 132 2757 1827 2834; baseline 0.002 -22"><span class='ocrx_word' id='word_1_390' title='bbox 132 2757 320 2815; x_wconf 82' lang='lat' dir='ltr'><strong><em>obedientiam</em></strong></span> <span class='ocrx_word' id='word_1_391' title='bbox 339 2759 450 2826; x_wconf 79' lang='lat' dir='ltr'><strong><em>Christi,</em></strong></span> <span class='ocrx_word' id='word_1_392' title='bbox 468 2779 501 2818; x_wconf 85' lang='lat' dir='ltr'><strong><em>ex</em></strong></span> <span class='ocrx_word' id='word_1_393' title='bbox 517 2762 626 2834; x_wconf 84' lang='lat' dir='ltr'><strong><em>quosio</em></strong></span> <span class='ocrx_word' id='word_1_394' title='bbox 639 2764 838 2819; x_wconf 76' lang='lat' dir='ltr'><strong><em>concludimus.</em></strong></span> <span class='ocrx_word' id='word_1_395' title='bbox 866 2765 966 2822; x_wconf 71' lang='lat' dir='ltr'><strong><em>Nullus</em></strong></span> <span class='ocrx_word' id='word_1_396' title='bbox 997 2766 1018 2815; x_wconf 88' lang='lat'><strong><em>1.</em></strong></span> <span class='ocrx_word' id='word_1_397' title='bbox 1037 2759 1099 2817; x_wconf 81' lang='lat' dir='ltr'><strong><em>Cor.</em></strong></span> <span class='ocrx_word' id='word_1_398' title='bbox 1121 2766 1150 2825; x_wconf 82' lang='grc'><strong>7,</strong></span> <span class='ocrx_word' id='word_1_399' title='bbox 1185 2777 1211 2815; x_wconf 83' lang='lat' dir='ltr'><strong><em>r.</em></strong></span> <span class='ocrx_word' id='word_1_400' title='bbox 1238 2765 1279 2815; x_wconf 83' lang='grc'><strong><em>15.</em></strong></span> <span class='ocrx_word' id='word_1_401' title='bbox 1298 2776 1333 2815; x_wconf 89' lang='lat' dir='ltr'><strong><em>ac</em></strong></span> <span class='ocrx_word' id='word_1_402' title='bbox 1355 2760 1458 2815; x_wconf 76' lang='lat' dir='ltr'><strong><em>diserte</em></strong></span> <span class='ocrx_word' id='word_1_403' title='bbox 1484 2766 1668 2830; x_wconf 88' lang='lat' dir='ltr'><strong><em>protestatur,</em></strong></span> <span class='ocrx_word' id='word_1_404' title='bbox 1698 2778 1728 2815; x_wconf 86' lang='lat' dir='ltr'><strong><em>se</em></strong></span> <span class='ocrx_word' id='word_1_405' title='bbox 1751 2760 1827 2815; x_wconf 76' lang='lat' dir='ltr'><strong><em>node</em></strong></span> 
     </span>
     <span class='ocr_line' id='line_1_30' title="bbox 131 2842 1829 2922; baseline 0.004 -23"><span class='ocrx_word' id='word_1_406' title='bbox 131 2842 214 2899; x_wconf 90' lang='lat' dir='ltr'><strong><em>homo</em></strong></span> <span class='ocrx_word' id='word_1_407' title='bbox 232 2844 290 2902; x_wconf 83' lang='lat' dir='ltr'><strong><em>sire</em></strong></span> <span class='ocrx_word' id='word_1_408' title='bbox 310 2846 422 2902; x_wconf 87' lang='lat' dir='ltr'><strong><em>coelebs</em></strong></span> <span class='ocrx_word' id='word_1_409' title='bbox 449 2847 494 2915; x_wconf 89' lang='lat' dir='ltr'><strong><em>sit,</em></strong></span> <span class='ocrx_word' id='word_1_410' title='bbox 513 2848 571 2904; x_wconf 85' lang='lat' dir='ltr'><strong><em>sire</em></strong></span> <span class='ocrx_word' id='word_1_411' title='bbox 587 2849 762 2920; x_wconf 87' lang='lat' dir='ltr'><strong><em>conjugatus,</em></strong></span> <span class='ocrx_word' id='word_1_412' title='bbox 792 2850 854 2906; x_wconf 91' lang='lat' dir='ltr'><strong><em>Deo</em></strong></span> <span class='ocrx_word' id='word_1_413' title='bbox 874 2852 967 2922; x_wconf 83' lang='lat' dir='ltr'><strong><em>placet</em></strong></span> <span class='ocrx_word' id='word_1_414' title='bbox 993 2847 1123 2916; x_wconf 57' lang='lat' dir='ltr'><strong><em>mutam</em></strong></span> <span class='ocrx_word' id='word_1_415' title='bbox 1153 2845 1207 2901; x_wconf 77' lang='lat' dir='ltr'><strong><em>hoe</em></strong></span> <span class='ocrx_word' id='word_1_416' title='bbox 1236 2862 1287 2901; x_wconf 85' lang='lat' dir='ltr'><strong><em>suo</em></strong></span> <span class='ocrx_word' id='word_1_417' title='bbox 1316 2846 1431 2902; x_wconf 85' lang='lat' dir='ltr'><strong><em>oonsilio</em></strong></span> <span class='ocrx_word' id='word_1_418' title='bbox 1459 2846 1496 2902; x_wconf 80' lang='lat' dir='ltr'><strong><em>ad</em></strong></span> <span class='ocrx_word' id='word_1_419' title='bbox 1516 2846 1736 2902; x_wconf 68' lang='lat' dir='ltr'><strong><em>cheumstantias</em></strong></span> <span class='ocrx_word' id='word_1_420' title='bbox 1766 2861 1829 2917; x_wconf 80' lang='lat' dir='ltr'><strong><em>por·</em></strong></span> 
     </span>
     <span class='ocr_line' id='line_1_31' title="bbox 131 2929 1938 3008; baseline 0.002 -24"><span class='ocrx_word' id='word_1_421' title='bbox 131 2929 185 2984; x_wconf 91' lang='lat' dir='ltr'><strong><em>nisi</em></strong></span> <span class='ocrx_word' id='word_1_422' title='bbox 214 2948 281 2988; x_wconf 86' lang='lat' dir='ltr'><strong><em>rara</em></strong></span> <span class='ocrx_word' id='word_1_423' title='bbox 305 2933 335 2987; x_wconf 91' lang='lat' dir='ltr'><strong><em>in</em></strong></span> <span class='ocrx_word' id='word_1_424' title='bbox 352 2932 492 2988; x_wconf 79' lang='lat' dir='ltr'><strong><em>Christum</em></strong></span> <span class='ocrx_word' id='word_1_425' title='bbox 518 2934 582 2991; x_wconf 82' lang='lat' dir='ltr'><strong><em>lide</em></strong></span> <span class='ocrx_word' id='word_1_426' title='bbox 631 2937 721 3007; x_wconf 83' lang='lat' dir='ltr'><strong><em>Atqui</em></strong></span> <span class='ocrx_word' id='word_1_427' title='bbox 745 2938 886 3008; x_wconf 78' lang='lat' dir='ltr'><strong><em>persuade</em></strong></span> <span class='ocrx_word' id='word_1_428' title='bbox 909 2938 966 3004; x_wconf 81' lang='lat' dir='ltr'><strong><em>ills,</em></strong></span> <span class='ocrx_word' id='word_1_429' title='bbox 993 2949 1122 2987; x_wconf 87' lang='lat' dir='ltr'><strong><em>sonarum</em></strong></span> <span class='ocrx_word' id='word_1_430' title='bbox 1140 2937 1169 2988; x_wconf 90' lang='lat' dir='ltr'><strong><em>et</em></strong></span> <span class='ocrx_word' id='word_1_431' title='bbox 1185 2939 1341 3003; x_wconf 89' lang='lat' dir='ltr'><strong><em>temporum</em></strong></span> <span class='ocrx_word' id='word_1_432' title='bbox 1353 2932 1468 2987; x_wconf 83' lang='lat' dir='ltr'><strong><em>istorum</em></strong></span> <span class='ocrx_word' id='word_1_433' title='bbox 1489 2933 1697 2989; x_wconf 86' lang='lat' dir='ltr'><strong><em>accommodato</em></strong></span> <span class='ocrx_word' id='word_1_434' title='bbox 1716 2934 1827 3003; x_wconf 71' lang='lat' dir='ltr'><strong><em>laqueat</em></strong></span> <span class='ocrx_word' id='word_1_435' title='bbox 1925 2978 1938 3001; x_wconf 79' lang='lat'><strong><em>,</em></strong></span> 
     </span>
     <span class='ocr_line' id='line_1_32' title="bbox 131 3016 1829 3093; baseline 0 -20"><span class='ocrx_word' id='word_1_436' title='bbox 131 3016 206 3087; x_wconf 85' lang='lat' dir='ltr'><strong><em>quod</em></strong></span> <span class='ocrx_word' id='word_1_437' title='bbox 218 3017 372 3074; x_wconf 86' lang='lat' dir='ltr'><strong><em>coelibatus</em></strong></span> <span class='ocrx_word' id='word_1_438' title='bbox 389 3019 427 3074; x_wconf 88' lang='lat' dir='ltr'><strong><em>sit</em></strong></span> <span class='ocrx_word' id='word_1_439' title='bbox 440 3020 592 3077; x_wconf 76' lang='lat' dir='ltr'><strong><em>mhsfactio</em></strong></span> <span class='ocrx_word' id='word_1_440' title='bbox 604 3030 782 3093; x_wconf 86' lang='lat' dir='ltr'><strong><em>peccatorum</em></strong></span> <span class='ocrx_word' id='word_1_441' title='bbox 798 3030 827 3079; x_wconf 90' lang='lat' dir='ltr'><strong><em>et</em></strong></span> <span class='ocrx_word' id='word_1_442' title='bbox 838 3024 965 3080; x_wconf 75' lang='lat' dir='ltr'><strong><em>meritum</em></strong></span> <span class='ocrx_word' id='word_1_443' title='bbox 991 3020 1110 3088; x_wconf 75' lang='lat' dir='ltr'><strong><em>iniicere</em></strong></span> <span class='ocrx_word' id='word_1_444' title='bbox 1127 3036 1152 3074; x_wconf 82' lang='lat' dir='ltr'><strong><em>v.</em></strong></span> <span class='ocrx_word' id='word_1_445' title='bbox 1164 3024 1205 3076; x_wconf 80' lang='lat'><strong><em>35.</em></strong></span> <span class='ocrx_word' id='word_1_446' title='bbox 1224 3019 1292 3090; x_wconf 89' lang='lat' dir='ltr'><strong><em>quin</em></strong></span> <span class='ocrx_word' id='word_1_447' title='bbox 1306 3023 1334 3074; x_wconf 87' lang='lat' dir='ltr'><strong><em>et</em></strong></span> <span class='ocrx_word' id='word_1_448' title='bbox 1346 3018 1460 3088; x_wconf 86' lang='lat' dir='ltr'><strong><em>subjicit</em></strong></span> <span class='ocrx_word' id='word_1_449' title='bbox 1477 3037 1503 3076; x_wconf 85' lang='lat' dir='ltr'><strong><em>v.</em></strong></span> <span class='ocrx_word' id='word_1_450' title='bbox 1517 3024 1564 3074; x_wconf 64' lang='grc' dir='ltr'><strong><em>ὅθι</em></strong></span> <span class='ocrx_word' id='word_1_451' title='bbox 1582 3020 1617 3074; x_wconf 79' lang='lat' dir='ltr'><strong><em>Si</em></strong></span> <span class='ocrx_word' id='word_1_452' title='bbox 1634 3019 1696 3091; x_wconf 79' lang='lat' dir='ltr'><strong><em>quis</em></strong></span> <span class='ocrx_word' id='word_1_453' title='bbox 1715 3019 1829 3089; x_wconf 75' lang='lat' dir='ltr'><strong><em>aliquid</em></strong></span> 
     </span>
     <span class='ocr_line' id='line_1_33' title="bbox 131 3104 1827 3175; baseline 0.001 -18"><span class='ocrx_word' id='word_1_454' title='bbox 131 3104 210 3175; x_wconf 89' lang='lat' dir='ltr'><strong><em>regni</em></strong></span> <span class='ocrx_word' id='word_1_455' title='bbox 246 3104 385 3161; x_wconf 83' lang='lat' dir='ltr'><strong><em>coelorum</em></strong></span> <span class='ocrx_word' id='word_1_456' title='bbox 421 3106 522 3163; x_wconf 61' lang='lat' dir='ltr'><strong><em>martit</em></strong></span> <span class='ocrx_word' id='word_1_457' title='bbox 552 3108 634 3165; x_wconf 71' lang='lat' dir='ltr'><strong><em>toruo</em></strong></span> <span class='ocrx_word' id='word_1_458' title='bbox 672 3108 864 3165; x_wconf 65' lang='lat' dir='ltr'><strong><em>inebriatum</em></strong></span> <span class='ocrx_word' id='word_1_459' title='bbox 900 3111 966 3166; x_wconf 71' lang='lat' dir='ltr'><strong><em>fidei</em></strong></span> <span class='ocrx_word' id='word_1_460' title='bbox 991 3122 1021 3160; x_wconf 87' lang='lat' dir='ltr'><strong><em>ee</em></strong></span> <span class='ocrx_word' id='word_1_461' title='bbox 1048 3106 1160 3159; x_wconf 75' lang='lat' dir='ltr'><strong><em>minim</em></strong></span> <span class='ocrx_word' id='word_1_462' title='bbox 1179 3107 1279 3159; x_wconf 84' lang='lat' dir='ltr'><strong><em>decens</em></strong></span> <span class='ocrx_word' id='word_1_463' title='bbox 1295 3106 1464 3159; x_wconf 82' lang='lat' dir='ltr'><strong><em>committere</em></strong></span> <span class='ocrx_word' id='word_1_464' title='bbox 1493 3121 1562 3174; x_wconf 80' lang='lat' dir='ltr'><strong><em>erpa</em></strong></span> <span class='ocrx_word' id='word_1_465' title='bbox 1581 3105 1717 3173; x_wconf 81' lang='lat' dir='ltr'><strong><em>uirpinen</em></strong></span> <span class='ocrx_word' id='word_1_466' title='bbox 1746 3122 1827 3159; x_wconf 75' lang='lat' dir='ltr'><strong><em>neam</em></strong></span> 
     </span>
     <span class='ocr_line' id='line_1_34' title="bbox 129 3192 1826 3266; baseline 0.001 -22"><span class='ocrx_word' id='word_1_467' title='bbox 129 3199 268 3248; x_wconf 88' lang='lat' dir='ltr'><strong><em>naturam.</em></strong></span> <span class='ocrx_word' id='word_1_468' title='bbox 323 3192 399 3264; x_wconf 79' lang='lat' dir='ltr'><strong><em>Ergo</em></strong></span> <span class='ocrx_word' id='word_1_469' title='bbox 430 3195 478 3265; x_wconf 91' lang='lat' dir='ltr'><strong><em>qui</em></strong></span> <span class='ocrx_word' id='word_1_470' title='bbox 514 3193 567 3249; x_wconf 89' lang='lat' dir='ltr'><strong><em>hac</em></strong></span> <span class='ocrx_word' id='word_1_471' title='bbox 601 3196 779 3266; x_wconf 73' lang='lat' dir='ltr'><strong><em>persuuicne</em></strong></span> <span class='ocrx_word' id='word_1_472' title='bbox 814 3195 967 3253; x_wconf 81' lang='lat' dir='ltr'><strong><em>fascinatus</em></strong></span> <span class='ocrx_word' id='word_1_473' title='bbox 990 3200 1087 3263; x_wconf 84' lang='lat' dir='ltr'><strong><em>putet,</em></strong></span> <span class='ocrx_word' id='word_1_474' title='bbox 1116 3193 1143 3246; x_wconf 89' lang='lat' dir='ltr'><strong><em>si</em></strong></span> <span class='ocrx_word' id='word_1_475' title='bbox 1155 3193 1258 3260; x_wconf 82' lang='lat' dir='ltr'><strong><em>floram</em></strong></span> <span class='ocrx_word' id='word_1_476' title='bbox 1276 3192 1379 3245; x_wconf 84' lang='lat' dir='ltr'><strong><em>aetatis</em></strong></span> <span class='ocrx_word' id='word_1_477' title='bbox 1396 3192 1530 3260; x_wconf 70' lang='lat' dir='ltr'><strong><em>scaeda,</em></strong></span> <span class='ocrx_word' id='word_1_478' title='bbox 1557 3199 1584 3244; x_wconf 86' lang='lat' dir='ltr'><strong><em>et</em></strong></span> <span class='ocrx_word' id='word_1_479' title='bbox 1601 3193 1642 3245; x_wconf 90' lang='lat' dir='ltr'><strong><em>ita</em></strong></span> <span class='ocrx_word' id='word_1_480' title='bbox 1659 3192 1738 3246; x_wconf 85' lang='lat' dir='ltr'><strong><em>debet</em></strong></span> <span class='ocrx_word' id='word_1_481' title='bbox 1753 3193 1826 3261; x_wconf 73' lang='lat' dir='ltr'><strong><em>fieri,</em></strong></span> 
     </span>
     <span class='ocr_line' id='line_1_35' title="bbox 129 3275 1826 3354; baseline 0.006 -24"><span class='ocrx_word' id='word_1_482' title='bbox 129 3275 298 3332; x_wconf 87' lang='lat' dir='ltr'><strong><em>coelibatum</em></strong></span> <span class='ocrx_word' id='word_1_483' title='bbox 315 3284 455 3348; x_wconf 70' lang='lat' dir='ltr'><strong><em>secamr&#39;,</em></strong></span> <span class='ocrx_word' id='word_1_484' title='bbox 473 3279 535 3335; x_wconf 89' lang='lat' dir='ltr'><strong><em>Deo</em></strong></span> <span class='ocrx_word' id='word_1_485' title='bbox 553 3280 664 3352; x_wconf 86' lang='lat' dir='ltr'><strong><em>placere</em></strong></span> <span class='ocrx_word' id='word_1_486' title='bbox 681 3283 785 3354; x_wconf 84' lang='lat' dir='ltr'><strong><em>nequit</em></strong></span> <span class='ocrx_word' id='word_1_487' title='bbox 833 3284 966 3353; x_wconf 82' lang='lat' dir='ltr'><strong><em>Breviter,</em></strong></span> <span class='ocrx_word' id='word_1_488' title='bbox 993 3279 1069 3346; x_wconf 68' lang='lat' dir='ltr'><strong><em>quod</em></strong></span> <span class='ocrx_word' id='word_1_489' title='bbox 1084 3278 1145 3332; x_wconf 68' lang='lat' dir='ltr'><strong><em>wll</em></strong></span> <span class='ocrx_word' id='word_1_490' title='bbox 1162 3278 1266 3347; x_wconf 66' lang='lat' dir='ltr'><strong><em>fatiat,</em></strong></span> <span class='ocrx_word' id='word_1_491' title='bbox 1283 3293 1340 3330; x_wconf 73' lang='lat' dir='ltr'><strong><em>ovo</em></strong></span> <span class='ocrx_word' id='word_1_492' title='bbox 1354 3284 1464 3346; x_wconf 64' lang='lat' dir='ltr'><strong><em>pomi,</em></strong></span> <span class='ocrx_word' id='word_1_493' title='bbox 1483 3277 1622 3345; x_wconf 66' lang='lat' dir='ltr'><strong><em>iuolssiw·</em></strong></span> <span class='ocrx_word' id='word_1_494' title='bbox 1638 3277 1826 3335; x_wconf 58' lang='lat' dir='ltr'><strong><em>mirmio-</em></strong></span> 
     </span>
     <span class='ocr_line' id='line_1_36' title="bbox 130 3360 1826 3441; baseline 0.002 -26"><span class='ocrx_word' id='word_1_495' title='bbox 130 3361 256 3431; x_wconf 90' lang='lat' dir='ltr'><strong><em>opinioni</em></strong></span> <span class='ocrx_word' id='word_1_496' title='bbox 282 3362 324 3417; x_wconf 91' lang='lat' dir='ltr'><strong><em>illi</em></strong></span> <span class='ocrx_word' id='word_1_497' title='bbox 347 3362 383 3420; x_wconf 91' lang='lat' dir='ltr'><strong><em>de</em></strong></span> <span class='ocrx_word' id='word_1_498' title='bbox 408 3364 606 3422; x_wconf 85' lang='lat' dir='ltr'><strong><em>satisfaciendo</em></strong></span> <span class='ocrx_word' id='word_1_499' title='bbox 631 3384 682 3438; x_wconf 87' lang='lat' dir='ltr'><strong><em>pro</em></strong></span> <span class='ocrx_word' id='word_1_500' title='bbox 701 3369 824 3438; x_wconf 86' lang='lat' dir='ltr'><strong><em>peccatis</em></strong></span> <span class='ocrx_word' id='word_1_501' title='bbox 847 3371 966 3441; x_wconf 86' lang='lat' dir='ltr'><strong><em>propriis</em></strong></span> <span class='ocrx_word' id='word_1_502' title='bbox 992 3363 1075 3419; x_wconf 87' lang='lat' dir='ltr'><strong><em>Hanc</em></strong></span> <span class='ocrx_word' id='word_1_503' title='bbox 1096 3362 1214 3434; x_wconf 87' lang='lat' dir='ltr'><strong><em>apostoli</em></strong></span> <span class='ocrx_word' id='word_1_504' title='bbox 1239 3361 1415 3434; x_wconf 88' lang='lat' dir='ltr'><strong><em>prudentiam</em></strong></span> <span class='ocrx_word' id='word_1_505' title='bbox 1437 3378 1470 3416; x_wconf 90' lang='lat' dir='ltr'><strong><em>ac</em></strong></span> <span class='ocrx_word' id='word_1_506' title='bbox 1488 3360 1667 3431; x_wconf 77' lang='lat' dir='ltr'><strong><em>modestiam,</em></strong></span> <span class='ocrx_word' id='word_1_507' title='bbox 1695 3363 1719 3417; x_wconf 87' lang='lat' dir='ltr'><strong><em>si</em></strong></span> <span class='ocrx_word' id='word_1_508' title='bbox 1748 3362 1826 3435; x_wconf 84' lang='lat' dir='ltr'><strong><em>sequi</em></strong></span> 
     </span>
     <span class='ocr_line' id='line_1_37' title="bbox 129 3446 1935 3526; baseline 0.002 -26"><span class='ocrx_word' id='word_1_509' title='bbox 129 3453 159 3500; x_wconf 90' lang='lat' dir='ltr'><strong><em>et</em></strong></span> <span class='ocrx_word' id='word_1_510' title='bbox 181 3446 298 3503; x_wconf 85' lang='lat' dir='ltr'><strong><em>aliorum</em></strong></span> <span class='ocrx_word' id='word_1_511' title='bbox 327 3466 378 3520; x_wconf 86' lang='lat' dir='ltr'><strong><em>per</em></strong></span> <span class='ocrx_word' id='word_1_512' title='bbox 394 3450 564 3507; x_wconf 86' lang='lat' dir='ltr'><strong><em>coelibatum</em></strong></span> <span class='ocrx_word' id='word_1_513' title='bbox 597 3456 626 3508; x_wconf 89' lang='lat' dir='ltr'><strong><em>et</em></strong></span> <span class='ocrx_word' id='word_1_514' title='bbox 648 3455 816 3525; x_wconf 83' lang='lat' dir='ltr'><strong><em>praestando</em></strong></span> <span class='ocrx_word' id='word_1_515' title='bbox 846 3456 966 3526; x_wconf 83' lang='lat' dir='ltr'><strong><em>quodam</em></strong></span> <span class='ocrx_word' id='word_1_516' title='bbox 993 3451 1125 3519; x_wconf 82' lang='lat' dir='ltr'><strong><em>velimus,</em></strong></span> <span class='ocrx_word' id='word_1_517' title='bbox 1152 3455 1185 3504; x_wconf 90' lang='lat' dir='ltr'><strong><em>nt</em></strong></span> <span class='ocrx_word' id='word_1_518' title='bbox 1198 3449 1310 3505; x_wconf 89' lang='lat' dir='ltr'><strong><em>omnino</em></strong></span> <span class='ocrx_word' id='word_1_519' title='bbox 1328 3465 1390 3505; x_wconf 87' lang='lat' dir='ltr'><strong><em>eam</em></strong></span> <span class='ocrx_word' id='word_1_520' title='bbox 1409 3448 1490 3518; x_wconf 89' lang='lat' dir='ltr'><strong><em>sequi</em></strong></span> <span class='ocrx_word' id='word_1_521' title='bbox 1508 3448 1654 3517; x_wconf 86' lang='lat' dir='ltr'><strong><em>debemus,</em></strong></span> <span class='ocrx_word' id='word_1_522' title='bbox 1677 3465 1729 3504; x_wconf 89' lang='lat' dir='ltr'><strong><em>uec</em></strong></span> <span class='ocrx_word' id='word_1_523' title='bbox 1747 3449 1827 3504; x_wconf 89' lang='lat' dir='ltr'><strong><em>nobis</em></strong></span> <span class='ocrx_word' id='word_1_524' title='bbox 1932 3474 1935 3483; x_wconf 88' lang='grc'>·</span> 
     </span>
     <span class='ocr_line' id='line_1_38' title="bbox 130 3534 1827 3612; baseline 0.002 -26"><span class='ocrx_word' id='word_1_525' title='bbox 130 3534 383 3604; x_wconf 85' lang='lat' dir='ltr'><strong><em>supererogationis</em></strong></span> <span class='ocrx_word' id='word_1_526' title='bbox 414 3553 496 3606; x_wconf 89' lang='lat' dir='ltr'><strong><em>opere</em></strong></span> <span class='ocrx_word' id='word_1_527' title='bbox 529 3536 591 3591; x_wconf 91' lang='lat' dir='ltr'><strong><em>aliis</em></strong></span> <span class='ocrx_word' id='word_1_528' title='bbox 622 3538 705 3594; x_wconf 88' lang='lat' dir='ltr'><strong><em>etiam</em></strong></span> <span class='ocrx_word' id='word_1_529' title='bbox 734 3539 902 3610; x_wconf 79' lang='lat' dir='ltr'><strong><em>applioando</em></strong></span> <span class='ocrx_word' id='word_1_530' title='bbox 919 3557 966 3612; x_wconf 77' lang='lat' dir='ltr'><strong><em>op.</em></strong></span> <span class='ocrx_word' id='word_1_531' title='bbox 994 3537 1070 3608; x_wconf 88' lang='lat' dir='ltr'><strong><em>ipsis,</em></strong></span> <span class='ocrx_word' id='word_1_532' title='bbox 1088 3553 1138 3593; x_wconf 90' lang='lat' dir='ltr'><strong><em>nec</em></strong></span> <span class='ocrx_word' id='word_1_533' title='bbox 1155 3536 1218 3591; x_wconf 89' lang='lat' dir='ltr'><strong><em>aliis</em></strong></span> <span class='ocrx_word' id='word_1_534' title='bbox 1236 3536 1267 3590; x_wconf 89' lang='lat' dir='ltr'><strong><em>in</em></strong></span> <span class='ocrx_word' id='word_1_535' title='bbox 1285 3534 1427 3590; x_wconf 89' lang='lat' dir='ltr'><strong><em>coelibatu</em></strong></span> <span class='ocrx_word' id='word_1_536' title='bbox 1447 3536 1579 3591; x_wconf 64' lang='lat' dir='ltr'><strong><em>secando</em></strong></span> <span class='ocrx_word' id='word_1_537' title='bbox 1596 3535 1686 3606; x_wconf 86' lang='lat' dir='ltr'><strong><em>legem</em></strong></span> <span class='ocrx_word' id='word_1_538' title='bbox 1704 3536 1827 3608; x_wconf 84' lang='lat' dir='ltr'><strong><em>aliquam</em></strong></span> 
     </span>
     <span class='ocr_line' id='line_1_39' title="bbox 129 3617 1826 3697; baseline 0.004 -26"><span class='ocrx_word' id='word_1_539' title='bbox 129 3617 291 3687; x_wconf 89' lang='lat' dir='ltr'><strong><em>ponendum</em></strong></span> <span class='ocrx_word' id='word_1_540' title='bbox 315 3626 357 3676; x_wconf 90' lang='lat' dir='ltr'><strong><em>est</em></strong></span> <span class='ocrx_word' id='word_1_541' title='bbox 384 3627 474 3677; x_wconf 85' lang='lat' dir='ltr'><strong><em>totum</em></strong></span> <span class='ocrx_word' id='word_1_542' title='bbox 497 3629 620 3693; x_wconf 86' lang='lat' dir='ltr'><strong><em>systema</em></strong></span> <span class='ocrx_word' id='word_1_543' title='bbox 636 3623 760 3680; x_wconf 88' lang='lat' dir='ltr'><strong><em>locorum</em></strong></span> <span class='ocrx_word' id='word_1_544' title='bbox 781 3626 965 3697; x_wconf 85' lang='lat' dir='ltr'><strong><em>practicarum</em></strong></span> <span class='ocrx_word' id='word_1_545' title='bbox 992 3622 1165 3680; x_wconf 88' lang='lat' dir='ltr'><strong><em>necessitatis</em></strong></span> <span class='ocrx_word' id='word_1_546' title='bbox 1195 3621 1384 3694; x_wconf 73' lang='lat' dir='ltr'><strong><em>praescribere</em></strong></span> <span class='ocrx_word' id='word_1_547' title='bbox 1412 3621 1560 3691; x_wconf 89' lang='lat' dir='ltr'><strong><em>debemus,</em></strong></span> <span class='ocrx_word' id='word_1_548' title='bbox 1585 3621 1636 3677; x_wconf 87' lang='lat' dir='ltr'><strong><em>sed</em></strong></span> <span class='ocrx_word' id='word_1_549' title='bbox 1658 3621 1728 3676; x_wconf 92' lang='lat' dir='ltr'><strong><em>illud</em></strong></span> <span class='ocrx_word' id='word_1_550' title='bbox 1753 3623 1826 3677; x_wconf 83' lang='lat' dir='ltr'><strong><em>ritae</em></strong></span> 
     </span>
     <span class='ocr_line' id='line_1_40' title="bbox 129 3703 1825 3783; baseline 0.004 -26"><span class='ocrx_word' id='word_1_551' title='bbox 129 3703 167 3758; x_wconf 93' lang='lat' dir='ltr'><strong><em>de</em></strong></span> <span class='ocrx_word' id='word_1_552' title='bbox 197 3703 341 3778; x_wconf 74' lang='grc' dir='ltr'><strong><em>ἀδυναμίᾳ</em></strong></span> <span class='ocrx_word' id='word_1_553' title='bbox 365 3706 489 3778; x_wconf 84' lang='lat' dir='ltr'><strong><em>perlecta</em></strong></span> <span class='ocrx_word' id='word_1_554' title='bbox 510 3708 642 3780; x_wconf 87' lang='lat' dir='ltr'><strong><em>implendi</em></strong></span> <span class='ocrx_word' id='word_1_555' title='bbox 667 3709 773 3781; x_wconf 87' lang='lat' dir='ltr'><strong><em>legem,</em></strong></span> <span class='ocrx_word' id='word_1_556' title='bbox 804 3712 841 3767; x_wconf 91' lang='lat' dir='ltr'><strong><em>de</em></strong></span> <span class='ocrx_word' id='word_1_557' title='bbox 862 3711 965 3783; x_wconf 88' lang='lat' dir='ltr'><strong><em>justifi·</em></strong></span> <span class='ocrx_word' id='word_1_558' title='bbox 991 3727 1081 3780; x_wconf 90' lang='lat' dir='ltr'><strong><em>genus</em></strong></span> <span class='ocrx_word' id='word_1_559' title='bbox 1098 3709 1209 3779; x_wconf 86' lang='lat' dir='ltr'><strong><em>eligere,</em></strong></span> <span class='ocrx_word' id='word_1_560' title='bbox 1229 3708 1258 3762; x_wconf 88' lang='lat' dir='ltr'><strong><em>in</em></strong></span> <span class='ocrx_word' id='word_1_561' title='bbox 1277 3724 1333 3778; x_wconf 87' lang='lat' dir='ltr'><strong><em>quo</em></strong></span> <span class='ocrx_word' id='word_1_562' title='bbox 1351 3707 1456 3763; x_wconf 78' lang='lat' dir='ltr'><strong><em>mticne</em></strong></span> <span class='ocrx_word' id='word_1_563' title='bbox 1474 3723 1667 3778; x_wconf 88' lang='lat' dir='ltr'><strong><em>personarum,</em></strong></span> <span class='ocrx_word' id='word_1_564' title='bbox 1692 3707 1825 3763; x_wconf 89' lang='lat' dir='ltr'><strong><em>denorum</em></strong></span> 
     </span>
     <span class='ocr_line' id='line_1_41' title="bbox 129 3788 1825 3866; baseline 0.004 -24"><span class='ocrx_word' id='word_1_565' title='bbox 129 3788 240 3845; x_wconf 90' lang='lat' dir='ltr'><strong><em>catione</em></strong></span> <span class='ocrx_word' id='word_1_566' title='bbox 271 3808 326 3845; x_wconf 91' lang='lat' dir='ltr'><strong><em>non</em></strong></span> <span class='ocrx_word' id='word_1_567' title='bbox 353 3808 387 3847; x_wconf 83' lang='lat' dir='ltr'><strong><em>ex</em></strong></span> <span class='ocrx_word' id='word_1_568' title='bbox 415 3792 489 3865; x_wconf 89' lang='lat' dir='ltr'><strong><em>lege,</em></strong></span> <span class='ocrx_word' id='word_1_569' title='bbox 520 3794 569 3849; x_wconf 91' lang='lat' dir='ltr'><strong><em>sed</em></strong></span> <span class='ocrx_word' id='word_1_570' title='bbox 600 3811 633 3850; x_wconf 83' lang='lat' dir='ltr'><strong><em>ex</em></strong></span> <span class='ocrx_word' id='word_1_571' title='bbox 657 3796 819 3866; x_wconf 82' lang='lat' dir='ltr'><strong><em>evangelio,</em></strong></span> <span class='ocrx_word' id='word_1_572' title='bbox 847 3813 902 3852; x_wconf 90' lang='lat' dir='ltr'><strong><em>non</em></strong></span> <span class='ocrx_word' id='word_1_573' title='bbox 933 3814 966 3853; x_wconf 85' lang='lat' dir='ltr'><strong><em>ex</em></strong></span> <span class='ocrx_word' id='word_1_574' title='bbox 992 3811 1025 3851; x_wconf 85' lang='lat' dir='ltr'><strong><em>ac</em></strong></span> <span class='ocrx_word' id='word_1_575' title='bbox 1047 3800 1203 3864; x_wconf 63' lang='lat' dir='ltr'><strong><em>amporam</em></strong></span> <span class='ocrx_word' id='word_1_576' title='bbox 1228 3792 1326 3848; x_wconf 87' lang='lat' dir='ltr'><strong><em>habita</em></strong></span> <span class='ocrx_word' id='word_1_577' title='bbox 1339 3792 1510 3848; x_wconf 86' lang='lat' dir='ltr'><strong><em>commodius</em></strong></span> <span class='ocrx_word' id='word_1_578' title='bbox 1527 3792 1588 3848; x_wconf 90' lang='lat' dir='ltr'><strong><em>Deo</em></strong></span> <span class='ocrx_word' id='word_1_579' title='bbox 1611 3792 1713 3848; x_wconf 70' lang='lat' dir='ltr'><strong><em>savhe</em></strong></span> <span class='ocrx_word' id='word_1_580' title='bbox 1732 3810 1765 3847; x_wconf 89' lang='lat' dir='ltr'><strong><em>ac</em></strong></span> <span class='ocrx_word' id='word_1_581' title='bbox 1782 3810 1825 3848; x_wconf 89' lang='lat' dir='ltr'><strong><em>ec·</em></strong></span> 
     </span>
     <span class='ocr_line' id='line_1_42' title="bbox 129 3874 1825 3955; baseline 0.004 -26"><span class='ocrx_word' id='word_1_582' title='bbox 129 3874 271 3946; x_wconf 89' lang='lat' dir='ltr'><strong><em>operibus,</em></strong></span> <span class='ocrx_word' id='word_1_583' title='bbox 292 3877 341 3933; x_wconf 89' lang='lat' dir='ltr'><strong><em>sed</em></strong></span> <span class='ocrx_word' id='word_1_584' title='bbox 361 3893 394 3933; x_wconf 83' lang='lat' dir='ltr'><strong><em>ex</em></strong></span> <span class='ocrx_word' id='word_1_585' title='bbox 412 3877 476 3947; x_wconf 87' lang='lat' dir='ltr'><strong><em>fide,</em></strong></span> <span class='ocrx_word' id='word_1_586' title='bbox 494 3896 551 3936; x_wconf 91' lang='lat' dir='ltr'><strong><em>non</em></strong></span> <span class='ocrx_word' id='word_1_587' title='bbox 568 3897 602 3936; x_wconf 85' lang='lat' dir='ltr'><strong><em>ex</em></strong></span> <span class='ocrx_word' id='word_1_588' title='bbox 619 3881 740 3950; x_wconf 88' lang='lat' dir='ltr'><strong><em>meritis,</em></strong></span> <span class='ocrx_word' id='word_1_589' title='bbox 755 3884 804 3938; x_wconf 86' lang='lat' dir='ltr'><strong><em>sed</em></strong></span> <span class='ocrx_word' id='word_1_590' title='bbox 824 3899 857 3939; x_wconf 87' lang='lat' dir='ltr'><strong><em>ex</em></strong></span> <span class='ocrx_word' id='word_1_591' title='bbox 875 3883 967 3955; x_wconf 88' lang='lat' dir='ltr'><strong><em>gratia</em></strong></span> <span class='ocrx_word' id='word_1_592' title='bbox 992 3880 1093 3936; x_wconf 89' lang='lat' dir='ltr'><strong><em>clesiae</em></strong></span> <span class='ocrx_word' id='word_1_593' title='bbox 1124 3878 1243 3935; x_wconf 68' lang='lat' dir='ltr'><strong><em>odotem</em></strong></span> <span class='ocrx_word' id='word_1_594' title='bbox 1274 3894 1437 3949; x_wconf 85' lang='lat' dir='ltr'><strong><em>promovere</em></strong></span> <span class='ocrx_word' id='word_1_595' title='bbox 1467 3897 1517 3935; x_wconf 89' lang='lat' dir='ltr'><strong><em>nos</em></strong></span> <span class='ocrx_word' id='word_1_596' title='bbox 1554 3894 1635 3949; x_wconf 87' lang='lat' dir='ltr'><strong><em>posse</em></strong></span> <span class='ocrx_word' id='word_1_597' title='bbox 1671 3879 1825 3950; x_wconf 85' lang='lat' dir='ltr'><strong><em>apparebit</em></strong></span> 
     </span>
     <span class='ocr_line' id='line_1_43' title="bbox 130 3962 1826 4039; baseline 0.004 -25"><span class='ocrx_word' id='word_1_598' title='bbox 130 3962 315 4030; x_wconf 86' lang='lat' dir='ltr'><strong><em>sperandast</em></strong></span> <span class='ocrx_word' id='word_1_599' title='bbox 333 3962 499 4033; x_wconf 89' lang='lat' dir='ltr'><strong><em>obtinenda,</em></strong></span> <span class='ocrx_word' id='word_1_600' title='bbox 527 3966 563 4021; x_wconf 90' lang='lat' dir='ltr'><strong><em>de</em></strong></span> <span class='ocrx_word' id='word_1_601' title='bbox 580 3965 714 4021; x_wconf 90' lang='lat' dir='ltr'><strong><em>bonorum</em></strong></span> <span class='ocrx_word' id='word_1_602' title='bbox 734 3984 848 4039; x_wconf 89' lang='lat' dir='ltr'><strong><em>operum</em></strong></span> <span class='ocrx_word' id='word_1_603' title='bbox 866 3968 965 4038; x_wconf 89' lang='lat' dir='ltr'><strong><em>imper-</em></strong></span> <span class='ocrx_word' id='word_1_604' title='bbox 991 3967 1025 4021; x_wconf 93' lang='lat' dir='ltr'><strong><em>ln</em></strong></span> <span class='ocrx_word' id='word_1_605' title='bbox 1060 3965 1201 4021; x_wconf 85' lang='lat' dir='ltr'><strong><em>coelibatu</em></strong></span> <span class='ocrx_word' id='word_1_606' title='bbox 1231 3964 1318 4037; x_wconf 90' lang='lat' dir='ltr'><strong><em>igitur</em></strong></span> <span class='ocrx_word' id='word_1_607' title='bbox 1347 3964 1477 4035; x_wconf 88' lang='lat' dir='ltr'><strong><em>eligendo</em></strong></span> <span class='ocrx_word' id='word_1_608' title='bbox 1507 3963 1641 4034; x_wconf 83' lang='lat' dir='ltr'><strong><em>diximus,</em></strong></span> <span class='ocrx_word' id='word_1_609' title='bbox 1678 3970 1703 4021; x_wconf 94' lang='grc'><strong><em>1.</em></strong></span> <span class='ocrx_word' id='word_1_610' title='bbox 1730 3965 1826 4037; x_wconf 84' lang='lat' dir='ltr'><strong><em>rigere</em></strong></span> 
     </span>
     <span class='ocr_line' id='line_1_44' title="bbox 128 4046 1826 4117; baseline 0.003 -16"><span class='ocrx_word' id='word_1_611' title='bbox 128 4046 250 4102; x_wconf 83' lang='lat' dir='ltr'><strong><em>factione</em></strong></span> <span class='ocrx_word' id='word_1_612' title='bbox 268 4051 297 4103; x_wconf 92' lang='lat' dir='ltr'><strong><em>et</em></strong></span> <span class='ocrx_word' id='word_1_613' title='bbox 315 4048 564 4117; x_wconf 76' lang='lat' dir='ltr'><strong><em>contaminatione,</em></strong></span> <span class='ocrx_word' id='word_1_614' title='bbox 587 4053 622 4106; x_wconf 90' lang='lat' dir='ltr'><strong><em>de</em></strong></span> <span class='ocrx_word' id='word_1_615' title='bbox 641 4053 723 4108; x_wconf 91' lang='lat' dir='ltr'><strong><em>unico</em></strong></span> <span class='ocrx_word' id='word_1_616' title='bbox 740 4060 769 4108; x_wconf 91' lang='lat' dir='ltr'><strong><em>et</em></strong></span> <span class='ocrx_word' id='word_1_617' title='bbox 787 4054 845 4111; x_wconf 87' lang='lat' dir='ltr'><strong><em>solo</em></strong></span> <span class='ocrx_word' id='word_1_618' title='bbox 864 4053 967 4110; x_wconf 80' lang='lat' dir='ltr'><strong><em>Christi</em></strong></span> <span class='ocrx_word' id='word_1_619' title='bbox 992 4052 1095 4109; x_wconf 90' lang='lat' dir='ltr'><strong><em>debere</em></strong></span> <span class='ocrx_word' id='word_1_620' title='bbox 1113 4059 1218 4106; x_wconf 80' lang='lat' dir='ltr'><strong><em>restam</em></strong></span> <span class='ocrx_word' id='word_1_621' title='bbox 1234 4052 1422 4107; x_wconf 85' lang='lat' dir='ltr'><strong><em>intentionem.</em></strong></span> <span class='ocrx_word' id='word_1_622' title='bbox 1470 4049 1511 4106; x_wconf 90' lang='lat' dir='ltr'><strong><em>Ut</em></strong></span> <span class='ocrx_word' id='word_1_623' title='bbox 1528 4051 1601 4106; x_wconf 88' lang='lat' dir='ltr'><strong><em>enim</em></strong></span> <span class='ocrx_word' id='word_1_624' title='bbox 1619 4051 1649 4106; x_wconf 92' lang='lat' dir='ltr'><strong><em>in</em></strong></span> <span class='ocrx_word' id='word_1_625' title='bbox 1671 4050 1733 4107; x_wconf 87' lang='lat' dir='ltr'><strong><em>aliis</em></strong></span> <span class='ocrx_word' id='word_1_626' title='bbox 1751 4052 1826 4106; x_wconf 87' lang='lat' dir='ltr'><strong><em>vitae</em></strong></span> 
     </span>
     <span class='ocr_line' id='line_1_45' title="bbox 128 4132 1826 4209; baseline 0.003 -23"><span class='ocrx_word' id='word_1_627' title='bbox 128 4132 236 4199; x_wconf 87' lang='lat' dir='ltr'><strong><em>merito,</em></strong></span> <span class='ocrx_word' id='word_1_628' title='bbox 267 4134 303 4190; x_wconf 91' lang='lat' dir='ltr'><strong><em>de</em></strong></span> <span class='ocrx_word' id='word_1_629' title='bbox 337 4135 428 4191; x_wconf 84' lang='lat' dir='ltr'><strong><em>causis</em></strong></span> <span class='ocrx_word' id='word_1_630' title='bbox 454 4143 569 4208; x_wconf 88' lang='lat' dir='ltr'><strong><em>propter</em></strong></span> <span class='ocrx_word' id='word_1_631' title='bbox 595 4154 665 4209; x_wconf 88' lang='lat' dir='ltr'><strong><em>quas</em></strong></span> <span class='ocrx_word' id='word_1_632' title='bbox 694 4140 862 4209; x_wconf 85' lang='lat' dir='ltr'><strong><em>praestanda</em></strong></span> <span class='ocrx_word' id='word_1_633' title='bbox 893 4141 967 4197; x_wconf 92' lang='lat' dir='ltr'><strong><em>bona</em></strong></span> <span class='ocrx_word' id='word_1_634' title='bbox 991 4137 1148 4194; x_wconf 87' lang='lat' dir='ltr'><strong><em>actionibus</em></strong></span> <span class='ocrx_word' id='word_1_635' title='bbox 1183 4144 1261 4194; x_wconf 86' lang='lat' dir='ltr'><strong><em>recta</em></strong></span> <span class='ocrx_word' id='word_1_636' title='bbox 1290 4137 1407 4193; x_wconf 87' lang='lat' dir='ltr'><strong><em>intentio</em></strong></span> <span class='ocrx_word' id='word_1_637' title='bbox 1438 4136 1588 4192; x_wconf 90' lang='lat' dir='ltr'><strong><em>earundem</em></strong></span> <span class='ocrx_word' id='word_1_638' title='bbox 1623 4136 1700 4192; x_wconf 84' lang='lat' dir='ltr'><strong><em>velut</em></strong></span> <span class='ocrx_word' id='word_1_639' title='bbox 1730 4137 1826 4191; x_wconf 82' lang='lat' dir='ltr'><strong><em>oculus</em></strong></span> 
     </span>
    </p>

    <p class='ocr_par' dir='ltr' id='par_1_6' title="bbox 61 4219 1941 5589">
     <span class='ocr_line' id='line_1_46' title="bbox 61 4219 1826 4295; baseline 0.003 -24"><span class='ocrx_word' id='word_1_640' title='bbox 61 4227 113 4271; x_wconf 85' lang='lat' dir='ltr'><strong><em>.ss.</em></strong></span> <span class='ocrx_word' id='word_1_641' title='bbox 128 4235 215 4289; x_wconf 90' lang='lat' dir='ltr'><strong><em>opera</em></strong></span> <span class='ocrx_word' id='word_1_642' title='bbox 241 4225 292 4275; x_wconf 91' lang='lat' dir='ltr'><strong><em>etc.</em></strong></span> <span class='ocrx_word' id='word_1_643' title='bbox 339 4219 410 4275; x_wconf 90' lang='lat' dir='ltr'><strong><em>Inde</em></strong></span> <span class='ocrx_word' id='word_1_644' title='bbox 433 4228 489 4288; x_wconf 88' lang='lat' dir='ltr'><strong><em>eet,</em></strong></span> <span class='ocrx_word' id='word_1_645' title='bbox 520 4224 596 4294; x_wconf 90' lang='lat' dir='ltr'><strong><em>quod</em></strong></span> <span class='ocrx_word' id='word_1_646' title='bbox 630 4224 743 4295; x_wconf 92' lang='lat' dir='ltr'><strong><em>quidam</em></strong></span> <span class='ocrx_word' id='word_1_647' title='bbox 768 4226 964 4283; x_wconf 88' lang='lat' dir='ltr'><strong><em>moderatiores</em></strong></span> <span class='ocrx_word' id='word_1_648' title='bbox 992 4222 1318 4292; x_wconf 64' lang='lat' dir='ltr'><strong><em>consuluissemus.</em></strong></span> <span class='ocrx_word' id='word_1_649' title='bbox 1337 4228 1379 4279; x_wconf 81' lang='lat'><strong><em>22.</em></strong></span> <span class='ocrx_word' id='word_1_650' title='bbox 1406 4221 1476 4277; x_wconf 88' lang='lat' dir='ltr'><strong><em>Luc.</em></strong></span> <span class='ocrx_word' id='word_1_651' title='bbox 1497 4228 1536 4289; x_wconf 91' lang='grc'><strong><em>11,</em></strong></span> <span class='ocrx_word' id='word_1_652' title='bbox 1557 4241 1582 4279; x_wconf 89' lang='lat' dir='ltr'><strong><em>v.</em></strong></span> <span class='ocrx_word' id='word_1_653' title='bbox 1602 4227 1643 4279; x_wconf 79' lang='lat'><strong><em>³4.</em></strong></span> <span class='ocrx_word' id='word_1_654' title='bbox 1662 4223 1703 4278; x_wconf 88' lang='lat' dir='ltr'><strong><em>ita</em></strong></span> <span class='ocrx_word' id='word_1_655' title='bbox 1715 4239 1826 4295; x_wconf 91' lang='lat' dir='ltr'><strong><em>quoque</em></strong></span> 
     </span>
     <span class='ocr_line' id='line_1_47' title="bbox 129 4304 1825 4383; baseline 0.003 -24"><span class='ocrx_word' id='word_1_656' title='bbox 129 4320 164 4359; x_wconf 85' lang='lat' dir='ltr'><strong><em>ex</em></strong></span> <span class='ocrx_word' id='word_1_657' title='bbox 181 4304 249 4375; x_wconf 89' lang='lat' dir='ltr'><strong><em>ipsis</em></strong></span> <span class='ocrx_word' id='word_1_658' title='bbox 266 4304 422 4363; x_wconf 86' lang='lat' dir='ltr'><strong><em>Pontificiis</em></strong></span> <span class='ocrx_word' id='word_1_659' title='bbox 439 4308 597 4378; x_wconf 86' lang='lat' dir='ltr'><strong><em>opinionem</em></strong></span> <span class='ocrx_word' id='word_1_660' title='bbox 616 4310 701 4375; x_wconf 86' lang='lat' dir='ltr'><strong><em>illum,</em></strong></span> <span class='ocrx_word' id='word_1_661' title='bbox 719 4312 794 4383; x_wconf 89' lang='lat' dir='ltr'><strong><em>quod</em></strong></span> <span class='ocrx_word' id='word_1_662' title='bbox 813 4313 964 4368; x_wconf 86' lang='lat' dir='ltr'><strong><em>coelibatus</em></strong></span> <span class='ocrx_word' id='word_1_663' title='bbox 992 4311 1020 4365; x_wconf 89' lang='lat' dir='ltr'><strong><em>in</em></strong></span> <span class='ocrx_word' id='word_1_664' title='bbox 1039 4309 1177 4366; x_wconf 86' lang='lat' dir='ltr'><strong><em>coelibatu</em></strong></span> <span class='ocrx_word' id='word_1_665' title='bbox 1197 4307 1327 4379; x_wconf 89' lang='lat' dir='ltr'><strong><em>eligendo</em></strong></span> <span class='ocrx_word' id='word_1_666' title='bbox 1351 4313 1379 4363; x_wconf 90' lang='lat' dir='ltr'><strong><em>et</em></strong></span> <span class='ocrx_word' id='word_1_667' title='bbox 1397 4308 1528 4363; x_wconf 67' lang='lat' dir='ltr'><strong><em>secundo</em></strong></span> <span class='ocrx_word' id='word_1_668' title='bbox 1547 4308 1708 4379; x_wconf 89' lang='lat' dir='ltr'><strong><em>cumprimis</em></strong></span> <span class='ocrx_word' id='word_1_669' title='bbox 1729 4308 1825 4364; x_wconf 89' lang='lat' dir='ltr'><strong><em>eadem</em></strong></span> 
     </span>
     <span class='ocr_line' id='line_1_48' title="bbox 129 4391 1824 4468; baseline 0.002 -24"><span class='ocrx_word' id='word_1_670' title='bbox 129 4391 174 4457; x_wconf 88' lang='lat' dir='ltr'><strong><em>(ac</em></strong></span> <span class='ocrx_word' id='word_1_671' title='bbox 193 4391 383 4460; x_wconf 88' lang='lat' dir='ltr'><strong><em>monachatus)</em></strong></span> <span class='ocrx_word' id='word_1_672' title='bbox 406 4392 442 4447; x_wconf 85' lang='lat' dir='ltr'><strong><em>sit</em></strong></span> <span class='ocrx_word' id='word_1_673' title='bbox 464 4393 619 4450; x_wconf 70' lang='lat' dir='ltr'><strong><em>anhelantia</em></strong></span> <span class='ocrx_word' id='word_1_674' title='bbox 643 4404 820 4467; x_wconf 86' lang='lat' dir='ltr'><strong><em>peccatorum</em></strong></span> <span class='ocrx_word' id='word_1_675' title='bbox 838 4405 867 4453; x_wconf 90' lang='lat' dir='ltr'><strong><em>et</em></strong></span> <span class='ocrx_word' id='word_1_676' title='bbox 884 4400 964 4454; x_wconf 88' lang='lat' dir='ltr'><strong><em>meri·</em></strong></span> <span class='ocrx_word' id='word_1_677' title='bbox 992 4395 1175 4468; x_wconf 86' lang='lat' dir='ltr'><strong><em>respicienda</em></strong></span> <span class='ocrx_word' id='word_1_678' title='bbox 1214 4396 1295 4451; x_wconf 84' lang='lat' dir='ltr'><strong><em>Tunc</em></strong></span> <span class='ocrx_word' id='word_1_679' title='bbox 1311 4410 1378 4450; x_wconf 80' lang='lat' dir='ltr'><strong><em>vero</em></strong></span> <span class='ocrx_word' id='word_1_680' title='bbox 1398 4394 1565 4450; x_wconf 87' lang='lat' dir='ltr'><strong><em>coelibatum</em></strong></span> <span class='ocrx_word' id='word_1_681' title='bbox 1584 4410 1618 4449; x_wconf 87' lang='lat' dir='ltr'><strong><em>ex</em></strong></span> <span class='ocrx_word' id='word_1_682' title='bbox 1642 4399 1719 4450; x_wconf 86' lang='lat' dir='ltr'><strong><em>recta</em></strong></span> <span class='ocrx_word' id='word_1_683' title='bbox 1736 4395 1824 4449; x_wconf 87' lang='lat' dir='ltr'><strong><em>inten·</em></strong></span> 
     </span>
     <span class='ocr_line' id='line_1_49' title="bbox 127 4476 1826 4553; baseline 0.004 -24"><span class='ocrx_word' id='word_1_684' title='bbox 127 4479 189 4530; x_wconf 91' lang='lat' dir='ltr'><strong><em>tum</em></strong></span> <span class='ocrx_word' id='word_1_685' title='bbox 222 4476 302 4548; x_wconf 88' lang='lat' dir='ltr'><strong><em>regni</em></strong></span> <span class='ocrx_word' id='word_1_686' title='bbox 339 4478 487 4550; x_wconf 85' lang='lat' dir='ltr'><strong><em>coelorum,</em></strong></span> <span class='ocrx_word' id='word_1_687' title='bbox 520 4480 622 4536; x_wconf 86' lang='lat' dir='ltr'><strong><em>diserte</em></strong></span> <span class='ocrx_word' id='word_1_688' title='bbox 665 4482 808 4552; x_wconf 86' lang='lat' dir='ltr'><strong><em>rejiciant,</em></strong></span> <span class='ocrx_word' id='word_1_689' title='bbox 844 4484 964 4541; x_wconf 84' lang='lat' dir='ltr'><strong><em>Conrad.</em></strong></span> <span class='ocrx_word' id='word_1_690' title='bbox 992 4483 1067 4538; x_wconf 78' lang='lat' dir='ltr'><strong><em>tlone</em></strong></span> <span class='ocrx_word' id='word_1_691' title='bbox 1096 4482 1239 4553; x_wconf 84' lang='lat' dir='ltr'><strong><em>eligimus,</em></strong></span> <span class='ocrx_word' id='word_1_692' title='bbox 1272 4482 1299 4536; x_wconf 87' lang='lat' dir='ltr'><strong><em>ei</em></strong></span> <span class='ocrx_word' id='word_1_693' title='bbox 1315 4489 1432 4553; x_wconf 84' lang='lat' dir='ltr'><strong><em>propter</em></strong></span> <span class='ocrx_word' id='word_1_694' title='bbox 1450 4483 1526 4550; x_wconf 78' lang='lat' dir='ltr'><strong><em>fines</em></strong></span> <span class='ocrx_word' id='word_1_695' title='bbox 1544 4481 1582 4536; x_wconf 94' lang='lat' dir='ltr'><strong><em>ab</em></strong></span> <span class='ocrx_word' id='word_1_696' title='bbox 1605 4480 1729 4551; x_wconf 83' lang='lat' dir='ltr'><strong><em>apostolo</em></strong></span> <span class='ocrx_word' id='word_1_697' title='bbox 1746 4497 1826 4551; x_wconf 91' lang='lat' dir='ltr'><strong><em>prae·</em></strong></span> 
     </span>
     <span class='ocr_line' id='line_1_50' title="bbox 130 4560 1827 4653; baseline 0.004 -38"><span class='ocrx_word' id='word_1_698' title='bbox 130 4560 285 4631; x_wconf 81' lang='lat' dir='ltr'><strong><em>Clingius</em></strong></span> <span class='ocrx_word' id='word_1_699' title='bbox 277 4580 306 4616; x_wconf 79' lang='lat' dir='ltr'><strong><em>sn</em></strong></span> <span class='ocrx_word' id='word_1_700' title='bbox 324 4563 376 4618; x_wconf 91' lang='lat' dir='ltr'><strong><em>loc.</em></strong></span> <span class='ocrx_word' id='word_1_701' title='bbox 394 4580 493 4620; x_wconf 91' lang='lat' dir='ltr'><strong><em>comm</em></strong></span> <span class='ocrx_word' id='word_1_702' title='bbox 510 4572 620 4624; x_wconf 86' lang='lat' dir='ltr'><strong><em>c.118.</em></strong></span> <span class='ocrx_word' id='word_1_703' title='bbox 652 4568 715 4622; x_wconf 89' lang='lat' dir='ltr'><strong><em>lloo</em></strong></span> <span class='ocrx_word' id='word_1_704' title='bbox 739 4572 893 4625; x_wconf 81' lang='lat' dir='ltr'><strong><em>cauendsuu</em></strong></span> <span class='ocrx_word' id='word_1_705' title='bbox 918 4579 965 4637; x_wconf 85' lang='lat' dir='ltr'><strong><em>est,</em></strong></span> <span class='ocrx_word' id='word_1_706' title='bbox 977 4571 1110 4653; x_wconf 87' lang='lat' dir='ltr'><strong><em>scriptos</em></strong></span> <span class='ocrx_word' id='word_1_707' title='bbox 1127 4587 1190 4625; x_wconf 90' lang='lat' dir='ltr'><strong><em>eum</em></strong></span> <span class='ocrx_word' id='word_1_708' title='bbox 1209 4570 1355 4641; x_wconf 89' lang='lat' dir='ltr'><strong><em>eligimus,</em></strong></span> <span class='ocrx_word' id='word_1_709' title='bbox 1388 4586 1422 4624; x_wconf 83' lang='lat' dir='ltr'><strong><em>ex</em></strong></span> <span class='ocrx_word' id='word_1_710' title='bbox 1442 4585 1498 4641; x_wconf 90' lang='lat' dir='ltr'><strong><em>qua</em></strong></span> <span class='ocrx_word' id='word_1_711' title='bbox 1517 4567 1616 4640; x_wconf 86' lang='lat' dir='ltr'><strong><em>regula</em></strong></span> <span class='ocrx_word' id='word_1_712' title='bbox 1641 4566 1677 4622; x_wconf 89' lang='lat' dir='ltr'><strong><em>de</em></strong></span> <span class='ocrx_word' id='word_1_713' title='bbox 1695 4565 1827 4622; x_wconf 89' lang='lat' dir='ltr'><strong><em>antithesi</em></strong></span> 
     </span>
     <span class='ocr_line' id='line_1_51' title="bbox 130 4650 1827 4725; baseline 0.004 -24"><span class='ocrx_word' id='word_1_714' title='bbox 130 4664 164 4702; x_wconf 87' lang='lat' dir='ltr'><strong><em>ne</em></strong></span> <span class='ocrx_word' id='word_1_715' title='bbox 195 4655 321 4718; x_wconf 82' lang='lat' dir='ltr'><strong><em>ponatur</em></strong></span> <span class='ocrx_word' id='word_1_716' title='bbox 342 4650 476 4718; x_wconf 75' lang='lat' dir='ltr'><strong><em>justitia,</em></strong></span> <span class='ocrx_word' id='word_1_717' title='bbox 508 4650 544 4706; x_wconf 91' lang='lat' dir='ltr'><strong><em>id</em></strong></span> <span class='ocrx_word' id='word_1_718' title='bbox 576 4661 617 4705; x_wconf 87' lang='lat' dir='ltr'><strong><em>est</em></strong></span> <span class='ocrx_word' id='word_1_719' title='bbox 635 4653 767 4722; x_wconf 83' lang='lat' dir='ltr'><strong><em>salus,&#39;</em></strong></span> <span class='ocrx_word' id='word_1_720' title='bbox 755 4671 786 4707; x_wconf 86' lang='lat' dir='ltr'><strong><em>sn</em></strong></span> <span class='ocrx_word' id='word_1_721' title='bbox 802 4655 979 4722; x_wconf 73' lang='lat' dir='ltr'><strong><em>buiusnsodi</em></strong></span> <span class='ocrx_word' id='word_1_722' title='bbox 990 4655 1073 4710; x_wconf 82' lang='lat' dir='ltr'><strong><em>facile</em></strong></span> <span class='ocrx_word' id='word_1_723' title='bbox 1102 4655 1225 4725; x_wconf 85' lang='lat' dir='ltr'><strong><em>judicari</em></strong></span> <span class='ocrx_word' id='word_1_724' title='bbox 1253 4660 1354 4724; x_wconf 87' lang='lat' dir='ltr'><strong><em>potest.</em></strong></span> <span class='ocrx_word' id='word_1_725' title='bbox 1405 4660 1427 4710; x_wconf 95' lang='lat'><strong><em>1.</em></strong></span> <span class='ocrx_word' id='word_1_726' title='bbox 1454 4654 1509 4717; x_wconf 82' lang='lat' dir='ltr'><strong><em>Qui</em></strong></span> <span class='ocrx_word' id='word_1_727' title='bbox 1534 4653 1696 4723; x_wconf 81' lang='lat' dir='ltr'><strong><em>peculiares</em></strong></span> <span class='ocrx_word' id='word_1_728' title='bbox 1725 4669 1827 4708; x_wconf 77' lang='lat' dir='ltr'><strong><em>camos</em></strong></span> 
     </span>
     <span class='ocr_line' id='line_1_52' title="bbox 130 4726 1828 4812; baseline 0.003 -24"><span class='ocrx_word' id='word_1_729' title='bbox 130 4735 371 4791; x_wconf 82' lang='lat' dir='ltr'><strong><em>obseruationibus</em></strong></span> <span class='ocrx_word' id='word_1_730' title='bbox 395 4738 590 4809; x_wconf 86' lang='lat' dir='ltr'><strong><em>(monasticis),</em></strong></span> <span class='ocrx_word' id='word_1_731' title='bbox 622 4740 657 4793; x_wconf 89' lang='lat' dir='ltr'><strong><em>id</em></strong></span> <span class='ocrx_word' id='word_1_732' title='bbox 683 4748 725 4794; x_wconf 86' lang='lat' dir='ltr'><strong><em>est</em></strong></span> <span class='ocrx_word' id='word_1_733' title='bbox 742 4757 777 4795; x_wconf 86' lang='lat' dir='ltr'><strong><em>ne</em></strong></span> <span class='ocrx_word' id='word_1_734' title='bbox 799 4742 862 4811; x_wconf 78' lang='lat' dir='ltr'><strong><em>quis</em></strong></span> <span class='ocrx_word' id='word_1_735' title='bbox 877 4751 964 4811; x_wconf 85' lang='lat' dir='ltr'><strong><em>putet,</em></strong></span> <span class='ocrx_word' id='word_1_736' title='bbox 976 4726 980 4791; x_wconf 82' lang='lat' dir='ltr'><strong><em>i</em></strong></span> <span class='ocrx_word' id='word_1_737' title='bbox 985 4743 1092 4810; x_wconf 76' lang='lat' dir='ltr'><strong><em>sinales</em></strong></span> <span class='ocrx_word' id='word_1_738' title='bbox 1124 4742 1167 4797; x_wconf 90' lang='lat' dir='ltr'><strong><em>sui</em></strong></span> <span class='ocrx_word' id='word_1_739' title='bbox 1199 4741 1354 4797; x_wconf 88' lang='lat' dir='ltr'><strong><em>coelibatus</em></strong></span> <span class='ocrx_word' id='word_1_740' title='bbox 1386 4741 1439 4796; x_wconf 91' lang='lat' dir='ltr'><strong><em>sibi</em></strong></span> <span class='ocrx_word' id='word_1_741' title='bbox 1463 4739 1545 4812; x_wconf 87' lang='lat' dir='ltr'><strong><em>fingit</em></strong></span> <span class='ocrx_word' id='word_1_742' title='bbox 1568 4745 1646 4794; x_wconf 86' lang='lat' dir='ltr'><strong><em>extra</em></strong></span> <span class='ocrx_word' id='word_1_743' title='bbox 1669 4745 1698 4794; x_wconf 87' lang='lat' dir='ltr'><strong><em>et</em></strong></span> <span class='ocrx_word' id='word_1_744' title='bbox 1716 4745 1828 4811; x_wconf 88' lang='lat' dir='ltr'><strong><em>praeter</em></strong></span> 
     </span>
     <span class='ocr_line' id='line_1_53' title="bbox 128 4823 1828 4898; baseline 0.004 -24"><span class='ocrx_word' id='word_1_745' title='bbox 128 4837 158 4875; x_wconf 87' lang='lat' dir='ltr'><strong><em>se</em></strong></span> <span class='ocrx_word' id='word_1_746' title='bbox 176 4823 339 4890; x_wconf 68' lang='lat' dir='ltr'><strong><em>promwi</em></strong></span> <span class='ocrx_word' id='word_1_747' title='bbox 356 4823 501 4892; x_wconf 80' lang='lat' dir='ltr'><strong><em>justitiam</em></strong></span> <span class='ocrx_word' id='word_1_748' title='bbox 526 4833 552 4879; x_wconf 88' lang='lat' dir='ltr'><strong><em>et</em></strong></span> <span class='ocrx_word' id='word_1_749' title='bbox 568 4827 761 4881; x_wconf 61' lang='lat' dir='ltr'><strong><em>remotionem</em></strong></span> <span class='ocrx_word' id='word_1_750' title='bbox 783 4834 965 4897; x_wconf 80' lang='lat' dir='ltr'><strong><em>peccatorum</em></strong></span> <span class='ocrx_word' id='word_1_751' title='bbox 992 4828 1046 4882; x_wconf 87' lang='lat' dir='ltr'><strong><em>Dei</em></strong></span> <span class='ocrx_word' id='word_1_752' title='bbox 1071 4827 1185 4882; x_wconf 88' lang='lat' dir='ltr'><strong><em>verbum</em></strong></span> <span class='ocrx_word' id='word_1_753' title='bbox 1210 4844 1329 4898; x_wconf 88' lang='lat' dir='ltr'><strong><em>eumque</em></strong></span> <span class='ocrx_word' id='word_1_754' title='bbox 1354 4827 1383 4881; x_wconf 90' lang='lat' dir='ltr'><strong><em>in</em></strong></span> <span class='ocrx_word' id='word_1_755' title='bbox 1403 4843 1434 4881; x_wconf 90' lang='lat' dir='ltr'><strong><em>ee</em></strong></span> <span class='ocrx_word' id='word_1_756' title='bbox 1453 4843 1486 4881; x_wconf 93' lang='lat' dir='ltr'><strong><em>ac</em></strong></span> <span class='ocrx_word' id='word_1_757' title='bbox 1503 4843 1554 4897; x_wconf 91' lang='lat' dir='ltr'><strong><em>per</em></strong></span> <span class='ocrx_word' id='word_1_758' title='bbox 1580 4841 1611 4881; x_wconf 90' lang='lat' dir='ltr'><strong><em>ee</em></strong></span> <span class='ocrx_word' id='word_1_759' title='bbox 1629 4825 1727 4880; x_wconf 88' lang='lat' dir='ltr'><strong><em>statuit</em></strong></span> <span class='ocrx_word' id='word_1_760' title='bbox 1743 4825 1828 4880; x_wconf 87' lang='lat' dir='ltr'><strong><em>etiam</em></strong></span> 
     </span>
     <span class='ocr_line' id='line_1_54' title="bbox 128 4908 1827 4985; baseline 0.004 -26"><span class='ocrx_word' id='word_1_761' title='bbox 128 4912 154 4958; x_wconf 83' lang='lat' dir='ltr'><strong><em>et</em></strong></span> <span class='ocrx_word' id='word_1_762' title='bbox 172 4908 298 4975; x_wconf 83' lang='lat' dir='ltr'><strong><em>pralium</em></strong></span> <span class='ocrx_word' id='word_1_763' title='bbox 314 4909 479 4979; x_wconf 70' lang='lat' dir='ltr'><strong><em>bnjmmodi</em></strong></span> <span class='ocrx_word' id='word_1_764' title='bbox 494 4912 642 4965; x_wconf 70' lang='lat' dir='ltr'><strong><em>sanandus</em></strong></span> <span class='ocrx_word' id='word_1_765' title='bbox 659 4913 769 4976; x_wconf 81' lang='lat' dir='ltr'><strong><em>ritibus,</em></strong></span> <span class='ocrx_word' id='word_1_766' title='bbox 799 4931 865 4967; x_wconf 88' lang='lat' dir='ltr'><strong><em>nam</em></strong></span> <span class='ocrx_word' id='word_1_767' title='bbox 877 4916 964 4985; x_wconf 86' lang='lat' dir='ltr'><strong><em>justi·</em></strong></span> <span class='ocrx_word' id='word_1_768' title='bbox 990 4914 1158 4985; x_wconf 86' lang='lat' dir='ltr'><strong><em>peculiarem</em></strong></span> <span class='ocrx_word' id='word_1_769' title='bbox 1178 4913 1231 4968; x_wconf 87' lang='lat' dir='ltr'><strong><em>Dei</em></strong></span> <span class='ocrx_word' id='word_1_770' title='bbox 1249 4913 1371 4982; x_wconf 89' lang='lat' dir='ltr'><strong><em>cultum,</em></strong></span> <span class='ocrx_word' id='word_1_771' title='bbox 1401 4913 1425 4965; x_wconf 91' lang='lat' dir='ltr'><strong><em>is</em></strong></span> <span class='ocrx_word' id='word_1_772' title='bbox 1440 4930 1473 4968; x_wconf 90' lang='lat' dir='ltr'><strong><em>ex</em></strong></span> <span class='ocrx_word' id='word_1_773' title='bbox 1491 4909 1632 4967; x_wconf 87' lang='lat' dir='ltr'><strong><em>coelibatu</em></strong></span> <span class='ocrx_word' id='word_1_774' title='bbox 1648 4910 1718 4966; x_wconf 84' lang='lat' dir='ltr'><strong><em>iacit</em></strong></span> <span class='ocrx_word' id='word_1_775' title='bbox 1734 4911 1827 4966; x_wconf 71' lang='lat' dir='ltr'><strong><em>ltela-</em></strong></span> 
     </span>
     <span class='ocr_line' id='line_1_55' title="bbox 127 4992 1827 5073; baseline 0.003 -28"><span class='ocrx_word' id='word_1_776' title='bbox 127 4992 286 5057; x_wconf 75' lang='lat' dir='ltr'><strong><em>ficationem</em></strong></span> <span class='ocrx_word' id='word_1_777' title='bbox 316 5001 343 5048; x_wconf 85' lang='lat' dir='ltr'><strong><em>et</em></strong></span> <span class='ocrx_word' id='word_1_778' title='bbox 373 4995 496 5063; x_wconf 73' lang='lat' dir='ltr'><strong><em>oratiam</em></strong></span> <span class='ocrx_word' id='word_1_779' title='bbox 521 4996 673 5065; x_wconf 68' lang='lat' dir='ltr'><strong><em>inpetrare</em></strong></span> <span class='ocrx_word' id='word_1_780' title='bbox 694 4998 727 5062; x_wconf 75' lang='lat' dir='ltr'><strong><em>fit</em></strong></span> <span class='ocrx_word' id='word_1_781' title='bbox 746 5015 800 5068; x_wconf 84' lang='lat' dir='ltr'><strong><em>per</em></strong></span> <span class='ocrx_word' id='word_1_782' title='bbox 825 5002 909 5063; x_wconf 76' lang='lat' dir='ltr'><strong><em>fidem</em></strong></span> <span class='ocrx_word' id='word_1_783' title='bbox 933 5001 964 5055; x_wconf 89' lang='lat' dir='ltr'><strong><em>in</em></strong></span> <span class='ocrx_word' id='word_1_784' title='bbox 991 5006 1142 5073; x_wconf 72' lang='grc' dir='ltr'><strong><em>θρησκείαν</em></strong></span> <span class='ocrx_word' id='word_1_785' title='bbox 1180 5006 1209 5055; x_wconf 91' lang='lat' dir='ltr'><strong><em>et</em></strong></span> <span class='ocrx_word' id='word_1_786' title='bbox 1250 5005 1350 5070; x_wconf 91' lang='lat' dir='ltr'><strong><em>peccat</em></strong></span> <span class='ocrx_word' id='word_1_787' title='bbox 1391 5004 1486 5053; x_wconf 71' lang='lat' dir='ltr'><strong><em>canoa</em></strong></span> <span class='ocrx_word' id='word_1_788' title='bbox 1523 4996 1648 5068; x_wconf 88' lang='lat' dir='ltr'><strong><em>regulam</em></strong></span> <span class='ocrx_word' id='word_1_789' title='bbox 1694 4996 1827 5051; x_wconf 88' lang='lat' dir='ltr'><strong><em>dirinitue</em></strong></span> 
     </span>
     <span class='ocr_line' id='line_1_56' title="bbox 129 5076 1829 5155; baseline 0.002 -24"><span class='ocrx_word' id='word_1_790' title='bbox 129 5076 279 5135; x_wconf 69' lang='lat' dir='ltr'><strong><em>Obrutam.</em></strong></span> <span class='ocrx_word' id='word_1_791' title='bbox 318 5080 412 5149; x_wconf 86' lang='lat' dir='ltr'><strong><em>Ipitur</em></strong></span> <span class='ocrx_word' id='word_1_792' title='bbox 428 5082 589 5152; x_wconf 82' lang='lat' dir='ltr'><strong><em>monachus,</em></strong></span> <span class='ocrx_word' id='word_1_793' title='bbox 617 5083 646 5137; x_wconf 84' lang='lat' dir='ltr'><strong><em>si</em></strong></span> <span class='ocrx_word' id='word_1_794' title='bbox 663 5092 777 5138; x_wconf 72' lang='lat' dir='ltr'><strong><em>sauata</em></strong></span> <span class='ocrx_word' id='word_1_795' title='bbox 794 5103 847 5139; x_wconf 88' lang='lat' dir='ltr'><strong><em>sua</em></strong></span> <span class='ocrx_word' id='word_1_796' title='bbox 863 5087 963 5155; x_wconf 78' lang='lat' dir='ltr'><strong><em>rapula</em></strong></span> <span class='ocrx_word' id='word_1_797' title='bbox 991 5087 1122 5143; x_wconf 87' lang='lat' dir='ltr'><strong><em>traditam</em></strong></span> <span class='ocrx_word' id='word_1_798' title='bbox 1139 5085 1223 5141; x_wconf 90' lang='lat' dir='ltr'><strong><em>Deut.</em></strong></span> <span class='ocrx_word' id='word_1_799' title='bbox 1246 5091 1285 5152; x_wconf 81' lang='lat'><strong><em>12,</em></strong></span> <span class='ocrx_word' id='word_1_800' title='bbox 1304 5102 1329 5141; x_wconf 84' lang='lat' dir='ltr'><strong><em>v.</em></strong></span> <span class='ocrx_word' id='word_1_801' title='bbox 1348 5090 1381 5141; x_wconf 82' lang='lat'><strong><em>8:</em></strong></span> <span class='ocrx_word' id='word_1_802' title='bbox 1400 5086 1466 5139; x_wconf 87' lang='lat' dir='ltr'><strong><em>Nou</em></strong></span> <span class='ocrx_word' id='word_1_803' title='bbox 1482 5083 1599 5150; x_wconf 81' lang='lat' dir='ltr'><strong><em>facietis</em></strong></span> <span class='ocrx_word' id='word_1_804' title='bbox 1617 5083 1732 5153; x_wconf 52' lang='lat' dir='ltr'><strong><em>sinuli,</em></strong></span> <span class='ocrx_word' id='word_1_805' title='bbox 1750 5083 1829 5151; x_wconf 70' lang='lat' dir='ltr'><strong><em>quod</em></strong></span> 
     </span>
     <span class='ocr_line' id='line_1_57' title="bbox 128 5164 1827 5239; baseline 0.003 -22"><span class='ocrx_word' id='word_1_806' title='bbox 128 5164 246 5233; x_wconf 82' lang='lat' dir='ltr'><strong><em>sentiat,</em></strong></span> <span class='ocrx_word' id='word_1_807' title='bbox 278 5182 309 5220; x_wconf 87' lang='lat' dir='ltr'><strong><em>ae</em></strong></span> <span class='ocrx_word' id='word_1_808' title='bbox 335 5175 491 5239; x_wconf 83' lang='lat' dir='ltr'><strong><em>propterea</em></strong></span> <span class='ocrx_word' id='word_1_809' title='bbox 514 5167 662 5237; x_wconf 82' lang='lat' dir='ltr'><strong><em>justitiam</em></strong></span> <span class='ocrx_word' id='word_1_810' title='bbox 691 5187 787 5225; x_wconf 84' lang='lat' dir='ltr'><strong><em>coram</em></strong></span> <span class='ocrx_word' id='word_1_811' title='bbox 804 5172 870 5227; x_wconf 92' lang='lat' dir='ltr'><strong><em>Deo</em></strong></span> <span class='ocrx_word' id='word_1_812' title='bbox 902 5191 965 5228; x_wconf 89' lang='lat' dir='ltr'><strong><em>eon-</em></strong></span> <span class='ocrx_word' id='word_1_813' title='bbox 989 5175 1068 5228; x_wconf 85' lang='lat' dir='ltr'><strong><em>uobis</em></strong></span> <span class='ocrx_word' id='word_1_814' title='bbox 1085 5180 1189 5227; x_wconf 83' lang='lat' dir='ltr'><strong><em>rectum</em></strong></span> <span class='ocrx_word' id='word_1_815' title='bbox 1211 5172 1330 5228; x_wconf 80' lang='lat' dir='ltr'><strong><em>uidetur.</em></strong></span> <span class='ocrx_word' id='word_1_816' title='bbox 1380 5170 1464 5227; x_wconf 87' lang='lat' dir='ltr'><strong><em>Num.</em></strong></span> <span class='ocrx_word' id='word_1_817' title='bbox 1493 5176 1539 5234; x_wconf 89' lang='grc'><strong><em>15,</em></strong></span> <span class='ocrx_word' id='word_1_818' title='bbox 1566 5186 1593 5226; x_wconf 88' lang='lat' dir='ltr'><strong><em>r.</em></strong></span> <span class='ocrx_word' id='word_1_819' title='bbox 1618 5174 1669 5226; x_wconf 82' lang='lat'><strong><em>39:</em></strong></span> <span class='ocrx_word' id='word_1_820' title='bbox 1698 5170 1765 5223; x_wconf 78' lang='lat' dir='ltr'><strong><em>Nos</em></strong></span> <span class='ocrx_word' id='word_1_821' title='bbox 1785 5184 1827 5223; x_wconf 89' lang='lat' dir='ltr'><strong><em>se-</em></strong></span> 
     </span>
     <span class='ocr_line' id='line_1_58' title="bbox 128 5251 1826 5330; baseline 0.002 -28"><span class='ocrx_word' id='word_1_822' title='bbox 128 5251 221 5318; x_wconf 75' lang='lat' dir='ltr'><strong><em>sequi,</em></strong></span> <span class='ocrx_word' id='word_1_823' title='bbox 257 5252 283 5305; x_wconf 88' lang='lat' dir='ltr'><strong><em>is</em></strong></span> <span class='ocrx_word' id='word_1_824' title='bbox 311 5260 391 5307; x_wconf 63' lang='lat' dir='ltr'><strong><em>emat</em></strong></span> <span class='ocrx_word' id='word_1_825' title='bbox 418 5253 502 5320; x_wconf 72' lang='lat' dir='ltr'><strong><em>inuata</em></strong></span> <span class='ocrx_word' id='word_1_826' title='bbox 531 5254 608 5308; x_wconf 87' lang='lat' dir='ltr'><strong><em>illud</em></strong></span> <span class='ocrx_word' id='word_1_827' title='bbox 637 5254 744 5312; x_wconf 73' lang='lat' dir='ltr'><strong><em>Chresti</em></strong></span> <span class='ocrx_word' id='word_1_828' title='bbox 772 5258 877 5313; x_wconf 85' lang='lat' dir='ltr'><strong><em>Mattb.</em></strong></span> <span class='ocrx_word' id='word_1_829' title='bbox 914 5263 963 5315; x_wconf 75' lang='lat' dir='ltr'><strong><em>li:</em></strong></span> <span class='ocrx_word' id='word_1_830' title='bbox 991 5266 1112 5330; x_wconf 65' lang='lat' dir='ltr'><strong><em>amatur</em></strong></span> <span class='ocrx_word' id='word_1_831' title='bbox 1131 5258 1313 5326; x_wconf 73' lang='lat' dir='ltr'><strong><em>copulationes</em></strong></span> <span class='ocrx_word' id='word_1_832' title='bbox 1332 5273 1408 5311; x_wconf 84' lang='lat' dir='ltr'><strong><em>suas.</em></strong></span> <span class='ocrx_word' id='word_1_833' title='bbox 1427 5254 1491 5311; x_wconf 77' lang='lat' dir='ltr'><strong><em>an</em></strong></span> <span class='ocrx_word' id='word_1_834' title='bbox 1517 5259 1649 5325; x_wconf 80' lang='lat' dir='ltr'><strong><em>1,v.1s:</em></strong></span> <span class='ocrx_word' id='word_1_835' title='bbox 1673 5253 1740 5316; x_wconf 71' lang='lat' dir='ltr'><strong><em>Qut·</em></strong></span> <span class='ocrx_word' id='word_1_836' title='bbox 1757 5252 1826 5307; x_wconf 81' lang='lat' dir='ltr'><strong><em>baec</em></strong></span> 
     </span>
     <span class='ocr_line' id='line_1_59' title="bbox 128 5337 1825 5415; baseline 0.001 -24"><span class='ocrx_word' id='word_1_837' title='bbox 128 5337 252 5391; x_wconf 64' lang='lat' dir='ltr'><strong><em>filusna</em></strong></span> <span class='ocrx_word' id='word_1_838' title='bbox 268 5355 312 5392; x_wconf 83' lang='lat' dir='ltr'><strong><em>ne</em></strong></span> <span class='ocrx_word' id='word_1_839' title='bbox 329 5339 425 5394; x_wconf 85' lang='lat' dir='ltr'><strong><em>colunt</em></strong></span> <span class='ocrx_word' id='word_1_840' title='bbox 442 5342 586 5395; x_wconf 65' lang='lat' dir='ltr'><strong><em>mandais</em></strong></span> <span class='ocrx_word' id='word_1_841' title='bbox 605 5343 755 5400; x_wconf 81' lang='lat' dir='ltr'><strong><em>lominum.</em></strong></span> <span class='ocrx_word' id='word_1_842' title='bbox 804 5343 882 5400; x_wconf 89' lang='lat' dir='ltr'><strong><em>Idem</em></strong></span> <span class='ocrx_word' id='word_1_843' title='bbox 909 5344 964 5401; x_wconf 91' lang='lat' dir='ltr'><strong><em>alio</em></strong></span> <span class='ocrx_word' id='word_1_844' title='bbox 990 5344 1134 5415; x_wconf 71' lang='lat' dir='ltr'><strong><em>requeisiuit</em></strong></span> <span class='ocrx_word' id='word_1_845' title='bbox 1164 5346 1200 5398; x_wconf 86' lang='lat' dir='ltr'><strong><em>de</em></strong></span> <span class='ocrx_word' id='word_1_846' title='bbox 1227 5343 1356 5397; x_wconf 77' lang='lat' dir='ltr'><strong><em>manibm</em></strong></span> <span class='ocrx_word' id='word_1_847' title='bbox 1380 5341 1500 5396; x_wconf 64' lang='lat' dir='ltr'><strong><em>uestra?</em></strong></span> <span class='ocrx_word' id='word_1_848' title='bbox 1534 5340 1615 5397; x_wconf 88' lang='lat' dir='ltr'><strong><em>Rom.</em></strong></span> <span class='ocrx_word' id='word_1_849' title='bbox 1646 5345 1692 5403; x_wconf 83' lang='lat' dir='ltr'><strong><em>ll,</em></strong></span> <span class='ocrx_word' id='word_1_850' title='bbox 1723 5355 1749 5395; x_wconf 86' lang='lat' dir='ltr'><strong><em>r.</em></strong></span> <span class='ocrx_word' id='word_1_851' title='bbox 1780 5344 1825 5395; x_wconf 80' lang='lat'><strong><em>23:</em></strong></span> 
     </span>
     <span class='ocr_line' id='line_1_60' title="bbox 127 5422 1824 5502; baseline 0.007 -25"><span class='ocrx_word' id='word_1_852' title='bbox 127 5422 205 5478; x_wconf 84' lang='lat' dir='ltr'><strong><em>loco:</em></strong></span> <span class='ocrx_word' id='word_1_853' title='bbox 242 5424 308 5479; x_wconf 88' lang='lat' dir='ltr'><strong><em>Vita</em></strong></span> <span class='ocrx_word' id='word_1_854' title='bbox 332 5427 491 5481; x_wconf 73' lang='lat' dir='ltr'><strong><em>monastiea</em></strong></span> <span class='ocrx_word' id='word_1_855' title='bbox 513 5445 570 5483; x_wconf 90' lang='lat' dir='ltr'><strong><em>non</em></strong></span> <span class='ocrx_word' id='word_1_856' title='bbox 592 5430 738 5499; x_wconf 79' lang='lat' dir='ltr'><strong><em>quaeritur</em></strong></span> <span class='ocrx_word' id='word_1_857' title='bbox 764 5431 828 5485; x_wconf 89' lang='lat' dir='ltr'><strong><em>alia</em></strong></span> <span class='ocrx_word' id='word_1_858' title='bbox 838 5433 964 5502; x_wconf 84' lang='lat' dir='ltr'><strong><em>justitia,</em></strong></span> <span class='ocrx_word' id='word_1_859' title='bbox 993 5431 1139 5501; x_wconf 76' lang='lat' dir='ltr'><strong><em>Quidquid</em></strong></span> <span class='ocrx_word' id='word_1_860' title='bbox 1154 5449 1210 5485; x_wconf 87' lang='lat' dir='ltr'><strong><em>non</em></strong></span> <span class='ocrx_word' id='word_1_861' title='bbox 1224 5432 1255 5495; x_wconf 74' lang='lat' dir='ltr'><strong><em>fit</em></strong></span> <span class='ocrx_word' id='word_1_862' title='bbox 1272 5446 1305 5483; x_wconf 82' lang='lat' dir='ltr'><strong><em>eu</em></strong></span> <span class='ocrx_word' id='word_1_863' title='bbox 1317 5430 1386 5499; x_wconf 81' lang='lat' dir='ltr'><strong><em>fide,</em></strong></span> <span class='ocrx_word' id='word_1_864' title='bbox 1399 5436 1546 5498; x_wconf 85' lang='lat' dir='ltr'><strong><em>peecatum</em></strong></span> <span class='ocrx_word' id='word_1_865' title='bbox 1568 5435 1608 5481; x_wconf 87' lang='lat' dir='ltr'><strong><em>eet</em></strong></span> <span class='ocrx_word' id='word_1_866' title='bbox 1625 5431 1680 5481; x_wconf 91' lang='lat' dir='ltr'><strong><em>etc.</em></strong></span> <span class='ocrx_word' id='word_1_867' title='bbox 1719 5430 1743 5481; x_wconf 82' lang='lat'><strong><em>²·</em></strong></span> <span class='ocrx_word' id='word_1_868' title='bbox 1770 5424 1824 5490; x_wconf 72' lang='lat' dir='ltr'><strong><em>Qui</em></strong></span> 
     </span>
     <span class='ocr_line' id='line_1_61' title="bbox 127 5509 1941 5589; baseline 0.001 -25"><span class='ocrx_word' id='word_1_869' title='bbox 127 5525 201 5579; x_wconf 71' lang='lat' dir='ltr'><strong><em>guae</em></strong></span> <span class='ocrx_word' id='word_1_870' title='bbox 227 5512 325 5577; x_wconf 79' lang='lat' dir='ltr'><strong><em>salust,</em></strong></span> <span class='ocrx_word' id='word_1_871' title='bbox 342 5520 459 5583; x_wconf 80' lang='lat' dir='ltr'><strong><em>praeter</em></strong></span> <span class='ocrx_word' id='word_1_872' title='bbox 477 5514 590 5571; x_wconf 85' lang='lat' dir='ltr'><strong><em>unicam</em></strong></span> <span class='ocrx_word' id='word_1_873' title='bbox 607 5514 717 5572; x_wconf 75' lang='lat' dir='ltr'><strong><em>Ourna</em></strong></span> <span class='ocrx_word' id='word_1_874' title='bbox 725 5518 887 5588; x_wconf 83' lang='lat' dir='ltr'><strong><em>jssstitiam,</em></strong></span> <span class='ocrx_word' id='word_1_875' title='bbox 916 5520 967 5589; x_wconf 75' lang='lat' dir='ltr'><strong><em>pai</em></strong></span> <span class='ocrx_word' id='word_1_876' title='bbox 991 5518 1159 5575; x_wconf 88' lang='lat' dir='ltr'><strong><em>coelibatum</em></strong></span> <span class='ocrx_word' id='word_1_877' title='bbox 1182 5533 1215 5574; x_wconf 90' lang='lat' dir='ltr'><strong><em>eo</em></strong></span> <span class='ocrx_word' id='word_1_878' title='bbox 1239 5516 1295 5572; x_wconf 84' lang='lat' dir='ltr'><strong><em>fine</em></strong></span> <span class='ocrx_word' id='word_1_879' title='bbox 1317 5516 1413 5589; x_wconf 87' lang='lat' dir='ltr'><strong><em>eligit,</em></strong></span> <span class='ocrx_word' id='word_1_880' title='bbox 1444 5520 1477 5571; x_wconf 87' lang='lat' dir='ltr'><strong><em>ut</em></strong></span> <span class='ocrx_word' id='word_1_881' title='bbox 1501 5512 1650 5587; x_wconf 86' lang='lat' dir='ltr'><strong><em>perillum</em></strong></span> <span class='ocrx_word' id='word_1_882' title='bbox 1670 5509 1893 5574; x_wconf 75' lang='lat' dir='ltr'><strong><em>satisfaciatxvr.</em></strong></span> <span class='ocrx_word' id='word_1_883' title='bbox 1906 5526 1941 5571; x_wconf 75' lang='lat' dir='ltr'><strong><em>aa.</em></strong></span> 
     </span>
    </p>
   </div>
   <div class='ocr_carea' id='block_1_5' title="bbox 0 0 2014 6022">
    <p class='ocr_par' dir='ltr' id='par_1_7' title="bbox 0 0 2014 6022">
     <span class='ocr_line' id='line_1_62' title="bbox 0 0 2014 6022; baseline 0 0"><span class='ocrx_word' id='word_1_884' title='bbox 0 0 2014 6022; x_wconf 95' lang='lat' dir='ltr'><strong><em> </em></strong></span> 
     </span>
    </p>
   </div>
  </div>
 </body>
</html>
