4028 6030
801 174 854 238 DE
869 174 1069 238 cortuum.
1143 168 1145 173 ’
1745 186 1784 245 er

91 338 115 391 2.
135 333 249 410 Pupilla
268 335 297 392 ln
314 335 376 393 aliis
399 336 588 395 oonuactlhus
608 337 668 392 sine
686 333 785 392 tutoris
803 330 922 390 auetori-
949 337 1026 389 tutor
1050 352 1115 392 vero
1141 334 1253 408 plebejo
1280 351 1341 392 eam
1368 334 1434 392 dare
1462 333 1559 399 vellet,
1591 350 1634 390 res
1657 332 1786 401 componi

89 427 148 479 tate
169 437 200 479 se
219 439 275 479 non
300 431 392 496 potest
417 426 550 499 obligare,
569 438 688 497 aequum
706 422 800 511 igituq
809 426 866 488 est,
890 424 923 476 ut
948 420 1020 474 iuter
1035 421 1159 492 privatos
1176 423 1295 494 parietes
1307 438 1362 477 non
1382 420 1489 492 potuit,
1513 423 1626 475 ventum
1644 418 1730 491 igitur
1749 420 1785 478 ad

89 508 118 563 in
135 508 269 581 conju'gio
294 510 415 568 ineundo
444 519 578 584 tanquam
603 527 633 567 rs
656 509 768 566 maximi
791 506 922 563 momenti
944 507 990 577 jus
1011 511 1039 562 et
1056 509 1197 580 postulato
1215 510 1310 565 matris
1339 526 1372 564 ae
1394 513 1517 564 tutorum
1543 507 1672 578 utrinque
1689 508 1784 564 audito

88 595 186 651 tuteris
206 610 371 653 consensum
387 596 526 655 adhibeat
547 605 570 655 3.
581 599 599 656 l.
613 603 636 654 t.
656 598 692 653 de
701 592 919 669 sponsalibdici·
947 593 1126 665 magistratus
1137 599 1290 650 seeundum
1299 596 1400 650 matris
1411 595 1559 650 arbitrium
1564 595 1612 665 Jns
1623 594 1783 665 nuptiarum

87 687 141 749 tur,
153 689 261 738 tutores
271 701 327 739 non
338 700 426 754 posse
438 685 513 740 solos
526 684 674 756 sponsalia
684 683 860 750 remisere,
868 675 921 734 hoc
947 679 1056 737 dedere.
1089 680 1126 735 lit
1143 680 1196 736 hoo
1223 681 1367 737 decretum
1382 678 1546 736 Ardeatium
1564 680 1683 736 Romani
1700 680 1783 736 tutati

87 773 129 823 est
146 767 254 841 absque
278 784 414 827 consensu
431 770 557 843 puellae,
582 769 709 843 sequitur
726 785 807 841 ergo,
826 782 920 822 eorum
947 772 1022 836 sunt,
1054 785 1117 823 oum
1144 767 1224 841 plebs
1247 775 1275 824 et
1292 774 1397 825 tutores
1427 770 1488 840 ejus
1506 767 1683 824 rescindendi
1699 785 1784 824 causa

86 869 251 911 eonsensum
269 855 446 912 nihilominus
462 857 573 928 requiri.
589 878 599 891 ·
613 861 637 912 4.
655 856 812 912 Consensus
822 853 920 911 tutoris
946 853 1137 926 gravissimam
1168 853 1330 911 seditionem
1362 848 1512 911 movissent
1542 871 1576 910 ac
1603 855 1725 927 puellam
1754 855 1782 910 ui

87 940 236 998 adhibetur
252 948 333 1015 patre
348 942 453 999 furioso
477 943 629 1013 existente,
658 942 677 1000 l.
698 941 722 997 si
740 940 868 997 furiosus.
888 941 919 998 C.
946 940 1085 1001 abducere
1104 948 1279 998 conarentur.

72 1028 123 1083 ,de
139 1034 220 1101 nupt.
238 1046 304 1101 ergo
330 1028 414 1084 etlam
434 1035 513 1100 patre
538 1034 647 1084 mortuo
665 1027 839 1084 adhibendus
860 1027 921 1091 erit,
981 1032 1023 1084 ee.
1059 1026 1208 1092 Quaeritur
1228 1034 1268 1085 11.
1296 1027 1343 1083 An
1370 1027 1453 1082 etiam
1472 1029 1603 1096 fratrum
1631 1035 1657 1081 et
1683 1029 1780 1097 proci·
1795 1031 1825 1074 ¹¹·
1839 1034 1873 1074 an

86 1114 231 1186 Cypraeus
249 1116 283 1171 de
301 1132 393 1187 spons.
413 1131 473 1187 cap.
496 1121 520 1171 6.
535 1113 562 1187 ἐξ.
580 1121 605 1172 9.
636 1115 768 1170 Beustius
787 1114 822 1169 de
840 1129 920 1184 spon·
946 1131 1052 1168 morum
1089 1124 1268 1183 eoqrsotorum
1295 1132 1445 1168 consensus
1472 1114 1588 1168 mortuis
1612 1115 1780 1184 parentibus
1794 1095 1879 1178 ἷοοξιῗ

86 1201 135 1256 sul.
157 1217 181 1257 c.
203 1207 246 1258 21.
263 1201 328 1256 inde
348 1201 376 1256 in
391 1201 566 1258 ordinatione
589 1201 708 1257 matrim.
732 1200 921 1273 Wirtenberg.
946 1200 983 1254 sit
1000 1202 1198 1255 necmsoriosl
1228 1203 1298 1258 Jure
1315 1200 1389 1257 civili
1410 1207 1590 1274 cognatorum
1608 1206 1693 1272 atque
1719 1199 1779 1255 affi-
1795 1204 1839 1248 ll·
1851 1204 1896 1248 tut.

85 1304 147 1359 cap.
163 1294 185 1343 1.
199 1293 321 1343 tutorum
335 1304 484 1343 cousensus
497 1301 625 1359 expresse
643 1287 801 1359 requiritur.
822 1286 921 1341 Plures
946 1286 1023 1340 nium
1041 1287 1192 1343 auctoritas
1210 1288 1254 1344 vel
1272 1305 1421 1344 consensus
1441 1286 1471 1342 in
1499 1286 1655 1342 adultorum
1677 1287 1783 1358 nuptiis
1794 1275 1893 1359 {22⁸³ss

85 1374 208 1430 rationes
232 1374 362 1446 utrinque
386 1373 521 1429 cumulari
544 1378 668 1445 possunt
717 1373 791 1427 lllud
816 1378 921 1427 eertum
946 1390 1002 1429 non
1031 1374 1194 1446 requiritur,
1224 1391 1257 1430 ac
1287 1379 1392 1430 eertum
1424 1381 1480 1443 est,
1511 1391 1567 1429 uon
1596 1391 1656 1429 esse
1685 1390 1781 1445 parem
1796 1371 1918 1410 ⁰⁸⁸⁸·‘¹¹¹⁸·

83 1467 152 1528 esto,
171 1459 308 1532 pupillum
326 1459 496 1532 pupillumve
513 1459 612 1514 tutoris
631 1459 774 1515 consilium
786 1458 816 1513 in
828 1457 921 1513 matri·
949 1459 1140 1516 auctoritatem
1151 1477 1299 1516 consonano
1311 1461 1421 1533 paterni
1433 1468 1461 1516 et
1472 1465 1661 1533 cognatorum,
1672 1461 1781 1516 interim

85 1546 179 1602 monio
197 1547 317 1602 ineundo
330 1545 594 1619 exquireredebere,
613 1560 821 1616 cumpersonae
839 1545 922 1599 datus
947 1553 1040 1601 tamen
1069 1546 1221 1603 rectissime
1248 1546 1331 1604 rebus
1360 1548 1417 1602 suis
1446 1552 1474 1602 et
1498 1548 1682 1602 conscientiae
1707 1554 1781 1603 uan-

84 1633 134 1702 sit,
166 1637 199 1689 ut
224 1648 284 1689 eam
311 1632 427 1688 consilio
455 1649 507 1688 suo
534 1638 613 1705 regat
636 1637 665 1687 et
691 1633 814 1704 parentis
832 1631 922 1687 vicem
949 1632 1083 1705 quillitati
1099 1634 1254 1702 consulunt,
1272 1634 1319 1706 qui
1338 1634 1500 1706 parentibus
1525 1633 1649 1690 destituti
1666 1633 1783 1688 fratrum

85 1720 237 1791 surdum,
255 1718 304 1775 ubi
319 1719 428 1775 veroin
441 1719 611 1791 specialibus
624 1718 790 1791 quibusdam
803 1718 922 1785 casibus,
949 1726 976 1775 et
1007 1721 1193 1792 proximorum
1223 1725 1403 1791 cognatorum
1436 1738 1600 1777 consensum
1632 1720 1660 1774 in
1690 1718 1783 1774 matri·

86 1806 212 1879 (quando
229 1805 335 1862 scilieet
354 1811 429 1861 tutor
451 1822 616 1862 consensum
635 1823 715 1861 suum
733 1805 858 1877 pupillae
875 1806 922 1861 de·
948 1806 1038 1861 monio
1069 1807 1190 1863 ineundo
1229 1812 1376 1878 expetunt3
1408 1814 1430 1864 1.
1468 1807 1534 1878 quia
1559 1806 1599 1861 illi
1631 1806 1783 1861 succedunt

84 1900 180 1966 negat,
199 1897 233 1948 nt
251 1892 330 1948 bonis
351 1894 412 1964 ejus
432 1892 535 1948 diutius
554 1892 671 1959 fruatur)
690 1891 759 1948 eitra
780 1893 839 1963 ejus
857 1907 921 1947 eon·
948 1893 1028 1965 quasi
1051 1894 1081 1948 in
1105 1895 1195 1949 locum
1223 1900 1383 1966 parentum
1415 1899 1440 1954 2.
1461 1894 1528 1967 quia
1550 1893 1643 1964 praxis
1661 1893 1781 1948 omnium

83 1996 197 2036 sensim
226 1977 455 2035 matrimonialem
481 1979 565 2034 fidem
594 1979 674 2034 alteri
705 1978 771 2034 dare
798 1977 921 2049 pupillae
946 1979 1003 2036 fere
1032 1981 1156 2059 gentium
1182 1981 1252 2036 illud
1277 1981 1452 2052 comprobat,
1484 1981 1547 2036 vide
1566 1980 1722 2052 Cypraeum
1748 1981 1782 2037 de

86 2065 179 2135 liceat,
198 2065 244 2120 vel
261 2064 355 2120 datum
370 2064 533 2120 confirmare
549 2070 578 2120 et
594 2072 683 2120 ratam
694 2064 798 2119 habere
815 2064 920 2129 deceat
946 2066 1096 2138 sponsalib.
1116 2085 1139 2125 c.
1159 2073 1183 2123 6.
1201 2073 1225 2134 ξ.
1249 2074 1273 2126 t.
1309 2074 1333 2126 3.
1361 2066 1427 2140 quia
1449 2067 1542 2140 puella
1566 2084 1595 2123 se
1620 2067 1709 2138 ipsam
1737 2067 1782 2122 de·

83 2153 239 2224 prudentes
263 2165 408 2206 causarum
435 2151 680 2206 matrimonialium
703 2152 814 2221 judices
837 2151 920 2221 dispi·
946 2152 1082 2223 spondere
1100 2153 1204 2225 nequit,
1222 2153 1295 2209 hanc
1309 2171 1376 2226 ergo
1388 2171 1500 2225 operam
1512 2152 1643 2226 proximis
1656 2154 1782 2225 cognatis

84 2239 169 2294 cient.
207 2237 365 2310 Chytraeus
382 2238 411 2292 in
426 2255 524 2294 comm.
546 2255 569 2294 c.
589 2244 627 2295 18.
645 2237 734 2294 Levit.
754 2256 781 2309 p.
800 2243 867 2295 419:
887 2237 922 2292 Si
946 2237 1067 2310 deferat3
1104 2239 1204 2295 nullibi
1245 2242 1302 2296 suis
1331 2241 1423 2297 verbis
1453 2240 1642 2312 repromisisse
1671 2239 1782 2312 puellae

83 2326 252 2380 adolescere
269 2326 352 2391 infra
366 2328 412 2378 20.
430 2332 456 2379 et
469 2325 571 2394 puello
590 2326 672 2391 infra
690 2328 730 2379 18.
749 2324 851 2379 aetatis
870 2343 919 2379 an·
945 2324 1083 2398 leguntur,
1102 2327 1150 2382 sed
1171 2333 1219 2382 aut
1235 2333 1372 2399 parentes,
1391 2335 1439 2383 aut
1456 2327 1563 2392 fratres,
1579 2332 1629 2382 aut
1646 2327 1782 2401 sanguine

83 2412 267 2466 seminariis
293 2419 344 2464 aot
360 2426 416 2465 non
432 2411 645 2466 usrsmientilms
662 2412 839 2466 curatoribus
856 2429 919 2466 con·
945 2412 1069 2484 proximi,
1087 2413 1201 2469 Graecis
1220 2414 1287 2470 dicti
1307 2416 1411 2487 κύριοι,
1430 2413 1540 2469 Latinis
1554 2419 1689 2478 auctores,
1709 2420 1781 2470 tuto·

77 2500 195 2570 jurium
212 2499 298 2553 uiuri
313 2496 512 2563 fraudulentis
529 2499 639 2551 ortibus
657 2500 789 2553 seductos
803 2498 919 2568 promit·
945 2517 1003 2569 res,
1034 2499 1062 2554 in
1086 2493 1150 2571 jure
1179 2502 1310 2555 canonico
1347 2503 1396 2571 qui
1429 2501 1646 2555 dominationem
1682 2501 1782 2556 habent

84 2595 126 2642 tot
145 2595 172 2641 et
189 2594 254 2640 onte
269 2585 384 2654 nuptias
400 2602 429 2639 se
447 2585 675 2656 ,liberoripstnm
691 2585 838 2656 judiciter
851 2601 920 2655 per·
945 2604 1029 2656 super
1046 2587 1190 2651 feminam.
1228 2594 1254 2643 d.
1270 2588 1339 2642 Inde
1357 2587 1464 2659 antiqui
1478 2603 1597 2642 canones
1612 2586 1729 2656 jubent,
1750 2593 1783 2642 ut

83 2673 213 2743 mittitur,
231 2671 460 2726 mesmidsran's
473 2672 697 2737 circumstantius,
714 2672 919 2742 quodoeqnum
945 2690 1013 2727 uxor
1024 2671 1060 2728 ab
1072 2671 1135 2738 illis,
1153 2674 1282 2743 aquibus
1300 2675 1464 2738 custoditur,
1483 2678 1595 2744 petatur
1606 2678 1634 2728 et
1652 2690 1778 2744 aparen·
1851 2688 1854 2694 ’

84 2769 134 2825 est,
152 2760 329 2815 consideant.
365 2757 483 2814 Videtur
505 2759 589 2814 edam
615 2759 762 2815 discrimen
779 2759 920 2831 quoddam
945 2759 1020 2814 tibus
1037 2764 1065 2814 et
1086 2759 1329 2832 propinquioribus
1349 2760 1561 2831 despondeatur.
1582 2777 1606 2815 c.
1625 2759 1706 2815 aliter
1726 2766 1778 2816 etc.

84 2846 278 2911 sumendum,
303 2845 333 2899 in
351 2846 454 2916 juvene
476 2862 533 2900 non
557 2851 615 2902 tam
640 2845 747 2902 solicite
772 2845 920 2918 requiritur
947 2844 1008 2901 dist
1017 2851 1059 2902 30.
1068 2850 1173 2916 quaest.
1181 2852 1203 2902 5.
1216 2845 1315 2902 5.Jure
1327 2845 1489 2917 provinciali
1500 2846 1649 2904 multorum
1657 2845 1778 2902 locorum

84 2937 209 2989 tutorum
239 2947 388 2988 consensus
419 2944 503 3003 quam
523 2933 552 2986 in
577 2931 670 3005 puella
696 2938 810 3004 propter
839 2947 919 2988 sexus
945 2930 1019 2986 idem
1039 2931 1194 3002 requiritur.
1233 2931 1377 2987 Ordinatio
1401 2932 1552 2988 matrimou.
1591 2931 1779 3006 wittenburg.

89 3019 287 3075 infirmitatem.
337 3018 411 3074 lllud
445 3035 501 3074 non
529 3018 689 3074 dubitanter
716 3019 919 3087 affirmaverim,
946 3037 971 3077 c.
993 3026 1015 3075 1.
1030 3035 1086 3073 non
1104 3024 1211 3074 tantum
1229 3023 1384 3089 parentum,
1403 3018 1451 3073 sed
1470 3019 1525 3074 illis
1545 3019 1682 3075 defunctis
1696 3020 1779 3075 etiam

86 3114 192 3163 tutores
221 3106 361 3162 dissensus
386 3105 429 3161 sui
453 3105 574 3162 rationes
595 3112 627 3161 ut
649 3113 799 3178 exponant,
824 3105 921 3177 teneri,
947 3111 1069 3161 tutorum
1088 3113 1117 3161 et
1127 3104 1344 3177 propinquorum
1358 3121 1521 3161 consensum
1533 3105 1656 3176 requirit.
1680 3107 1780 3162 Exstat

87 3193 162 3264 quod
180 3192 261 3249 video
297 3191 408 3264 probari
439 3193 523 3247 stiam
557 3191 745 3248 Bidenbachio
776 3191 811 3248 de
845 3210 919 3248 caus.
947 3197 1081 3248 statutum
1098 3190 1302 3247 Lnbecensium
1329 3190 1376 3249 lib.
1410 3198 1431 3247 1.
1450 3191 1493 3249 tit.
1523 3196 1547 3248 2.
1573 3199 1624 3247 art.
1650 3199 1675 3248 4.
1704 3195 1778 3266 quod

87 3279 205 3334 meu-im.
231 3278 279 3338 fol.
303 3284 344 3336 29.
369 3295 403 3334 ac
425 3279 529 3350 requiri
552 3295 710 3350 expressum
729 3278 838 3350 puellae
856 3295 920 3333 eon·
947 3279 1024 3353 virgo
1060 3279 1105 3336 vel
1139 3279 1226 3335 vidua
1261 3277 1479 3350 repugnantibus
1511 3278 1589 3348 justa
1625 3297 1658 3335 ex
1695 3297 1780 3337 eausa

85 3381 198 3420 sensum
214 3365 245 3420 in
263 3364 445 3437 sponsalibus,
462 3380 534 3437 quae
553 3370 658 3420 tutores
674 3364 784 3420 nomine
802 3364 920 3436 pupillo·
947 3368 1072 3440 cognatis
1094 3368 1201 3422 nubens
1228 3366 1352 3423 exomni
1380 3365 1544 3437 patrimonio
1562 3371 1672 3436 praeter
1688 3374 1779 3424 vestes

85 3469 148 3508 rum
165 3451 338 3507 connubunt
948 3454 1123 3527 quotidianas
1151 3452 1221 3508 nihil
1248 3452 1379 3521 retinam,
1406 3456 1520 3506 notante
1544 3449 1680 3524 Hilligero
1707 3471 1778 3508 com·

10 3540 42 3634 ἐξ
121 3545 161 3596 et.
197 3538 346 3606 Quaeritur
365 3541 405 3593 10.
441 3540 603 3605 romanis,
623 3556 661 3592 on
678 3542 921 3592 tutorumeonsen·
947 3547 1026 3613 patre
1049 3545 1142 3596 nostro
1165 3538 1325 3594 honorando
1343 3537 1468 3611 longiore
1495 3537 1554 3592 vita
1569 3538 1730 3609 dignissimo
1750 3541 1779 3595 in

10 3650 58 3685 a«
86 3641 134 3680 erse
151 3627 183 3680 in
200 3627 307 3694 nuptias
318 3624 437 3695 puellos
452 3626 679 3694 praeferendam!
703 3624 802 3680 Exstat
820 3625 871 3680 hac
885 3624 920 3681 de
947 3626 1067 3683 Donello
1086 3627 1230 3682 enucleato
1249 3624 1296 3680 lib.
1310 3631 1333 3681 3.
1352 3642 1377 3683 c.
1393 3631 1433 3681 20.
1445 3624 1487 3681 lit.
1498 3623 1527 3680 Z.
1541 3625 1623 3696 quale
1636 3632 1780 3697 statutum,

10 3707 73 3788 ζ’·
86 3709 920 3784 reexpressaeonsumuoimperatorumssrerietnmonini,
947 3713 1073 3787 quamvis
1095 3711 1216 3769 libertati
1236 3710 1402 3767 matrimonii
1425 3728 1578 3783 repugnare
1605 3729 1639 3767 ae
1664 3713 1779 3785 proinde

10 3799 49 3892 ξε.
87 3800 105 3855 l.
125 3803 146 3854 1.
159 3797 191 3854 C.
204 3797 240 3852 de
251 3796 369 3867 nuptiis:
389 3795 458 3851 Com
470 3799 505 3851 de
520 3799 627 3868 nuperi
635 3797 749 3867 puellos
765 3799 920 3867 quaeritur,
947 3799 1058 3854 minime
1075 3797 1248 3869 probandum
1269 3813 1329 3854 csse
1348 3803 1472 3853 statuant
1490 3798 1657 3869 canonistae,
1676 3799 1779 3856 Panor-

87 3902 136 3938 sec
161 3885 235 3938 inter
257 3890 376 3937 tutorem
398 3891 427 3938 et
443 3891 560 3937 matrem
584 3891 610 3937 et
624 3885 801 3956 propinquos
818 3885 854 3937 de
871 3885 920 3938 eli·
947 3887 1073 3953 mitanas,
1108 3885 1222 3940 Felinus
1258 3889 1287 3940 et
1324 3900 1371 3939 eos
1405 3885 1492 3939 secuti
1514 3884 1643 3940 Beustius
1676 3902 1703 3957 p.
1735 3891 1777 3944 32.
1882 3917 1885 3925 =

86 3973 177 4040 pendo
194 3971 293 4035 futuro
313 3969 417 4023 morito
444 3970 584 4038 convmit,
611 3971 762 4024 arbitrium
776 3971 921 4039 moeridis
946 3971 1091 4027 Mauserus
1110 3971 1145 4026 de
1163 3975 1240 4042 nupt.
1259 3988 1286 4042 p.
1308 3975 1366 4025 350.
1408 3969 1558 4025 museus
1582 3970 1696 4042 dejure
1714 3989 1777 4028 con-

84 4055 247 4128 provineioe
265 4057 454 4110 nmessorium
476 4064 524 4111 est.
555 4054 647 4120 Quare
666 4073 797 4111 cumnon
812 4056 848 4112 sit
867 4055 919 4110 rir-
946 4057 1011 4112 nub.
1039 4074 1063 4112 o.
1082 4063 1105 4112 3.
1134 4074 1161 4127 p.
1189 4061 1247 4112 241.
1278 4055 1326 4110 alii
1343 4061 1436 4111 tamen
1453 4055 1644 4127 jurisconsulti
1669 4063 1777 4114 contra

84 4142 184 4215 maelis
211 4140 324 4212 pudoris
344 4142 472 4196 maritum
498 4142 615 4214 eligere,
641 4141 677 4196 ad
695 4141 805 4213 judiees
823 4159 920 4198 causa·
945 4144 1015 4198 riam
1032 4143 1197 4199 sententiam
1215 4142 1419 4214 amplectuntur
1438 4159 1471 4197 ae
1488 4142 1613 4198 firmitati
1636 4151 1665 4199 et
1685 4144 1777 4200 decori

85 4247 146 4285 rum
175 4227 418 4283 matrimonialium
449 4228 519 4284 haec
546 4228 732 4284 controversia
762 4228 919 4299 deferenda,
945 4229 1068 4302 conjugii
1084 4245 1134 4301 per
1150 4228 1221 4283 illud
1238 4228 1352 4293 consuli,
1368 4228 1541 4284 temerariam
1559 4231 1776 4287 verolevitatem

83 4318 132 4389 qui
149 4315 365 4371 circumstantiis
384 4315 514 4387 utrinque
530 4315 676 4387 pensitatis
694 4331 756 4371 eam
782 4315 919 4374 dirimant.
946 4316 1066 4372 coerceri
1093 4315 1194 4371 rectius
1216 4320 1343 4383 censent,
1372 4314 1515 4387 Cypraeus
1539 4316 1683 4387 despuas.
1711 4335 1734 4372 c.
1753 4324 1776 4374 d.

82 4403 258 4475 Quandoque
281 4401 354 4456 enim
373 4409 473 4471 mater,
501 4403 669 4472 quaudoque
696 4406 800 4459 tutores
816 4403 920 4458 rectius
945 4410 968 4471 ᾗ.
987 4409 1011 4458 t.
1047 4401 1169 4473 lllejerus
1197 4400 1233 4456 ad
1260 4400 1308 4456 lib.
1337 4405 1377 4457 23.
1404 4399 1536 4456 Pandect.
1557 4400 1599 4457 tit.
1627 4409 1650 4458 2.
1679 4421 1707 4458 n.
1736 4412 1777 4464 12.

82 4490 246 4558 consulunt,
272 4488 301 4543 in
326 4488 412 4573 dubio
432 4494 527 4544 tanam
546 4505 597 4561 pro
617 4495 706 4546 matre
722 4507 782 4546 esse
797 4507 918 4561 pronun·
944 4489 989 4545 De
1013 4487 1187 4543 curatoribus
1217 4486 1291 4542 idem
1321 4485 1396 4557 quod
1436 4489 1471 4541 de
1501 4488 1630 4558 proximis
1667 4491 1776 4562 agnatis

80 4576 209 4634 tiendum
231 4590 288 4630 non
308 4575 499 4632 dubitaverim.
542 4574 641 4631 'littori
664 4576 737 4631 enim
755 4583 870 4633 matrem
889 4579 918 4633 in
944 4574 1129 4644 statuendum,
1148 4590 1244 4629 eorum
1258 4573 1331 4629 enim
1345 4590 1508 4629 consensum
1528 4591 1583 4628 non
1595 4592 1654 4630 esse
1666 4577 1776 4647 penitus

80 4664 140 4721 filis
169 4662 305 4719 docenda
330 4662 543 4734 praeferendam
569 4663 720 4719 ostendunt
746 4670 917 4735 argumenta,
943 4661 1156 4733 negligendum,
1184 4659 1345 4730 praesertim
1365 4660 1388 4714 si
1406 4659 1457 4725 illi,
1485 4659 1520 4714 de
1538 4676 1653 4730 quorum
1672 4664 1776 4733 nuptiis

81 4768 154 4825 quae
180 4767 232 4822 pro
259 4749 428 4806 adstruenda
445 4749 562 4804 materni
587 4766 736 4806 consensus
754 4749 919 4806 necessitate
944 4749 1048 4820 agitur,
1080 4746 1135 4801 sint
1152 4746 1337 4810 minorennes‚
1368 4753 1397 4801 et
1421 4746 1482 4817 ipsa
1505 4745 1633 4801 honestus
1660 4754 1688 4803 et
1711 4766 1775 4804 con-

79 4837 209 4908 snperius
226 4835 356 4902 adducta,
375 4851 447 4908 quae
465 4835 549 4906 longe
567 4836 680 4908 maj0ris
696 4843 762 4905 sunt
787 4834 918 4893 momenti
940 4831 1013 4906 jugii
1031 4832 1153 4905 dignitas
1164 4839 1193 4887 et
1204 4831 1336 4902 juvenilis
1349 4833 1449 4887 aetatis
1467 4831 1619 4888 inscitiane
1630 4833 1775 4892 infirmitas

80 4933 166 4996 atque
194 4921 339 4994 ponderis,
367 4939 451 4995 quam
478 4938 550 4994 quae
567 4940 617 4994 pro
634 4929 757 4980 tutorum
780 4939 917 4979 consensu
943 4919 1132 4991 comprobant.
1598 4911 1610 4931 “

78 5019 146 5068 sunt
177 5008 272 5066 allata
320 5009 400 5065 Idem
430 5010 460 5064 in
489 5009 594 5081 populo
618 5009 743 5066 Romano
770 5011 830 5081 jam
851 4973 931 5066 olim¹
977 5011 1019 5064 ut.
1054 5005 1202 5071 Quaeritur
1222 5011 1261 5063 12.
1295 5007 1342 5059 Ao
1357 5005 1387 5059 in
1409 5004 1515 5074 nuptiis
1534 5014 1664 5075 nepotum
1682 5012 1773 5081 requi.
1787 5010 1819 5054 tt
1833 5011 1867 5054 an

78 5098 236 5154 obtinuisse
270 5097 392 5153 ostendit
431 5095 608 5154 memorabile
643 5098 800 5169 exemplum
840 5097 915 5168 apud
942 5105 1022 5151 ratur
1041 5095 1124 5150 etiam
1149 5110 1296 5148 consensus
1320 5093 1388 5147 osi!
1433 5091 1486 5148 Jus
1511 5091 1593 5149 civile
1608 5111 1771 5152 consensum
1786 5065 1898 5158 :liubin

78 5185 192 5241 Liuium
211 5182 258 5239 lib.
278 5189 303 5242 4.
322 5183 419 5242 decad.
441 5191 463 5240 1.
481 5182 623 5255 depuella
635 5183 793 5255 patrimonii
806 5182 914 5253 herede,
940 5188 1086 5254 parentum
1115 5181 1145 5235 in
1169 5179 1274 5251 nuptiis
1302 5178 1450 5234 liberorum
1477 5195 1532 5234 non
1559 5195 1592 5235 ex
1616 5183 1676 5237 sola
1694 5200 1771 5240 reve·
1784 5168 1905 5264 :mssa

78 5272 161 5342 cujus
180 5269 272 5326 forma
290 5270 375 5325 etism
394 5270 423 5325 in
439 5271 540 5343 uulgus
560 5275 621 5324 erut
632 5274 708 5340 nota,
728 5269 763 5325 de
775 5271 915 5341 quainter
940 5269 1030 5326 reuda
1054 5273 1083 5325 et
1099 5266 1270 5337 obedientia,
1299 5283 1384 5337 qnam
1400 5268 1464 5337 jure
1488 5265 1581 5324 divino
1605 5275 1633 5324 et
1652 5271 1773 5327 naturali

77 5367 196 5414 matrem
215 5357 325 5428 puellae
336 5364 365 5413 et
383 5360 443 5430 ejus
454 5363 573 5413 tutorem
584 5363 675 5412 ortum
687 5362 747 5412 erat
761 5357 913 5428 dissidium,
939 5355 1101 5431 parentibus
1125 5354 1227 5410 debent
1250 5352 1343 5417 liberi,
1370 5352 1419 5408 sed
1437 5352 1520 5408 etiam
1542 5361 1571 5410 st
1588 5357 1632 5410 rel
1657 5358 1775 5414 maxime

75 5445 190 5503 cuinam
218 5444 293 5500 toret
317 5443 461 5503 elocanda.
512 5445 582 5503 Cum
607 5444 682 5501 enim
708 5448 796 5499 mater
816 5443 912 5515 nobili,
941 5461 975 5503 ex
994 5447 1130 5514 potestate
1161 5439 1253 5512 patria
1278 5445 1307 5495 st
1323 5455 1358 5495 ex
1371 5440 1490 5514 ‚radone
1515 5439 1603 5510 civili,
1631 5443 1773 5502 usiadis

1378 5545 1418 5600 μ
