4020 6022
814 337 867 397 DE
886 334 1084 395 codiculo.
1728 347 1788 406 stt

101 494 203 567 angelo
233 496 300 568 ipsis
319 498 495 555 miserenti
515 498 621 555 suimet,
670 498 786 554 From
816 492 932 568 proinde
959 493 1095 554 fecerum.
1133 492 1173 547 At
1191 508 1263 564 quae
1289 492 1393 564 patitur
1414 508 1444 547 se
1463 490 1641 562 desponderi,
1664 492 1713 548 illa
1730 494 1791 550 vult

102 579 288 638 Bellarminus
306 584 324 641 l.
349 585 384 639 de
408 588 533 641 monach.
558 602 583 642 c.
601 591 644 642 tt.
663 583 849 656 blasphemiae
872 599 933 638 reos
958 576 1071 636 nubere.
1106 578 1216 649 Excipit
1233 578 1430 642 Belimimwr
1454 595 1523 648 mm,
1547 579 1597 649 uvi
1612 580 1686 633 vetii
1704 580 1791 633 couti·

101 667 212 740 peragit
247 668 455 726 Centuriatorss
481 670 750 743 hlagdebargenses,
787 673 934 741 propterea
959 665 1095 734 mmmm,
1112 682 1169 719 acu
1185 682 1269 734 posse
1287 666 1352 734 jam
1380 681 1410 719 se
1429 665 1518 719 ulmei
1532 667 1647 719 tradere
1664 683 1725 720 mim
1739 682 1790 736 pe·

101 753 177 824 qaod
206 760 276 810 cent
308 762 330 811 1.
363 756 411 814 lib,
443 763 465 814 1,
500 773 524 812 n.
556 763 595 814 10,
624 756 669 812 ool
705 761 764 812 366.
800 761 934 823 mserum,
959 750 1050 805 riculo
1070 751 1199 805 uiolandi
1214 753 1279 816 uoti,
1298 753 1456 806 ateiadss't
1472 751 1612 806 certitudo
1624 752 1791 818 infallibilis

100 840 257 909 Josepbum
276 848 304 895 et
321 843 450 896 Mariam
472 844 513 896 ita
535 858 630 897 oerum
648 843 808 912 conjuqium
825 848 934 897 couuu
976 837 1016 891 oti
1035 854 1179 907 uuuqssam
1202 839 1343 906 motandi,
1365 855 1421 892 aaa
1440 854 1611 908 repuquare,
1635 846 1665 893 ut
1684 839 1735 908 qui
1751 843 1792 892 est

100 925 192 989 abac,
222 934 254 980 ut
277 927 417 982 coluerint
443 936 547 983 atomio
573 936 694 999 tempore
716 945 793 981 more
813 928 934 982 aiiosum
959 924 1050 987 uuius,
1067 927 1213 978 retrudat
1230 925 1314 979 alteri
1333 925 1487 979 indiverso
1505 924 1789 995 peuereuupis’arum.

101 1012 254 1080 coujupum
279 1013 383 1067 liberos
402 1030 577 1084 promum
602 1014 630 1068 id
656 1013 729 1068 enim
757 1012 935 1084 descriptioni
961 1007 1016 1064 Sed
1032 1009 1103 1065 haec
1120 1016 1163 1065 est
1180 1027 1257 1066 mera
1269 1011 1365 1082 petitio
1382 1010 1519 1083 principii,
1537 1012 1612 1068 unde
1629 1012 1713 1066 etiam
1729 1027 1791 1081 pro-

100 1097 335 1169 eraugelistarum
361 1099 534 1154 exactissime
559 1099 693 1171 congrait.
722 1097 934 1170 chrysostomus
960 1096 1056 1163 batur,
1079 1097 1154 1168 qaod
1174 1096 1263 1151 Maria
1287 1097 1316 1152 in
1343 1097 1451 1153 diverso
1468 1114 1570 1170 genem
1586 1099 1746 1170 nuptiarum
1762 1114 1792 1153 se

100 1181 175 1238 hom.
195 1190 220 1239 4.
240 1183 269 1237 in
291 1201 317 1242 c.
338 1190 361 1241 l.
385 1184 482 1241 Matth.
502 1185 648 1240 verborum
673 1184 817 1256 emphasin
835 1201 934 1255 expen-
959 1180 1083 1253 Josepho
1099 1183 1254 1251 tradiderit,
1272 1183 1300 1238 id
1321 1189 1365 1239 est
1382 1200 1438 1241 non
1454 1184 1485 1241 ln
1503 1185 1721 1253 matrimonium,
1742 1185 1790 1239 sed

101 1267 151 1323 dit.
188 1268 252 1327 Non
266 1270 336 1326 dixit
350 1273 519 1343 priusquam
539 1273 569 1325 iu
591 1272 692 1341 spond
710 1273 822 1326 ἀαναανα
839 1273 935 1326 addu-
960 1269 989 1322 in
1008 1268 1185 1325 custodiam?
1211 1269 1285 1325 unde
1307 1270 1459 1345 probatur,
1482 1270 1544 1343 ipso
1573 1271 1792 1343 desponsationis

101 1362 225 1422 aarum,
246 1359 299 1410 sed
322 1359 488 1428 prs'suquam
511 1359 695 1412 conuenirent.
746 1359 830 1411 Hussc
860 1359 934 1412 euim
959 1360 1083 1427 tempore
1100 1355 1217 1411 Mariam
1243 1356 1375 1413 hahuisse
1404 1356 1598 1415 cmlitudinem
1617 1358 1791 1414 infallibilem

101 1457 206 1494 morem
229 1443 359 1497 amabat
385 1445 556 1512 antiquitas,
578 1451 609 1497 ut
627 1459 747 1514 pausae
770 1445 802 1498 iu
819 1461 934 1514 mosuo-
961 1441 1017 1495 voti
1044 1457 1185 1513 nunquam
1208 1442 1352 1497 violandi?
1400 1448 1423 1499 3.
1448 1442 1482 1498 In
1504 1444 1649 1516 Scriptura
1674 1443 1709 1498 de
1734 1448 1793 1498 tota

102 1545 168 1581 rum
191 1529 318 1582 domibus
341 1530 515 1586 babes-eatur.
559 1531 595 1584 Ut
621 1538 714 1584 arbem
741 1532 839 1599 psus-i
862 1530 934 1584 Lotb
960 1525 1012 1581 hac
1029 1542 1060 1581 re
1085 1527 1172 1582 altam
1193 1528 1404 1585 est‘silentium.
1443 1529 1548 1585 Vident
1565 1529 1719 1594 Pontificii,
1744 1529 1791 1583 de-

103 1614 184 1680 apud
206 1630 331 1668 socerum
359 1616 491 1685 lequatur
514 1616 643 1670 babitare
661 1633 723 1670 mun
740 1617 852 1688 sponsis
867 1634 935 1670 uou-
961 1612 1164 1683 sponsatiouem
1186 1613 1335 1670 fortissima
1364 1615 1504 1671 advenam·
1535 1616 1659 1688 opinioni
1676 1616 1712 1671 de
1729 1631 1792 1686 per·

103 1702 171 1752 dum
203 1701 259 1754 sibi
288 1704 429 1772 copulatis
455 1703 517 1773 ispe
541 1703 680 1772 coaiups'i,
707 1704 749 1756 sic
781 1711 808 1757 et
834 1702 936 1757 Maria
961 1704 1062 1769 petuas
1091 1700 1258 1771 virginitatis
1287 1707 1364 1770 voto,
1394 1701 1457 1757 ideo
1474 1702 1628 1774 excipiunt,
1655 1703 1793 1757 traditam

103 1784 249 1841 habitabat
270 1805 331 1841 cum
349 1806 460 1859 speum
496 1788 542 1844 De
564 1807 620 1862 qua
637 1788 826 1861 chrysostomi
844 1789 936 1845 obser·
954 1786 1051 1853 fiss‘aee
1069 1787 1194 1856 Josepbo
1219 1788 1250 1841 ia
1267 1789 1435 1854 osmtodiam,
1459 1807 1515 1843 uua
1536 1798 1628 1844 autem
1649 1791 1679 1842 s'u
1695 1789 1792 1842 matri·

106 1871 217 1927 ratione
249 1874 374 1944 quamvis
400 1874 492 1929 adhuc
516 1874 638 1930 dubitari
656 1875 757 1946 possit,
782 1874 936 1931 Pontificiis
962 1872 1083 1926 monium
1103 1874 1307 1943 dspommam
1348 1874 1437 1946 Atqui
1460 1882 1599 1948 repugnat
1615 1876 1676 1947 ipsa
1694 1874 1792 1931 verbo·

104 1963 200 2012 tamm
224 1974 258 2013 sa
284 1965 358 2014 recte
386 1959 548 2031 opponitur.
580 1977 643 2015 cnm
663 1961 707 2015 isit
728 1961 817 2016 relata
838 1960 867 2014 in
888 1961 936 2030 Jas
961 1975 1022 2012 rum
1048 1960 1217 2030 proprietas,
1251 1967 1348 2016 notum
1375 1962 1447 2018 enim
1472 1966 1528 2032 est,
1557 1962 1625 2034 quid
1655 1959 1793 2034 significet

107 2043 273 2098 canonicum
291 2061 315 2101 c.
332 2044 499 2116 Priusquam
518 2051 559 2102 27.
585 2063 610 2117 q.
628 2051 652 2101 2.
689 2046 719 2101 Si
737 2047 800 2118 quis
818 2045 936 2118 chryso·
961 2045 1133 2115 μνηστεύειν,
1152 2046 1218 2118 qaid
1233 2050 1430 2119 συνέρχεσθαι,
1448 2047 1515 2121 quid
1531 2048 1610 2120 γυνή,
1629 2048 1696 2120 quid
1713 2046 1791 2118 ἀνήρ,

107 2136 197 2185 stomo
214 2129 330 2200 objiciat
346 2131 432 2187 verba
452 2133 544 2203 angeli
561 2131 660 2187 Matth.
681 2139 704 2202 l,
721 2149 747 2187 v.
766 2139 817 2188 20:
840 2134 885 2188 Ne
902 2133 936 2187 ti·
963 2148 1034 2203 quae
1057 2133 1156 2187 omnia·
1171 2150 1227 2188 non
1244 2134 1412 2189 conveniunt
1430 2133 1514 2189 tutori
1533 2150 1566 2190 sc
1584 2135 1722 2206 pupillae,
1741 2135 1790 2189 sed

106 2232 184 2269 meas
197 2221 378 2285 παραλαβεῖν,
396 2218 533 2287 scopere,
554 2218 683 2273 Mariam
695 2220 841 2289 coujuqem
853 2225 937 2283 tuam
962 2233 1063 2288 sponso
1082 2234 1115 2274 ac
1135 2235 1261 2290 sponsas,
1278 2221 1377 2275 marito
1395 2226 1423 2276 et
1439 2220 1533 2285 uxori3
1551 2225 1689 2292 repugnat
1707 2219 1792 2275 histo·

108 2317 176 2373 ergo
203 2309 285 2358 antea
312 2320 374 2357 eam
398 2303 429 2357 iu
457 2307 539 2360 domo
563 2323 620 2360 acu
645 2306 756 2373 babuit,
780 2305 938 2376 respondet,
962 2302 1020 2358 riae
1037 2303 1136 2370 serim,
1163 2322 1253 2377 neque
1277 2305 1351 2361 enim
1382 2306 1427 2360 vel
1452 2311 1517 2361 ante
1545 2305 1792 2377 desponsationem,

110 2388 237 2459 accipere
260 2388 328 2443 nihil
348 2390 425 2444 aliud
443 2390 496 2446 hoc
519 2391 580 2446 loco
597 2407 657 2446 esse
677 2408 760 2463 quam
780 2391 854 2446 domi
872 2391 937 2446 reti·
963 2390 1008 2444 vel
1025 2389 1054 2444 in
1072 2390 1293 2461 desponsatione,
1313 2391 1363 2446 sed
1375 2391 1458 2463 louge
1468 2395 1532 2464 post
1544 2392 1794 2463 desponsationem,

108 2491 183 2540 nere,
198 2476 258 2545 jam
276 2476 349 2531 enim
365 2474 442 2531 illam
461 2484 552 2532 mente
570 2477 719 2532 dimiserat
747 2477 852 2542 Quodsi
871 2494 937 2550 ergo
964 2476 1076 2546 quando
1089 2477 1216 2547 jamdum
1233 2476 1346 2533 mventa
1357 2482 1400 2533 est
1418 2477 1507 2532 Maria
1525 2478 1555 2532 iu
1566 2482 1664 2553 γαστρὶ
1682 2479 1792 2551 ἔχουσα,

108 2558 199 2614 Maria
214 2562 274 2631 jam
294 2566 359 2618 aute
377 2561 432 2617 init
447 2563 477 2617 in
494 2563 576 2618 domo
593 2562 725 2633 Josephi,
751 2570 844 2619 manet
859 2564 938 2631 illud,
964 2562 1080 2633 angelus
1099 2564 1260 2635 conjugium
1278 2569 1368 2619 mutat
1387 2564 1416 2619 in
1435 2564 1551 2620 tutelam
1572 2582 1604 2620 ao
1616 2570 1791 2636 patronatum
1844 2614 1850 2629 ,

107 2648 182 2718 quod
213 2664 280 2703 voce
309 2653 454 2705 συνελθεῖν
480 2666 535 2704 non
560 2648 733 2719 significetur
755 2648 885 2705 deductio
909 2651 938 2704 in
964 2665 998 2703 ac
1016 2648 1130 2718 copulat
1147 2648 1264 2704 hieriam
1286 2649 1410 2720 iosepho
1433 2669 1488 2704 mou
1512 2650 1542 2704 irs
1558 2652 1663 2717 foedus
1678 2653 1792 2706 solenus

108 2733 228 2798 domum,
246 2734 295 2789 sed
312 2733 446 2806 nuptialis
453 2752 626 2806 congressus,
645 2751 726 2806 quem
738 2735 830 2791 adhuc
846 2752 938 2807 spera·
964 2734 1096 2805 coujupis',
1115 2736 1206 2790 sediu
1219 2736 1389 2790 murteum
1406 2738 1558 2792 communis
1575 2737 1739 2806 habitaculi,
1756 2742 1788 2792 nt

107 2819 159 2875 bat
176 2820 329 2891 Josephns,
354 2837 417 2876 cum
432 2821 522 2877 Maria
545 2838 578 2876 ex
598 2822 705 2894 Spiritu
721 2840 744 2878 s.
769 2822 939 2879 inveniretur
950 2872 952 2883 ,
963 2821 1086 2892 loquitur
1104 2820 1316 2894 chrysostomus
1337 2823 1363 2879 d.
1382 2823 1401 2880 l.
1421 2824 1493 2879 acsi
1511 2824 1639 2880 omnibus
1656 2824 1788 2894 constitit,

109 2906 139 2959 in
159 2911 239 2961 utero
257 2905 377 2971 habens,
400 2924 434 2962 ac
451 2924 501 2978 per
519 2923 701 2979 mnsequans,
718 2924 782 2962 cum
800 2909 837 2964 sd
855 2924 938 2980 ange·
963 2907 1079 2962 Mariam
1098 2909 1128 2962 in
1147 2908 1262 2963 tutelam
1278 2913 1386 2963 tantum
1404 2915 1433 2964 et
1449 2910 1615 2976 custodiam,
1632 2927 1687 2965 non
1698 2916 1791 2966 autem

108 2991 166 3046 lam
185 2993 245 3062 jam
264 2998 330 3048 ante
353 2993 480 3062 dhaem,
506 2995 597 3049 uirum
615 3012 671 3049 ssou
696 3011 840 3063 copuosco.
881 2994 936 3050 Sed
963 2994 1301 3050 inmatrimoniumiuisse
1312 2994 1436 3066 iosepho
1449 2996 1587 3064 traditam,
1604 2997 1679 3052 unde
1690 3013 1792 3069 quaeso

108 3076 292 3133 Beharminus
317 3078 377 3150 ipse
400 3079 501 3135 deserit
524 3081 596 3136 hanc
621 3081 808 3152 exceptionem
828 3086 858 3136 et
874 3097 938 3136 oon·
963 3080 1076 3146 factum,
1094 3088 1126 3136 ut
1137 3080 1264 3137 christus
1274 3080 1446 3136 scutimatus
1460 3082 1550 3146 fuerit
1564 3083 1641 3148 ttius
1653 3083 1794 3155 Josepbit

109 3162 184 3235 fugit
201 3163 338 3234 eddium,
354 3167 476 3219 Beatam
494 3165 636 3237 Vispiuem
653 3185 794 3238 amquam
811 3167 940 3222 babuism
965 3165 1034 3222 Lac.
1053 3172 1078 3231 3,
1095 3184 1120 3221 r.
1140 3171 1180 3223 23.
1217 3165 1320 3223 Omnes
1351 3167 1392 3239 pii
1410 3173 1517 3223 veteres
1532 3168 1640 3240 dicunt,
1663 3169 1692 3224 in
1708 3170 1793 3225 hono·

110 3250 270 3319 esplieitum
308 3251 431 3306 animum
472 3254 685 3307 consummandi
726 3255 940 3319 matrimonium,
964 3272 1021 3310 rem
1039 3253 1163 3326 conjugii
1180 3253 1321 3310 christum
1336 3270 1370 3310 ex
1390 3255 1558 3327 desponsata
1574 3256 1650 3311 nasci
1666 3256 1793 3321 voluisse,

109 3336 469 3406 alioqus‘ueuimuouesset
477 3339 557 3408 osb-qo
569 3341 834 3408 auimo,sedsolum
845 3357 938 3395 carae
965 3341 1015 3396 sed
1032 3341 1056 3395 si
1079 3339 1230 3412 fingamus,
1257 3339 1374 3395 Mariam
1395 3345 1505 3412 tantum
1528 3341 1556 3396 in
1575 3343 1691 3398 tutelam
1708 3341 1795 3397 finisse

110 3423 171 3476 Nec
188 3431 279 3478 tamea
293 3424 363 3477 lusit
373 3424 473 3490 uirum,
490 3424 559 3494 quia
571 3443 633 3481 msa
646 3425 855 3482 ammonium
866 3428 940 3496 iniit,
965 3425 1087 3498 Josepho
1111 3426 1257 3496 traditam,
1284 3441 1340 3481 non
1363 3432 1455 3482 autem
1474 3427 1502 3481 in
1521 3427 1724 3483 matrimonium
1742 3427 1794 3498 ipsi

111 3510 191 3563 dedit
218 3510 280 3563 uiro
306 3510 464 3563 absolutam
486 3519 656 3580 potestatem
683 3512 714 3566 iu
731 3529 834 3583 corpus
852 3531 941 3584 mum,
965 3513 1267 3583 inissedesponsatam,
1283 3512 1405 3568 concidit
1421 3513 1538 3584 penitus,
1556 3514 1692 3586 quidquid
1704 3512 1794 3585 digni·

113 3597 271 3649 immacu
284 3595 397 3649 timuerit
407 3596 540 3665 Josepbo,
557 3597 723 3653 unctuosa
734 3600 941 3653 matrimonium
966 3601 1034 3657 tatis
1059 3599 1190 3673 conjugio
1214 3617 1247 3655 er
1264 3599 1317 3654 hac
1335 3598 1438 3654 christi
1461 3616 1477 3654 e
1506 3599 1672 3670 desponsata
1688 3599 1795 3670 virgine

113 3700 175 3735 cum
191 3684 284 3736 Beata
300 3682 415 3751 Virqiue
434 3700 632 3754 cmuummare,
650 3685 684 3739 id
695 3687 767 3740 euim
784 3676 947 3757 sequit-itur
967 3686 1112 3742 nativitate
1137 3685 1286 3757 quaeritur.
1335 3690 1360 3740 4.
1386 3682 1496 3755 Operae
1518 3702 1584 3740 sero
1610 3685 1728 3756 pretium
1754 3689 1797 3738 est

112 3775 138 3822 et
155 3768 264 3835 sufficit
277 3771 319 3823 ad
329 3771 475 3823 esseutiam
485 3771 546 3824 ueri
560 3772 734 3825 munuera
738 3792 749 3842 ,·
767 3780 860 3826 tamea
871 3773 941 3841 quia
967 3773 1113 3828 observare
1129 3771 1264 3841 originem
1289 3770 1371 3841 hujus
1393 3770 1529 3841 opinionis
1550 3771 1585 3825 de
1603 3775 1667 3827 roto
1683 3767 1796 3840 virgini·

111 3855 216 3909 sciebat
239 3856 305 3926 ipsa
336 3856 434 3910 ἀνάἰαα
459 3856 629 3911 rmetauom
654 3860 769 3927 edoetm
797 3876 940 3928 uunquam
966 3859 1031 3913 tatis
1048 3873 1066 3911 a
1083 3856 1175 3910 Maria
1188 3856 1313 3927 Dcipara
1330 3855 1437 3914 emisso.
1484 3857 1526 3911 Ea
1541 3872 1606 3912 vero
1623 3872 1657 3910 ex
1676 3855 1795 3927 quodam

111 3942 265 4011 Josepbum
286 3942 320 3995 id
342 3943 537 4011 capeitanus,
563 3944 629 3998 ideo
650 3952 765 4014 poterat
788 3945 889 3999 babere
914 3952 941 3999 ei
967 3941 1208 3999 Pseudo-Evodio
1227 3941 1413 4013 aNicephoro
1432 3942 1587 3998 fabulatore
1606 3941 1727 4011 laudato,
1747 3940 1796 3996 ssd

112 4027 230 4082 babebat
252 4028 415 4097 explicitam
438 4028 608 4084 volumtatem
635 4046 744 4100 semper
772 4031 941 4096 eminendi,
966 4030 1114 4098 veteribus,
1137 4026 1259 4084 Eusebio
1282 4028 1401 4095 scilicet,
1429 4028 1611 4101 Hieronymo,
1641 4018 1797 4100 Epiphanio

112 4115 144 4168 iu
162 4132 218 4184 quea
245 4115 386 4169 volumtate
407 4116 526 4187 proprie
548 4116 696 4184 cirpiuitus
718 4118 850 4172 coumfflt.
888 4116 943 4171 Re-
968 4123 1021 4174 etc.
1043 4115 1153 4187 penitam
1177 4115 1274 4187 ignoto
1303 4121 1332 4171 et
1357 4134 1391 4173 ex
1411 4116 1622 4186 proteoaupeiio
1651 4114 1755 4168 Jacobs·
1781 4130 1799 4168 a

113 4201 294 4272 spondemus:
323 4200 373 4254 uhi
404 4217 469 4256 vero
496 4201 671 4257 revelationis
698 4202 772 4258 illias
797 4202 885 4258 allam
913 4204 943 4258 in
969 4203 1057 4258 Lucio
1085 4217 1134 4257 seu
1161 4200 1287 4257 Seleucia
1317 4201 1435 4257 conficto
1459 4208 1487 4256 et
1510 4201 1546 4257 ah
1563 4202 1624 4273 ipso
1640 4199 1754 4256 Gelasio
1772 4214 1798 4256 c.

115 4287 202 4344 moris
228 4287 314 4342 litans
341 4291 433 4341 emtat
447 4288 615 4360 vestigium?
657 4288 739 4344 Certe
758 4291 944 4362 evangdistao
969 4290 1073 4345 Sancta
1102 4286 1228 4343 Romana
1257 4287 1319 4344 dist
1340 4294 1379 4344 lb.
1411 4288 1465 4343 suh
1494 4288 1537 4342 tit.
1562 4286 1626 4342 libri
1649 4286 1685 4340 de
1713 4285 1798 4340 nativ.

114 4383 143 4430 et
172 4372 302 4444 apostoli,
334 4373 383 4445 qni
411 4372 533 4444 reliquas
562 4374 742 4431 revelationes
768 4375 891 4448 iosepho
916 4384 945 4432 et
971 4374 1120 4433 salvatoris
1135 4378 1164 4428 st
1181 4372 1217 4428 de
1237 4372 1368 4430 chloris
1385 4380 1413 4430 et
1429 4374 1464 4430 de
1484 4370 1798 4430 obstetriceSalsatoris

114 4461 222 4515 Mariae
237 4458 327 4514 factas
349 4466 407 4514 tam
426 4466 554 4516 accurate
570 4460 742 4531 describunt,
762 4462 840 4517 hanc
855 4463 945 4534 ipsam
971 4463 1044 4517 inter
1062 4459 1223 4531 apocrypha
1243 4459 1391 4531 repudiato
1417 4459 1564 4531 dependet
1606 4456 1704 4512 Exstat
1730 4455 1800 4512 illud

118 4564 175 4602 non
201 4546 461 4617 praetermisissent,
491 4547 515 4599 si
544 4561 601 4616 qua
631 4554 704 4603 esset
732 4547 816 4606 facta.
862 4550 905 4604 Ac
921 4549 946 4604 si
971 4554 1036 4603 tom.
1056 4551 1080 4601 l.
1111 4543 1369 4617 Orthodoxograph.
1399 4563 1427 4616 p.
1446 4552 1486 4601 71.
1508 4561 1541 4600 ac
1564 4543 1652 4600 multa
1673 4542 1802 4598 fabulosa

117 4633 207 4688 hieria
223 4633 307 4687 etiam
325 4638 389 4687 ante
416 4632 656 4703 desponsationem
677 4633 835 4705 explicitam
851 4636 946 4690 volun·
972 4631 1101 4695 manicat,
1119 4630 1193 4701 quod
1210 4629 1339 4687 ioschim
1358 4637 1439 4701 pater
1453 4630 1559 4686 Mariae
1576 4630 1612 4687 ob
1629 4628 1801 4684 sterilitatem

117 4726 204 4775 tatem
221 4718 320 4774 habuit
336 4734 444 4787 semper
461 4717 636 4785 contuendi,
661 4735 717 4790 quo
741 4718 796 4774 line
823 4718 947 4789 «losepho
973 4738 991 4775 a
1015 4714 1157 4772 sacrificiis
1184 4715 1332 4770 offerendis
1351 4706 1470 4787 micatus
1497 4717 1683 4789 quadraginta
1705 4713 1802 4769 diebus

120 4822 180 4862 sese
200 4804 365 4874 desponderi
380 4803 434 4858 fuit
452 4800 555 4872 passa?
581 4803 732 4859 absurdum
754 4810 798 4860 est
818 4822 947 4876 sponsam
972 4822 1007 4861 ac
1023 4800 1150 4859 noctibus
1167 4802 1337 4872 jejunaverit
1361 4819 1394 4857 ac
1419 4802 1542 4858 sobolem
1562 4818 1580 4856 a
1605 4800 1667 4855 Deo
1684 4798 1804 4871 petierit,

119 4893 212 4948 iacere
228 4907 305 4957 mm,
330 4906 400 4960 quae
419 4890 521 4959 conjux
540 4905 602 4944 esse
621 4890 726 4961 nequit.
764 4890 948 4961 Desponsatio
974 4888 1048 4959 quod
1070 4888 1153 4943 Anna
1170 4888 1307 4944 loachimi
1324 4905 1394 4943 uxor
1411 4888 1509 4943 audito
1533 4888 1569 4943 ab
1587 4888 1688 4958 angelo
1707 4887 1741 4941 de
1760 4902 1803 4941 so·

120 4978 189 5034 nihil
207 4978 282 5033 aliud
301 4982 344 5032 est
361 4992 444 5047 qnam
462 4981 619 5030 conuectus
639 4977 675 5032 de
700 4975 794 5031 futuro
810 4978 948 5033 matrimo-
974 4975 1037 5031 bole
1051 4973 1148 5029 nuntio
1170 4972 1232 5028 Deo
1254 4973 1330 5029 illam
1351 4973 1500 5043 obtulerit;
1527 4972 1602 5045 quod
1619 4972 1709 5028 Maria
1727 4977 1805 5027 sexto

120 5067 166 5122 nio
190 5064 370 5136 ejusdemque
392 5062 464 5116 inter
493 5075 625 5131 sponsum
648 5066 677 5116 et
701 5079 829 5134 sponsam
856 5064 950 5134 pactio
974 5061 1068 5117 statim
1084 5076 1179 5115 mense
1197 5059 1340 5117 ambulare
1356 5060 1492 5131 potueritr
1518 5059 1592 5132 quod
1611 5058 1706 5114 oblata
1721 5056 1806 5113 fuerit

121 5151 321 5223 acpromissi03
337 5148 404 5204 tolle
423 5164 500 5219 spem
511 5148 686 5216 matrimonii,
704 5153 733 5204 et
743 5148 950 5221 desponsationi
977 5145 1166 5203 sacerdotibus
1187 5144 1217 5199 in
1239 5142 1345 5217 templo
1360 5145 1446 5216 inque
1464 5146 1525 5216 ejus
1547 5145 1640 5216 adytis
1659 5144 1746 5198 instar
1760 5158 1805 5197 co·

120 5238 240 5309 amplius
265 5252 320 5292 non
344 5236 398 5292 erit
416 5237 500 5291 locua
541 5234 620 5298 Quae
642 5234 829 5305 virginitatem
854 5252 951 5307 perpe·
976 5234 1088 5289 lumbus
1114 5232 1234 5286 souma
1257 5233 1397 5302 acceperit
1425 5231 1518 5286 cibum
1543 5231 1579 5286 ds
1595 5248 1679 5286 manu
1697 5227 1807 5299 angelig

29 5343 58 5387 tt
73 5341 106 5384 su.
120 5334 197 5381 tuam
232 5329 385 5393 voverunt,
418 5322 473 5376 illis
503 5337 536 5376 ex
566 5320 715 5392 hypothesi
744 5319 952 5376 Pontificioram
978 5319 1052 5390 quod
1070 5317 1256 5373 duodecennis
1275 5317 1352 5371 iacta
1369 5315 1491 5388 Josepho
1514 5333 1547 5371 ex
1565 5316 1696 5371 mandato
1713 5312 1806 5383 angeli

122 5414 208 5467 etiarn
223 5411 295 5464 ociis
312 5411 416 5465 nubere
432 5406 590 5463 damnabile
608 5412 664 5475 est,
689 5421 744 5477 quo
764 5407 953 5463 accommodat
978 5408 1006 5461 in
1023 5403 1177 5459 custodiam
1197 5402 1282 5457 inerit
1301 5403 1420 5472 tradita,
1443 5403 1619 5475 congregatis
1631 5400 1702 5455 euim
1720 5398 1806 5452 omni·

123 5500 227 5552 dictum
244 5497 426 5569 apostolicum
446 5501 469 5551 l.
487 5494 558 5550 'lim
575 5500 598 5564 b,
617 5512 641 5549 v.
661 5499 706 5549 ll:
726 5492 838 5546 Nubere
856 5494 953 5548 ocimi
979 5493 1032 5547 bus
1051 5490 1144 5545 viduis
1159 5505 1194 5544 ex
1212 5488 1302 5560 virga,
1319 5505 1404 5560 quam
1420 5487 1559 5559 Josephus
1576 5487 1666 5542 tenuit
1682 5485 1710 5539 in
1722 5500 1807 5539 mann

124 5585 253 5646 hammes
267 5584 491 5653 damnationem,
514 5580 583 5651 quia
597 5578 721 5651 primam
737 5579 822 5645 Mem
836 5579 950 5635 α’πίεαα
980 5595 1046 5652 sua,
1067 5575 1197 5634 columba
1218 5574 1337 5633 avolarit
1353 5580 1383 5633 st
1398 5575 1428 5633 iu
1446 5581 1533 5647 caput
1550 5571 1655 5645 ioseph
1672 5569 1807 5639 consedit,
