4020 6022
883 211 935 267 oa
956 192 1156 270 consumo.
1808 223 1867 281 rsa

172 364 281 422 scilicet
305 360 395 434 tibae,
413 366 503 436 nepti,
527 365 664 436 pronepti,
683 372 713 420 et
730 365 849 420 vicissim
870 383 947 420 soror
965 371 1009 419 est
1034 367 1128 435 ndjioi
1138 384 1225 436 posse
1244 367 1402 436 ostendunt,
1422 367 1498 438 quod
1514 365 1574 422 fieri
1588 383 1643 421 non
1654 373 1757 438 posset,
1774 368 1798 423 si
1815 368 1869 424 bae

167 452 229 507 loco
246 451 342 505 matris
362 451 490 506 omnibus
501 469 536 506 ex
547 453 633 506 fratre
648 451 897 517 descendentibus,
914 450 1008 505 fratris
1033 453 1151 523 nuptiae
1165 453 1274 525 legibus
1291 452 1457 524 prohibitae.
1500 453 1647 524 Conjunge
1664 452 1747 508 etism
1765 452 1784 510 l.
1804 452 1867 511 Non

167 537 274 592 scilicet
304 536 374 605 filio,
408 537 517 607 nepoti,
544 539 690 607 pronepoti
721 545 774 594 etc.
821 540 914 609 Atque
939 536 1008 591 baec
1034 539 1130 596 solum.
1150 547 1191 595 or.
1219 536 1290 612 51.
1315 537 1343 594 d.
1370 540 1406 593 de
1425 538 1468 594 rit
1492 539 1613 609 nuptiar.
1636 540 1686 592 ubi
1703 547 1813 611 neptem
1830 556 1864 593 ou

167 623 311 694 dispositio
328 622 442 693 pulchre
461 623 554 678 reduci
572 630 664 694 potest
688 625 723 677 ad
741 626 789 694 jus
814 624 953 688 divinum,
979 625 1007 676 in
1031 625 1093 687 filio
1110 626 1285 695 emancipato
1304 633 1401 679 notam
1424 626 1520 694 nepoti
1539 642 1572 679 en
1590 625 1682 679 altero
1697 627 1760 695 pilio
1780 627 1865 681 coilo

168 726 222 780 quo
241 708 328 764 frater
355 714 383 762 et
403 725 480 763 soror
501 708 631 765 dicuntur
648 729 706 764 una
726 728 803 764 roro.
845 710 946 765 Genea.
964 716 1006 774 37,
1034 712 1098 763 rari
1112 728 1196 780 posse
1215 712 1358 768 statuitur.
1400 711 1536 780 Exempla
1554 711 1690 780 ejusmodi
1710 712 1868 782 nuptiarum

167 812 193 851 a.
213 801 260 851 27:
280 795 386 848 stater
399 803 493 849 nostes·
510 805 551 849 est
571 803 676 849 etcoro
690 804 788 850 nostra
801 803 849 850 ast.
880 795 948 850 Lev.
962 801 1003 865 ta,
1034 796 1063 849 iu
1082 795 1209 851 Romana
1226 796 1456 869 historiapassim
1474 803 1631 852 occurrunt.
1660 798 1745 867 Apud
1758 797 1868 852 livium

167 898 193 938 a.
211 885 257 936 122
284 880 374 934 Soror
395 880 491 950 patris
510 881 554 934 tui
577 889 617 934 est
637 883 733 950 patris
747 883 789 935 tui
811 899 892 951 caro,
920 899 946 937 v.
966 886 1006 936 13.
1035 881 1157 949 Spurius
1175 883 1249 948 dicit,
1264 891 1379 952 patrem
1397 883 1452 935 sibi
1468 899 1582 937 urorem
1595 884 1763 950 fratrissui
1777 884 1868 952 filiam
1965 924 1977 941 .

167 985 249 1022 soros·
276 967 376 1021 matris
402 973 467 1020 tuae
495 974 536 1021 cst
560 985 628 1022 caro
657 969 757 1021 matris
785 975 860 1023 tuae.
910 975 933 1022 t.
962 967 1006 1021 De
1033 968 1147 1022 desiisse
1154 990 1165 1035 ,·
1192 968 1268 1039 apud
1292 968 1474 1023 Plutarchum
1499 971 1609 1022 Brutus
1636 967 1710 1022 filius
1732 969 1868 1024 Serviliae

168 1053 272 1122 nuptiis
293 1053 484 1122 pertractione,
511 1054 694 1107 amitinorum
718 1062 745 1108 et
769 1055 1006 1107 consobrinorum.
1033 1053 1132 1108 sororis
1164 1054 1278 1108 Catonis
1307 1054 1385 1108 duxit
1414 1053 1540 1108 Porciam
1573 1053 1688 1108 Catonis
1726 1054 1867 1110 Uticensis

168 1138 345 1193 Tbeodosius
364 1139 454 1207 major
471 1138 644 1193 fratremvel
662 1154 786 1192 sororum
799 1139 910 1207 liberos,
924 1139 1007 1194 idest
1031 1138 1117 1192 filiam
1134 1139 1327 1195 consobrinam
1346 1157 1442 1208 suam3
1472 1142 1591 1193 itarous
1603 1141 1761 1194 Antoninus
1780 1141 1867 1212 impe·

169 1222 310 1294 patrueles
329 1230 359 1277 et
375 1223 563 1291 consobrinos,
583 1223 758 1279 matrimonio
769 1224 852 1296 jungi
863 1223 1006 1294 prohibuit
1031 1232 1107 1280 rator
1119 1225 1306 1296 Philosophus
1325 1227 1416 1280 dictus
1428 1226 1568 1280 Justinam
1586 1226 1776 1280 consobrinam
1789 1243 1868 1281 suam

168 1315 240 1364 teste
255 1309 404 1364 Ambrosio
421 1308 470 1364 lib.
487 1316 511 1365 8.
531 1309 610 1378 epist.
632 1315 673 1366 66.
694 1327 722 1380 p.
746 1314 807 1365 itt:
829 1311 1005 1364 dheodosius
1032 1328 1143 1365 uxorem
1156 1311 1242 1365 duxit.
1276 1313 1361 1366 Plura
1373 1312 1499 1381 exesnpls
1510 1311 1574 1365 ride
1588 1311 1664 1382 apud
1676 1311 1866 1382 Tiraquellum

171 1394 326 1464 imperator
343 1394 454 1465 (inquit)
477 1396 562 1448 stiam
587 1397 746 1464 patrueles,
765 1398 875 1458 fratres
894 1404 922 1449 st
941 1413 1005 1450 con·
1029 1395 1082 1467 leg.
1096 1397 1214 1452 connub.
1229 1403 1251 1451 1.
1271 1405 1300 1453 et
1314 1397 1505 1452 Cherunicium
1524 1404 1594 1468 part.
1614 1403 1636 1453 3.
1656 1396 1740 1451 locor.
1762 1415 1788 1468 p,
1808 1400 1866 1453 562.

170 1480 298 1534 sobroisos
314 1482 399 1534 uenis
414 1481 488 1533 inter
503 1482 674 1550 ssconjupii
689 1483 836 1536 corsoanire
853 1481 962 1535 nomino
981 1490 1006 1535 ct
1031 1481 1109 1553 Lege
1133 1482 1227 1536 divina
1245 1484 1314 1538 tales
1339 1483 1454 1553 nuptiae
1479 1498 1535 1536 non
1563 1483 1676 1537 suerunt
1698 1483 1864 1552 prohibitae,

166 1566 370 1621 amarissimam
400 1584 523 1636 poenam
541 1569 651 1634 statuit,
676 1568 704 1621 si
722 1567 786 1636 prius
803 1575 937 1621 temerare
955 1587 1004 1621 au·
1031 1568 1106 1622 undo
1123 1569 1229 1639 aliquot
1249 1586 1344 1623 aarum
1367 1568 1494 1639 exempla
1509 1570 1540 1621 iu
1565 1568 1651 1622 sacris
1670 1567 1754 1622 literis
1775 1584 1868 1622 occur·

168 1670 216 1706 rsus
233 1660 304 1705 asset
319 1653 445 1717 fratrum
459 1654 515 1721 pia
525 1654 658 1722 pipnora,
673 1661 700 1706 et
718 1661 810 1706 tamen
828 1652 1003 1708 ilbiiuoicam
1032 1660 1104 1708 runt
1150 1655 1244 1708 Jacob
1259 1651 1351 1708 'ducit
1378 1654 1528 1709 Rachelem
1556 1653 1686 1708 avunculi
1715 1654 1757 1706 sui
1782 1653 1868 1707 filiam

168 1739 224 1791 sibi
241 1739 375 1806 capsulas
391 1745 456 1792 sunt
475 1726 680 1807 tantummodi,
698 1739 767 1807 puio
780 1740 1005 1808 propinquitatis
1032 1739 1132 1793 Genea.
1152 1745 1194 1808 29,
1212 1756 1238 1793 v.
1259 1745 1299 1795 18.
1331 1740 1450 1793 risurum
1466 1739 1577 1808 occepit
1594 1755 1707 1793 uxorem
1720 1738 1866 1794 Joohsbsd

169 1826 372 1879 memsitudins
390 1833 415 1878 st
427 1827 577 1888 fraternae
589 1826 732 1880 societatis
747 1826 873 1893 bipontur
886 1827 1005 1893 uinculo,
1031 1825 1182 1893 patruelem
1206 1842 1284 1879 suam
1312 1825 1399 1880 Exod.
1416 1831 1448 1889 6,
1468 1841 1495 1878 r.
1511 1830 1552 1879 20.
1584 1826 1661 1889 filiae
1688 1826 1867 1895 Salphahad,

164 1910 272 1978 pietati
299 1926 346 1964 uos
376 1911 464 1965 voluit
497 1912 612 1980 debers,
643 1914 721 1979 qnod
737 1913 799 1964 nuti
815 1919 886 1965 mint.
926 1910 1004 1965 Idem
1032 1910 1137 1979 Maala,
1163 1910 1305 1976 Thersah,
1323 1910 1451 1981 Heglah,
1475 1909 1604 1965 Melchah
1622 1916 1650 1964 et
1668 1910 1746 1964 Noah
1768 1926 1867 1980 nupse-

170 2000 309 2049 testautur
336 1995 469 2049 Aurelius
496 1995 595 2052 Victor
619 2002 647 2051 et
669 1996 775 2050 Paulus
793 1996 948 2052 Monachus
976 1995 1004 2049 in
1031 2003 1096 2050 runt
1122 1995 1187 2050 filiis
1215 2001 1377 2065 patruorum
1407 2013 1518 2051 suorum
1548 1995 1660 2051 Numer.
1691 2000 1739 2063 36,
1769 2013 1793 2050 r.
1827 2001 1867 2051 11.

171 2080 344 2144 Theodosio,
376 2097 409 2135 ac
439 2080 581 2136 addentes
609 2082 749 2153 colligitur
774 2100 807 2137 ex
831 2083 848 2136 l.
874 2082 948 2138 unic.
973 2081 1004 2137 C.
1034 2082 1162 2135 Othonial
1187 2081 1264 2135 ducit
1288 2083 1377 2135 Anam
1403 2080 1495 2152 patrui
1522 2081 1565 2134 sui
1586 2080 1672 2133 filiam
1699 2080 1803 2134 iosuae
1828 2086 1868 2149 lb,

170 2166 370 2231 Theodosiani,
401 2167 423 2221 si
441 2173 519 2238 nupt.
542 2185 575 2221 ex
595 2169 718 2238 rescript.
737 2174 881 2238 petantur,
905 2169 1006 2238 inqua
1033 2186 1060 2223 v.
1085 2175 1124 2223 11.
1151 2169 1294 2238 Josephus
1318 2168 1397 2221 duxit
1414 2168 1531 2221 Mariam
1549 2166 1641 2237 patrui
1661 2166 1702 2220 sui
1721 2166 1766 2220 Eli
1783 2165 1869 2220 filiam

171 2252 235 2324 lege
252 2251 428 2307 Theodosius
456 2258 485 2306 et
510 2252 645 2307 Arcadius
675 2259 802 2308 statuunt
829 2254 1005 2307 antmrionem
1032 2251 1130 2306 Matth.
1152 2260 1174 2317 1,
1192 2272 1218 2308 v.
1238 2259 1278 2308 16.
1297 2259 1350 2308 etc.

171 2341 305 2394 bononem
323 2346 349 2392 et
364 2355 486 2410 posnam
502 2340 706 2407 deportationis
726 2339 754 2392 iu
775 2356 856 2408 eum,
876 2339 923 2411 qui
941 2355 1005 2405 cau·
1067 2343 1126 2393 321.
1163 2343 1186 2394 2.
1206 2339 1249 2393 De
1269 2341 1412 2407 affinitate
1425 2337 1573 2392 haduutur
1594 2338 1647 2391 hae
1660 2337 1744 2408 leges.
1788 2342 1811 2393 1.
1835 2336 1869 2390 ln
1880 2337 1912 2429 {h
1914 2339 1955 2429 ,1¹³2
1957 2339 1995 2428 :i-

170 2431 214 2480 tra
237 2425 331 2496 legum
355 2423 526 2495 praescripta
551 2424 663 2493 nuptias
692 2442 806 2495 precum
829 2425 1005 2496 subreptione
1032 2425 1108 2479 linea
1136 2433 1224 2481 rocta.
1265 2424 1440 2479 iustinianus
1466 2422 1494 2494 5.
1523 2431 1546 2478 1.
1571 2424 1688 2477 institut
1716 2423 1751 2476 de
1774 2429 1867 2494 nupt:
1883 2419 1999 2495 trnupis

171 2511 317 2572 monuerit,
342 2508 466 2580 exceptis
481 2509 539 2578 bis,
564 2510 707 2580 inquiunt,
730 2528 799 2581 quos
821 2511 1005 2576 sobrinarum,
1032 2511 1196 2578 Affinitatis
1214 2526 1321 2579 quoquo
1339 2509 1516 2564 osnnations
1530 2527 1549 2561 a
1561 2511 1742 2578 qiuarundarn
1760 2510 1867 2580 nuptiis
1881 2496 1950 2532 '⁸⁰²⁸‘

172 2598 205 2650 id
222 2605 264 2650 ast
283 2597 379 2664 quarti
399 2597 508 2661 padus
530 2595 740 2665 conjunctione,
767 2613 800 2649 aa
826 2596 1007 2664 triumphalis
1033 2596 1172 2649 abstinere
1188 2612 1298 2649 amasse
1316 2603 1369 2664 cst,
1393 2603 1425 2649 ut
1442 2611 1504 2648 ocos
1515 2595 1678 2664 prioipnam
1696 2603 1746 2647 aut
1763 2612 1866 2648 nurum

169 2683 265 2754 patris
292 2681 385 2735 nostri
411 2681 535 2749 meapte
563 2681 737 2734 indultorum
762 2683 925 2757 qupplicara
951 2698 1007 2733 non
1033 2699 1146 2737 unorcm
1165 2686 1269 2738 ducere
1287 2683 1439 2752 nonlicet,
1466 2682 1534 2751 quia
1554 2690 1689 2751 utraeque
1711 2682 1789 2740 tilios
1806 2681 1868 2735 loco

171 2769 262 2822 notuit.
298 2766 377 2820 Haec
387 2764 535 2821 Theodosii
554 2766 715 2822 constitutio
727 2774 841 2838 recepta
859 2768 913 2821 fuit
931 2766 1005 2835 apud
1033 2777 1103 2824 sunt,
1143 2769 1226 2831 Quod
1241 2771 1284 2824 ita
1307 2769 1414 2823 scilied
1439 2768 1533 2836 accipi
1551 2768 1647 2836 debet,
1663 2767 1691 2819 si
1703 2767 1764 2831 fuit
1780 2785 1871 2820 arenas

173 2853 289 2922 Gothos,
310 2856 342 2905 ut
362 2851 544 2906 Cassiodorus
564 2851 665 2907 libat.
685 2854 784 2909 variar.
803 2852 908 2922 scribit,
926 2860 1007 2907 etex
1033 2863 1091 2923 tua,
1110 2863 1160 2908 aut
1183 2856 1318 2924 prioipno
1346 2861 1403 2907 tua.
1446 2855 1522 2907 Nam
1546 2853 1573 2905 si
1598 2854 1692 2905 adiisse
1709 2870 1797 2905 nurus
1819 2859 1871 2906 tua

173 2939 326 2993 Gothorum
354 2938 418 3007 jure
445 2937 589 3007 adscripta
620 2944 662 2991 est
693 2940 806 3010 negatio
836 2939 864 2991 iu
899 2937 1007 2992 Graeco
1033 2949 1082 3008 ost,
1102 2941 1192 2995 idest
1207 2941 1235 2994 si
1251 2941 1344 2994 adisse
1362 2947 1453 3008 nupta
1470 2946 1509 2992 ast
1522 2938 1589 3004 filio
1606 2946 1663 3002 tuo,
1682 2939 1744 2991 ulia
1760 2939 1870 2992 ratione

173 3024 322 3094 exemplari
343 3020 371 3097 5.
383 3022 515 3077 Duorum.
535 3023 622 3079 instit.
642 3024 677 3077 de
695 3030 788 3094 nupt:
805 3023 856 3077 bio
875 3024 1008 3096 sibiipsis
1033 3043 1148 3081 osorem
1165 3043 1227 3080 oum
1239 3028 1410 3080 duoaranon
1424 3024 1542 3093 poteris,
1560 3024 1628 3091 quia
1645 3025 1744 3075 cadom
1762 3023 1870 3078 drsobus

175 3111 271 3168 russos<
291 3109 324 3162 oi
343 3108 477 3164 divorsus
501 3107 571 3181 πρὸς
595 3109 689 3179 yu'por
716 3106 915 3164 συνάπτεσθαι.
952 3109 1007 3164 Sed
1033 3120 1121 3181 nuptu
1141 3128 1202 3165 esso
1227 3129 1284 3164 non
1305 3117 1405 3179 potest.
1450 3109 1535 3172 Item,
1566 3110 1594 3161 si
1621 3109 1714 3161 adbuc
1734 3109 1871 3177 prioipna

173 3198 285 3252 Curtius
305 3194 422 3249 Inuum
441 3194 590 3265 Theophili
611 3197 746 3265 interpres
764 3196 866 3250 omissa
885 3195 1006 3266 negandi
1034 3206 1083 3251 tua
1095 3204 1145 3266 est,
1161 3198 1195 3250 id
1212 3204 1253 3250 ast
1266 3197 1294 3249 si
1309 3203 1401 3249 motor
1419 3196 1480 3264 ejus
1498 3194 1549 3246 tibi
1564 3202 1653 3262 nupta
1665 3202 1713 3263 cst,
1730 3196 1795 3250 idso
1806 3212 1869 3250 eam

174 3281 312 3353 particula
339 3281 436 3335 vertit:
473 3283 604 3334 Duorum
639 3283 765 3345 fratrum
799 3282 844 3334 uel
876 3296 1007 3334 sororum
1034 3300 1147 3339 oaorem
1164 3285 1268 3337 ducere
1284 3300 1341 3336 non
1356 3281 1471 3350 poteris,
1489 3281 1556 3349 quia
1569 3282 1643 3334 duas
1659 3298 1760 3335 uaores
1773 3285 1870 3337 eodem

174 3368 265 3434 liberi,
283 3367 326 3420 oei
342 3366 449 3430 fratris
466 3373 493 3419 at
509 3367 615 3420 sororis
634 3366 770 3434 conjunpi
781 3374 910 3434 possiunt.
942 3366 1009 3419 Post
1035 3378 1158 3438 tompore
1179 3368 1282 3421 habore
1299 3385 1356 3421 non
1379 3367 1451 3422 licet.
1473 3362 1500 3439 5.
1521 3371 1543 3421 8.
1563 3366 1639 3422 eod:
1667 3366 1785 3420 Soomm
1803 3385 1870 3439 puso-

174 3459 289 3507 mortem
308 3450 458 3507 Theodosii
478 3450 557 3505 liberi
580 3452 640 3520 ejus
663 3451 801 3506 Arcadius
822 3457 850 3506 et
869 3451 1009 3506 Honorius
1034 3472 1087 3525 pue
1104 3462 1130 3509 ct
1142 3470 1288 3508 rosacum
1296 3452 1469 3522 prohibitum
1487 3459 1529 3504 cst
1546 3468 1661 3505 unos-sm
1674 3455 1784 3522 ducere,
1803 3453 1871 3522 quio

174 3539 262 3608 patris
281 3537 506 3592 constitutionem
534 3536 705 3608 abrogarunt
730 3544 760 3592 et
781 3537 1007 3593 consobrinorum
1035 3542 1135 3595 matris
1155 3542 1217 3594 loco
1235 3547 1306 3593 sunt.
1346 3538 1428 3600 erod
1447 3544 1474 3590 at
1493 3537 1585 3607 ipsum
1604 3538 1744 3592 dissoluto
1762 3541 1871 3594 demum

175 3625 348 3681 matrimonia
371 3624 563 3694 penniserunt.
587 3624 604 3678 l.
637 3623 824 3679 celebrandis.
855 3630 894 3680 ta.
922 3626 952 3678 G.
974 3625 1009 3679 de
1036 3629 1179 3697 affinitate
1205 3625 1350 3696 procedit,
1376 3624 1488 3693 alioqui
1512 3625 1540 3676 si
1561 3625 1654 3677 adbuc
1677 3642 1797 3679 nouaroa
1821 3632 1872 3695 ast,

175 3719 267 3782 nupt:
305 3710 490 3765 Uelabrandis
515 3709 588 3762 intas·
617 3710 799 3763 consobrinos
823 3711 1010 3763 matrimoniis
1036 3716 1069 3767 id
1091 3721 1131 3765 est
1148 3714 1176 3765 si
1193 3712 1287 3764 aditum
1299 3710 1384 3779 patri
1401 3717 1449 3762 tuo
1470 3717 1560 3779 nupta
1579 3718 1632 3779 est,
1652 3711 1792 3764 oommsmi
1806 3712 1870 3778 jure

174 3798 290 3852 &antia
307 3797 379 3864 lupis
398 3796 483 3864 hujus
499 3795 667 3849 salubritate
687 3797 801 3850 indulta
818 3803 867 3860 ast,
885 3804 915 3848 ut
933 3813 1009 3850 reuo-
1036 3799 1191 3869 impeditur
1216 3798 1267 3850 tibi
1290 3796 1406 3863 nubere,
1433 3797 1501 3863 quia
1527 3799 1624 3850 eadam
1652 3798 1759 3849 drsobos
1780 3805 1871 3868 nupta

175 3893 240 3939 cata
267 3883 359 3952 prisci
385 3882 465 3950 juris
490 3882 670 3945 arroteritata,
694 3882 888 3951 restinctisque
906 3883 1009 3937 caturn-
1036 3902 1095 3940 osse
1114 3903 1170 3938 non
1183 3891 1286 3956 potest.
1324 3882 1409 3950 Item,
1435 3882 1463 3934 si
1483 3882 1577 3935 adhuc
1594 3899 1691 3936 socrus
1709 3891 1762 3950 est,
1781 3885 1871 3937 idest

174 3970 288 4024 uiarum
313 3968 452 4035 sententis
481 3967 690 4020 matrimonium
726 3968 800 4020 inter
830 3969 1010 4022 consobrinos
1036 3974 1062 4026 si
1079 3971 1173 4025 adbuc
1185 3970 1255 4038 filia
1274 3968 1336 4036 ejus
1353 3967 1406 4021 tibi
1422 3976 1513 4036 nupta
1532 3974 1580 4032 est,
1596 3968 1662 4022 idco
1679 3969 1872 4037 impediuntur

175 4057 311 4109 habeatur
332 4055 500 4123 lopitimum,
516 4055 573 4108 sisa
592 4072 625 4107 ea
643 4055 752 4107 duobus
770 4055 926 4119 fratribus,
952 4055 1010 4107 sios
1037 4059 1089 4111 tibi
1111 4057 1243 4125 nuptias,
1270 4053 1339 4124 quia
1365 4056 1439 4107 duas
1462 4069 1565 4107 uuoras
1583 4053 1685 4107 habam
1707 4073 1763 4109 non
1779 4061 1870 4123 potos.

175 4160 208 4196 aa
221 4136 333 4196 duobus
351 4141 510 4208 sororibus,
537 4141 594 4194 siue
619 4157 652 4193 es
669 4142 770 4207 fratre
789 4149 815 4194 et
833 4159 931 4195 sorore
950 4142 1012 4194 nati
1038 4141 1065 4214 5.
1088 4149 1127 4200 10.
1152 4141 1186 4196 ss·
1207 4159 1278 4195 usos·
1304 4148 1352 4192 tua
1376 4147 1443 4209 post
1467 4139 1617 4193 diuortium
1640 4158 1674 4194 aa
1697 4142 1756 4193 alio
1775 4140 1870 4208 filiam

176 4238 254 4298 suut,
284 4235 310 4281 st
332 4245 365 4280 ea
390 4244 422 4281 co
446 4228 625 4282 matrimonio
650 4227 732 4290 editi,
760 4227 881 4297 lepitimi
907 4236 933 4281 et
950 4228 1010 4280 suis
1034 4208 1238 4298 procreariarit
1256 4227 1442 4281 haeanonost
1461 4227 1574 4294 quidem
1589 4226 1724 4296 prioipna
1741 4234 1799 4290 tua,
1819 4229 1872 4280 ssd

175 4315 306 4385 patribus
314 4329 490 4367 successores
502 4314 666 4366 habeantur.
689 4312 811 4369 Proinde
823 4313 1010 4367 Tribonianue
1037 4316 1175 4370 Julianus
1194 4315 1230 4368 ab
1246 4313 1412 4381 hujusmodi
1428 4314 1536 4382 nuptiis
1557 4312 1694 4366 abstineri
1704 4313 1804 4366 dabore
1821 4313 1873 4369 ait.

177 4401 267 4473 legem
291 4407 312 4456 t.
332 4400 362 4456 G.
382 4399 405 4452 si
425 4405 503 4469 nupt.
530 4416 563 4455 ex
586 4417 670 4457 rescr.
688 4406 746 4470 pet.
777 4400 954 4470 interpolavit
984 4406 1012 4453 et
1038 4401 1142 4456 Paulus
1166 4400 1184 4453 l.
1214 4398 1379 4469 Adopuvus.
1403 4395 1431 4471 5
1455 4403 1479 4452 3.
1504 4397 1533 4454 ff.
1558 4399 1593 4454 de
1617 4399 1661 4452 rit.
1679 4403 1772 4468 nupt:
1791 4398 1873 4452 Idem

178 4486 262 4542 rerba
279 4485 407 4557 superius
424 4501 458 4540 ex
482 4484 512 4541 Ο.
530 4484 725 4542 Tbeodosiauo
750 4485 873 4541 adducta
890 4485 1011 4541 sustulit.
1039 4489 1115 4558 quod
1136 4487 1168 4540 in
1191 4485 1340 4539 sumtibus
1374 4485 1587 4553 oopuationibus
1617 4482 1796 4537 conmutatum
1824 4491 1873 4551 ast,

178 4572 283 4628 Paulus
302 4572 320 4626 l.
339 4573 362 4626 si
380 4579 518 4643 nepotem.
539 4577 562 4628 3.
588 4571 616 4625 ff.
636 4573 671 4627 de
690 4571 732 4626 rit.
753 4579 845 4643 nupt:
875 4573 910 4626 Si
927 4589 1011 4641 nepo·
1039 4575 1122 4627 etiam
1157 4574 1187 4625 in
1220 4573 1366 4625 seruilibus
1404 4570 1595 4637 affinitatibus
1626 4572 1794 4623 seruandum
1824 4577 1874 4639 est,

178 4668 229 4714 tem
248 4676 281 4713 ca
299 4659 361 4721 filio
391 4666 417 4711 et
440 4667 547 4729 neptem
560 4676 602 4735 *ea
621 4659 713 4713 attero
736 4659 797 4724 tilio
820 4661 851 4713 in
872 4666 1013 4729 potestate
1039 4660 1127 4714 saluti
1153 4667 1184 4712 ut
1215 4674 1290 4722 sam,
1323 4674 1395 4727 puae
1416 4659 1448 4711 in
1467 4655 1645 4710 conusbcrnio
1666 4656 1760 4724 patris
1776 4656 1874 4723 fuerit,

178 4746 304 4813 habeam
318 4745 434 4814 nuptias
453 4745 527 4799 inter
545 4763 591 4798 eos
609 4762 652 4799 nse
671 4746 733 4801 solo
753 4754 866 4801 auctora
884 4746 1015 4800 contrabi
1040 4746 1125 4815 quad
1161 4760 1312 4799 moeream
1350 4761 1407 4797 non
1435 4743 1543 4812 possim
1574 4743 1689 4805 ducere,
1724 4749 1749 4794 et
1778 4748 1877 4796 contm

174 4848 275 4902 posse,
302 4831 476 4900 Pomponius
492 4832 589 4885 cambit
609 4841 636 4884 et
652 4850 747 4886 aarum
771 4839 819 4886 cst.
858 4831 1013 4887 Antoninus
1040 4850 1110 4895 earn,
1148 4847 1220 4900 quas
1257 4831 1288 4884 in
1323 4829 1502 4884 contubernio
1529 4828 1592 4894 filii
1628 4827 1732 4895 fuerit,
1761 4835 1876 4896 patrem

178 4917 328 4987 imperator
343 4916 362 4972 l.
382 4916 547 4975 Conditioni.
566 4922 590 4971 2.
610 4917 641 4972 O.
667 4918 702 4972 de
721 4918 884 4973 institution.
903 4925 933 4972 et
948 4917 1013 4972 sub·
1040 4919 1124 4989 quasi
1147 4934 1248 4972 nurssm
1271 4933 1328 4969 non
1350 4931 1434 4985 posse
1453 4916 1568 4981 ducere,
1584 4929 1672 4982 osque
1690 4929 1740 4967 nco
1759 4921 1876 4968 matram

10 5050 12 5055 .
47 5003 330 5059 xr.s1⁸·stitntion:
360 5004 426 5058 Non
453 4999 546 5056 videri
570 5009 663 5071 potest
693 5005 744 5056 sub
770 5005 862 5074 aporia
890 4980 1119 5074 turpiumley‘us,
1134 5021 1219 5073 mam
1236 5002 1300 5070 puis
1324 5002 1355 5055 in
1379 5001 1511 5055 seruitute
1536 5015 1651 5053 uxorem
1673 4999 1769 5052 habuit
1794 4999 1879 5069 meari

177 5088 343 5158 nuptiarum
367 5088 535 5142 viduitatem
559 5089 612 5141 tibi
629 5089 780 5159 indiscissa,
811 5109 873 5144 oum
898 5098 924 5144 ta
953 5090 1014 5154 filio
1041 5107 1160 5145 socruum
1226 5086 1295 5140 bium
1340 5087 1413 5140 enim
1458 5086 1588 5153 copnatio
1626 5085 1737 5140 serviis
1775 5084 1877 5140 inteili-

178 5174 288 5230 sorors's
310 5191 378 5227 ntae
401 5175 566 5229 cormobriuo
589 5182 635 5227 tuo
651 5175 797 5243 probabili
820 5177 938 5231 canalio
955 5196 1014 5231 ma-
1041 5177 1126 5244 pitur,
1143 5189 1232 5242 miore
1251 5190 1307 5225 non
1326 5179 1352 5225 ct
1375 5171 1507 5235 affinitas
1526 5172 1726 5241 intellipaturt
1769 5172 1828 5225 Sed
1845 5171 1876 5223 iss

180 5260 312 5315 trimonia
338 5261 462 5329 junpere
494 5261 622 5316 oolrserit.
654 5258 675 5317 l.
701 5266 742 5318 ts.
771 5266 801 5316 et
823 5266 865 5317 tt.
894 5261 923 5321 ff.
952 5260 1014 5317 eod.
1041 5279 1073 5316 ra
1094 5261 1180 5314 dubia
1199 5260 1302 5313 certius
1318 5264 1344 5311 st
1362 5257 1648 5324 nonannoeane
1665 5258 1772 5326 nuptiis
1792 5257 1877 5311 obsti·

180 5344 305 5401 Marcell.
330 5351 359 5400 et
381 5345 550 5415 Papinianus
569 5347 756 5400 conditionem
780 5347 875 5412 illam,
900 5348 928 5399 si
952 5366 1014 5401 oon-
1041 5364 1116 5403 uers.
1147 5343 1175 5420 5.
1201 5353 1227 5400 t.
1259 5345 1314 5412 leg.
1342 5343 1417 5397 ead:
1447 5345 1531 5397 Nune
1548 5344 1709 5407 uideamus,
1739 5343 1879 5411 quomodo

179 5432 323 5489 sobrinam
350 5431 481 5499 duxeris,
511 5433 676 5486 hereditatis
706 5433 879 5487 institutioni
907 5431 1014 5488 usiluer
1040 5450 1162 5490 nouerca
1180 5431 1506 5503 etprisipnaetsoorus
1524 5437 1657 5484 staurus
1674 5428 1881 5498 inteltipanttsr,

233 5526 336 5569 mauu
350 5525 398 5569 loci.
418 5525 462 5569 Vll.
1516 5539 1546 5589 13
