4020 6022
201 268 263 329 218
771 259 893 319 Locus
911 254 1118 317 vtcusmus
1137 258 1306 325 QUINTUS

201 433 258 488 qua
291 432 359 472 voce
391 415 523 473 alluditur
553 416 588 471 ad
620 433 685 480 sos,
723 416 771 488 qni
802 414 830 470 in
857 412 1036 470 sublevandis
1060 431 1114 485 que
1132 414 1226 483 inniti,
1247 414 1320 470 sicut
1337 414 1436 468 domus
1465 412 1592 469 innititur
1611 408 1777 479 columnas).
1826 410 1895 467 'l'ria

203 502 334 557 maribus
351 518 448 557 manus
469 502 616 557 auxiliares
633 502 686 557 sibi
703 502 821 558 invicem
844 501 999 574 porrigunt
1060 499 1107 554 illa
1134 500 1258 572 conjugii
1284 500 1359 555 bons
1384 499 1508 555 declarat
1538 498 1676 557 Siracides
1703 514 1721 553 a
1746 496 1894 554 matrum.

237 593 296 645 122.
332 588 376 644 De
387 589 439 643 hoc
450 588 571 660 conjugii
583 586 642 643 fine
654 589 807 660 loquuntur
828 594 851 645 1.
871 588 1084 657 &misturam
1109 587 1159 639 Ubi
1180 604 1237 640 aoa
1263 594 1303 641 est
1326 594 1446 656 septum,
1481 587 1639 655 derspistur
1661 587 1813 655 possessio.
1861 584 1896 637 lu

202 676 330 739 macula,
349 674 419 729 Tob.
450 681 479 744 8,
509 693 534 728 v.
555 680 587 731 8:
617 676 660 728 Tu
674 676 777 745 festiei
794 676 889 729 Adam
912 672 1037 728 delimo
1060 669 1168 727 crasco
1201 679 1243 727 est
1278 669 1504 745 διαρραγήσεται,
1539 672 1654 741 ds's‘fluet
1688 688 1724 725 ao
1749 671 1895 725 minum

203 768 295 816 terroe
312 768 337 816 st
355 761 462 815 dedisti
480 762 507 815 ei
524 760 700 830 odjsaoriua
722 763 820 815 anm.
869 761 903 815 Iu
929 759 1037 815 Graeco
1060 757 1139 813 Sicut
1165 758 1262 813 hortus
1290 758 1443 828 sepimenta
1466 774 1563 813 carens
1585 762 1710 813 vutatru
1740 755 1847 813 aseris
1868 758 1897 811 st

202 853 245 905 est
262 845 366 917 βοηθὸν
382 844 533 921 στήριγμα,
554 848 698 902 auxiliare
717 850 934 910 tartaricorum,
959 844 1168 901 auxi-.iructus
1196 846 1257 915 ejus
1276 844 1313 899 ab
1330 844 1446 915 harpyis
1471 849 1500 899 st
1525 842 1686 899 tolliouibus
1711 843 1897 915 diripiuntur;

152 976 155 987 .
202 935 334 991 Uauiesm
352 940 381 989 et
400 934 591 990 fulcimentum
608 939 661 990 etc.
711 934 777 989 Mal.
798 941 827 1004 2,
851 952 878 987 v.
900 938 943 989 14:
974 914 1100 991 tro-leis
1121 948 1164 987 res
1182 930 1326 987 familiaris
1344 930 1509 1001 dissipatur,
1525 930 1578 984 nisi
1597 928 1695 985 sedula
1712 934 1741 985 et
1759 920 1899 984 industria

203 1022 294 1085 miuus
312 1021 479 1085 testificatus
497 1029 536 1074 est
555 1021 629 1073 inter
647 1028 672 1073 te
684 1028 709 1074 et
729 1023 802 1074 iater
814 1038 927 1075 uxorem
939 1016 1129 1077 asoto-lusor
1152 1018 1241 1074 eidem
1270 1017 1383 1088 praesit
1425 1020 1452 1073 2.
1474 1015 1527 1071 Ubi
1543 1034 1600 1071 aaa
1617 1024 1659 1070 eet
1676 1017 1794 1085 mulier,
1821 1017 1898 1085 iape-

202 1107 325 1162 sceatiae
347 1117 411 1161 tuae
433 1106 504 1174 (Deo
527 1112 640 1163 auctore
663 1106 762 1160 initum
781 1114 823 1161 eat
846 1102 1036 1160 indissolubile
1047 1090 1050 1151 ἶ
1061 1106 1155 1158 asseret
1164 1106 1362 1175 pereoriaaas,
1380 1099 1569 1177 πλανώμενος,
1589 1102 1678 1159 nescit
1695 1102 1768 1158 euim
1782 1100 1898 1172 ἅγννας,

202 1193 299 1250 foedus
329 1194 401 1249 iuter
429 1201 456 1249 te
482 1201 509 1250 et
537 1193 685 1266 conjugem
703 1198 794 1261 tuam,
826 1208 909 1262 quam
924 1172 1117 1262 juranislquo
1141 1208 1172 1246 se
1198 1191 1300 1247 debeat
1324 1194 1445 1254 vertere,
1474 1190 1519 1245 cni
1544 1206 1587 1245 res
1613 1206 1678 1244 suas
1702 1189 1804 1246 debeat
1829 1206 1896 1245 cou-

206 1280 326 1351 duxisti),
345 1298 432 1351 errare
450 1280 573 1349 ‹lespicis
592 1296 660 1343 eam,
679 1296 750 1349 quae
770 1278 936 1356 estuanti,
958 1266 1050 1339 socia!
1063 1276 1180 1332 credere.
1234 1286 1258 1333 3.
1278 1276 1351 1340 Quin
1369 1284 1398 1331 ct
1413 1285 1550 1346 perpetuo
1574 1277 1743 1345 iapemisoit,
1777 1275 1830 1332 hoc
1855 1282 1899 1331 sst

203 1374 253 1421 tua
272 1367 304 1435 (a
320 1367 380 1422 rad.
399 1368 468 1440 ’12η
490 1367 673 1434 cormaciotus,
691 1366 864 1434 eoajussctaa,
891 1364 1037 1433 copulatus
1062 1363 1164 1433 promit
1190 1363 1275 1418 altum
1307 1362 1391 1418 corde
1422 1363 1560 1429 dolorem,
1591 1380 1646 1417 uon
1672 1362 1757 1419 babet
1785 1362 1898 1418 fidelem

124 1479 132 1492 ·
198 1453 274 1523 suit,
302 1460 451 1524 usurpatur
473 1453 508 1508 de
528 1453 698 1508 connexione
716 1452 883 1507 cortiuarum
900 1451 929 1505 in
948 1449 1037 1503 taber·
1062 1448 1190 1519 amicum,
1208 1466 1289 1522 quern
1308 1466 1437 1504 curarum
1456 1465 1568 1504 suarum
1587 1448 1750 1520 participem
1767 1448 1855 1505 facim
1871 1456 1900 1505 ct

204 1539 304 1595 nacula
322 1540 408 1596 Exod.
434 1545 480 1602 26,
507 1557 533 1596 v.
553 1543 581 1607 a)
604 1548 629 1593 et
646 1556 717 1593 uror
731 1539 863 1608 saecloris
880 1538 923 1590 tui
944 1537 1277 1607 (quumconsolationcm
1311 1536 1348 1590 ab
1388 1552 1422 1592 eo
1441 1538 1589 1606 exspectet
1625 1538 1651 1587 2.
1673 1536 1792 1593 Patruus
1809 1538 1900 1593 dicta.

205 1625 359 1681 arctissimo
371 1632 399 1681 et
412 1625 599 1681 indissolubili
618 1626 731 1681 loedere
743 1626 771 1679 in
783 1628 946 1696 perpetuam
963 1622 1038 1676 ritus
1065 1622 1193 1677 Clemens
1216 1624 1365 1679 Alexandr.
1391 1622 1453 1680 libr.
1472 1629 1495 1678 2.
1515 1640 1650 1693 asportor.
1670 1639 1695 1678 c.
1726 1628 1765 1678 12.
1783 1641 1810 1693 p.
1834 1628 1899 1679 itt:

204 1712 307 1767 sociam
329 1719 357 1767 et
377 1712 406 1765 in
428 1712 597 1782 adjutorium
613 1712 666 1767 tibi
693 1710 848 1781 copulasti).
893 1710 975 1766 Pror.
997 1714 1037 1771 11,
1065 1709 1164 1761 Morbi
1183 1711 1311 1778 eorporis
1328 1710 1447 1762 mamma
1464 1708 1606 1771 iactitant,
1628 1709 1817 1763 accessorium
1841 1726 1902 1764 esre

204 1818 229 1852 v.
253 1804 296 1855 16:
325 1799 450 1853 Mulieri
479 1806 580 1867 cratae
613 1798 671 1852 sios
700 1798 843 1867 protiosae
875 1795 1038 1849 adhaerebit
1063 1795 1280 1851 matrimonium.
1325 1796 1425 1849 litoris
1452 1795 1524 1849 caim
1547 1813 1618 1848 cura
1644 1803 1670 1848 et
1699 1796 1819 1851 assidua
1837 1797 1901 1866 ejus

203 1885 307 1953 picria.
344 1902 368 1938 c.
392 1890 431 1951 12,
449 1901 475 1939 v.
496 1890 526 1939 t:
551 1885 660 1938 Mul-ier
680 1884 773 1953 sortis
795 1891 837 1939 eet
854 1900 960 1937 corona
977 1882 1039 1935 siro
1059 1882 1272 1951 perseuerantia
1310 1882 1421 1936 uidetur
1461 1882 1586 1936 aliorum
1616 1883 1839 1937 ascensoriorum
1875 1890 1902 1937 et

205 1988 264 2026 suo.
299 1988 321 2026 c.
345 1976 390 2034 14,
414 1988 438 2026 r.
460 1976 486 2024 l:
517 1968 639 2040 Sapiens
662 1971 763 2024 mrslier
778 1970 911 2033 aedificat
927 1970 1039 2022 doraum
1064 1968 1220 2023 amicorum
1247 1977 1325 2023 toato
1353 1986 1489 2040 superare
1516 1970 1712 2036 tolerantiam,
1743 1976 1848 2040 quana
1866 1985 1903 2023 er

20 2050 24 2059 '
93 2054 192 2100 ΠΜ
205 2075 294 2113 suam.
332 2075 355 2113 c.
377 2062 418 2120 18,
435 2074 461 2109 r.
480 2062 528 2111 22:
548 2056 603 2118 Qui
617 2074 732 2110 urrerem
748 2056 861 2123 iaoeait,
880 2056 979 2109 boaura
998 2056 1038 2109 ia·
1064 2061 1159 2109 mutua
1190 2055 1301 2109 siolaus
1333 2057 1512 2110 coaseasioae
1543 2064 1569 2109 et
1598 2056 1797 2111 misericordia
1823 2064 1903 2112 uate-

206 2144 279 2198 ueait
295 2142 334 2210 (in
353 2142 444 2213 prims
459 2142 584 2213 conjugii
602 2142 774 2198 institutione
786 2143 862 2197 Deus
875 2141 1041 2213 pronuntiat
1064 2141 1153 2203 cellit,
1184 2149 1210 2193 et
1241 2142 1301 2195 ruit
1326 2143 1447 2195 casatum
1476 2142 1594 2196 morirae
1618 2143 1736 2197 libeater
1764 2145 1901 2198 assidere.

206 2219 262 2280 :itt
283 2213 335 2291 125,
357 2247 411 2282 aoa
430 2236 469 2283 cst
487 2229 595 2293 boaura,
614 2229 749 2284 homiaem
770 2246 828 2283 esse
848 2229 953 2295 solum,
975 2227 1040 2282 inde
1066 2230 1104 2281 Et
1130 2244 1229 2281 revera
1259 2245 1294 2283 ea
1315 2229 1483 2300 scripturae
1513 2230 1649 2305 scopatio
1674 2238 1716 2284 est
1740 2232 1904 2285 »remearis

205 2315 377 2371 econtrario
402 2331 485 2369 sensu
509 2332 556 2370 rex
577 2314 687 2385 sapiens
706 2314 803 2371 infert:
836 2314 892 2377 Qui
914 2332 980 2382 erpo
999 2317 1037 2368 ia·
1064 2316 1201 2383 adjsarir.
1253 2314 1465 2386 chrysostomus
1493 2315 1585 2371 homil.
1619 2321 1660 2371 20.
1692 2315 1721 2370 in
1750 2316 1831 2387 epist.
1863 2318 1902 2373 ad

206 2400 279 2454 oeait
296 2418 418 2469 uaorera
437 2402 542 2455 iaooait
561 2392 628 2466 3112,
657 2402 775 2469 boacas)
798 2410 824 2455 et
849 2403 945 2455 educet
963 2401 1039 2455 berse·
1064 2400 1166 2472 Ephes.
1187 2418 1299 2457 uxorem
1319 2401 1442 2473 appeUst
1462 2401 1550 2470 αιίσης
1568 2402 1742 2475 εὐφροσύνης
1754 2401 1902 2460 ὑπόθεσιν.

203 2486 354 2541 volentiam
372 2505 392 2540 o
409 2490 542 2555 Domino,
559 2487 642 2542 LXX
661 2485 691 2551 ὃς
702 2476 763 2563 εἶρε
776 2494 895 2559 γυναῖκα
906 2486 1039 2558 (ἀγαθήν,
1064 2486 1256 2544 Nazianzenus
1273 2488 1302 2543 in
1322 2504 1404 2543 cerm.
1425 2488 1459 2543 de
1479 2489 1645 2561 conjugibus
1662 2489 1766 2561 inquit:

201 2573 338 2642 χρηστήν)
364 2563 424 2651 εὗρε
447 2572 571 2649 χάριτας,
597 2574 694 2643 ἔλαβεν
715 2575 744 2629 tt
764 2571 837 2646 acori
858 2580 953 2647 κυρίου
978 2577 1039 2627 llu-
1112 2572 1250 2642 Ἀλλήλοις
1267 2575 1296 2628 tt
1312 2579 1393 2649 χέρες
1411 2579 1455 2629 καὶ
1475 2573 1562 2630 οὔατα
1582 2581 1627 2629 καὶ
1645 2575 1727 2637 πόσις
1746 2576 1842 2645 tapes,

205 2658 302 2735 ρόῐητα
324 2658 446 2731 (Aquila,
459 2659 642 2732 Symmachus
663 2665 691 2715 st
703 2658 878 2715 Theodotion
892 2659 1036 2727 εὐδικίαν)
1116 2652 1201 2719 ΞΜ
1223 2666 1269 2714 καὶ
1288 2663 1442 2729 arisidium
1464 2662 1659 2734 ἓλαφρίζαυαιν
1678 2660 1765 2723 ἀνίας.

205 2744 344 2801 Lutherus
370 2760 396 2801 er
423 2748 531 2817 {stipiti
550 2748 638 2816 &tara
668 2755 729 2801 toas
749 2747 844 2813 bata.
890 2746 965 2800 Deus
984 2762 1039 2800 nou
1064 2744 1138 2802 vise
1154 2747 1247 2801 locum
1261 2747 1399 2819 integrum
1417 2749 1544 2819 superius
1563 2749 1592 2802 in
1606 2764 1728 2819 prooem.
1748 2745 1779 2825 ξ.
1797 2754 1821 2804 5.
1842 2748 1902 2805 Au·

205 2831 294 2887 solum
317 2831 437 2887 instituit
460 2833 633 2905 conjugium,
665 2831 714 2887 sed
738 2832 828 2886 cidem
853 2832 937 2888 etiam
957 2832 1039 2887 bene·
1064 2834 1191 2904 grsainus
1221 2834 1267 2889 lib.
1299 2840 1323 2889 9.
1347 2834 1383 2889 de
1400 2833 1470 2891 Gen.
1502 2835 1538 2890 ad
1566 2836 1605 2890 lit.
1631 2853 1654 2889 c.
1682 2841 1704 2890 7.
1731 2835 1803 2891 inter
1828 2836 1905 2891 bona

206 2918 289 2986 dixit,
319 2934 386 2990 argo
410 2919 456 2991 qui
483 2920 583 2974 bonam
601 2918 748 2990 conjugem
775 2917 895 2987 invenit,
928 2917 1039 2973 bencdi-
1065 2920 1189 2991 conjugii
1207 2926 1334 2976 numerat
1350 2922 1444 2987 fidem,
1462 2922 1514 2977 hoc
1533 2928 1575 2977 est
1595 2928 1719 2977 mutuam
1736 2921 1903 2978 fidelitatem

206 3005 326 3060 ctionem
344 3022 361 3060 a
380 3006 441 3061 Deo
461 3006 570 3077 accipit.
612 3005 688 3061 Uxor
707 3021 739 3058 ex
759 3003 851 3079 diripe
869 3004 1040 3060 institutione
1066 3014 1094 3061 et
1123 3007 1302 3061 arctissimum
1328 3008 1486 3074 amicitiam,
1515 3026 1596 3080 quam
1627 3010 1760 3081 conjuges
1787 3008 1841 3065 sibi
1859 3010 1902 3064 iu·

206 3096 249 3147 ast
268 3092 343 3146 ritae
363 3092 439 3147 socia
457 3108 490 3147 ac
508 3108 629 3158 consors,
649 3090 696 3160 qui
717 3106 783 3163 ergo
803 3107 915 3146 uxorem
927 3090 1040 3159 invenit,
1065 3093 1152 3149 vicem
1173 3094 1282 3149 debent.
1322 3094 1356 3148 Si
1375 3096 1447 3147 caira
1461 3097 1537 3165 fides
1554 3096 1635 3162 obsit,
1651 3095 1742 3166 inquit
1762 3095 1903 3152 liutherus

205 3178 290 3234 fidum
311 3180 478 3252 adjutorium
500 3186 528 3233 et
546 3177 682 3249 optimum
696 3177 816 3233 amicum
830 3177 941 3233 invenit.
956 3194 979 3231 c.
996 3182 1036 3242 31,
1066 3179 1094 3233 in
1113 3196 1137 3233 c.
1160 3185 1199 3234 12.
1216 3178 1317 3235 Genea.
1343 3198 1484 3249 rraaqrmm
1512 3182 1668 3235 corriesoeat
1694 3182 1798 3249 aaimi,
1830 3201 1900 3237 aua·
1916 3202 1959 3245 xv,
1989 3212 2005 3237 ι.

206 3285 232 3322 v.
253 3272 297 3321 10:
329 3267 479 3321 Mulierem
504 3268 608 3327 fortem
637 3265 699 3333 arsis
727 3265 861 3331 r'aosaiet,
886 3266 995 3317 arctoas
1021 3282 1041 3317 a
1066 3283 1149 3336 aram
1182 3268 1314 3321 amabunt
1346 3284 1409 3320 vere
1442 3268 1514 3320 inter
1544 3284 1588 3335 se,
1623 3269 1693 3323 ailsii
1727 3277 1819 3324 autera
1855 3271 1903 3323 hic

207 3353 371 3421 marparitis
395 3353 518 3422 pretirsm
538 3352 615 3421 ejrrs;
636 3368 662 3405 v.
685 3356 725 3405 11.
752 3351 873 3404 consistit
891 3353 919 3404 ia
939 3368 972 3405 ea
992 3368 1041 3404 cor
1066 3354 1186 3406 muudus
1221 3353 1275 3407 irae
1307 3354 1468 3407 arrimarum
1499 3355 1694 3424 conjunctione
1725 3355 1808 3409 labet
1834 3357 1905 3426 pul·

207 3438 306 3491 mariti
327 3447 351 3491 et
372 3438 473 3509 spoliis
491 3458 547 3491 aaa
566 3437 702 3506 iadipebit
720 3447 771 3492 etc.
819 3436 895 3491 Eccl.
917 3444 947 3503 l,
964 3455 989 3491 v.
1009 3442 1039 3492 9:
1067 3440 1168 3495 atrias.
1207 3442 1235 3496 3.
1260 3440 1343 3493 sss-ris
1371 3441 1491 3493 decretu.
1540 3438 1608 3495 Inst.
1639 3441 1674 3496 da
1702 3448 1773 3511 patr.
1801 3447 1905 3513 potest.

209 3524 346 3579 Meliores
365 3531 429 3577 auat
449 3526 505 3578 cluo
526 3540 607 3593 perora
626 3540 705 3585 ιιιιιια,
735 3523 802 3593 arria
819 3531 860 3576 est
878 3524 918 3576 eis
936 3541 1041 3577 merces
1067 3522 1094 3600 ξ.
1121 3530 1150 3581 2:
1186 3525 1310 3593 Nuptiae
1334 3533 1398 3579 suat
1416 3526 1474 3579 oiri
1492 3533 1517 3580 et
1537 3527 1663 3581 msslieris
1680 3529 1841 3597 coajuartio
1858 3530 1904 3583 iss·

207 3612 279 3664 ioao
302 3611 332 3663 ia
355 3611 453 3664 labore
486 3626 600 3675 eorum,-
631 3627 656 3663 v.
690 3614 730 3663 10.
760 3609 787 3661 si
812 3609 944 3662 ceciderit
961 3628 1041 3678 rearis,
1067 3611 1213 3665 diridrsam
1240 3612 1313 3664 uitae
1341 3614 1567 3666 coasuetudiaem
1596 3614 1745 3669 coatiaeas.
1793 3614 1813 3669 l.
1840 3616 1904 3673 Nu-

206 3704 284 3750 siare
300 3698 389 3761 facist
406 3697 511 3750 socium
530 3714 626 3765 saum
658 3712 710 3749 aaa
728 3696 792 3759 sai,
818 3712 881 3748 eura
909 3696 1041 3751 ceciderit
1065 3698 1149 3769 ptiae.
1177 3697 1248 3752 aff.
1268 3697 1366 3752 derit.
1386 3704 1480 3769 nupt:
1508 3700 1634 3772 Nuptiae
1659 3709 1723 3755 suat
1740 3704 1903 3772 conjunctio

207 3791 234 3837 et
251 3803 307 3838 aaa
325 3785 378 3839 erit
398 3786 536 3838 teoraciae
563 3784 604 3836 ad
619 3783 820 3836 arrdleaaasiaas
840 3799 919 3850 erras,·
948 3801 973 3837 v.
1001 3788 1039 3839 11.
1065 3786 1154 3839 maris
1181 3785 1360 3852 tiferninus,
1393 3787 1565 3839 eoas-ortium
1583 3788 1672 3842 oraais
1690 3788 1778 3857 vitae,
1810 3790 1905 3845 divini

208 3870 291 3924 etiosa
309 3871 336 3923 si
354 3872 520 3925 dormierint
540 3873 605 3939 risco,
636 3878 662 3923 et
681 3870 761 3923 calor
778 3869 817 3923 cis
840 3870 902 3933 erit,
930 3877 956 3922 et
973 3888 1039 3940 ‹puo-
1066 3880 1091 3925 et
1109 3871 1225 3925 bumaai
1235 3872 1313 3940 juris
1333 3873 1555 3929 communicatio.
1575 3873 1593 3928 l.
1617 3875 1752 3928 (edomare
1771 3880 1795 3931 4.
1812 3875 1844 3933 U.
1864 3878 1903 3933 dc

209 3958 290 4011 modo
311 3957 363 4010 rasi
380 3958 433 4011 erit
445 3958 548 4012 calori
561 3955 734 4011 liescribitur
744 3955 903 4026 parabolice
914 3964 1040 4012 mutuum
1066 3958 1142 4012 crim.
1173 3957 1254 4028 expil.
1284 3957 1392 4013 hesed:
1429 3959 1502 4013 Uror
1533 3960 1609 4013 socio
1640 3960 1685 4014 rei
1709 3960 1848 4017 burrsaaue
1864 3982 1903 4018 ac

206 4043 276 4101 illud
299 4042 454 4097 subsidium
479 4048 508 4097 et
531 4042 676 4111 auxilium,
705 4041 778 4112 qnod
810 4041 836 4095 in
857 4044 995 4114 prosperis
1013 4050 1041 4100 at
1066 4045 1179 4098 diuisas
1201 4045 1300 4097 ciamus
1323 4044 1483 4115 recepitur.
1532 4050 1554 4100 i.
1577 4046 1727 4101 Saniorum
1752 4050 1904 4116 partilium

207 4129 328 4185 adversis
356 4135 452 4184 mutuo
482 4128 535 4183 sibi
564 4129 698 4200 conjuges
730 4133 874 4198 praestant
905 4127 991 4184 Siras.
1017 4136 1040 4194 ¹1,
1061 4131 1263 4201 proarratiata:
1283 4129 1446 4185 Aristoteles
1465 4130 1513 4185 lib.
1533 4136 1555 4186 2.
1576 4131 1656 4187 ethic.
1684 4133 1719 4187 ad
1739 4133 1902 4193 Nicomach.

206 4236 231 4274 v.
250 4222 296 4273 21:
320 4215 425 4271 Gratia
444 4216 571 4270 mulieris
590 4214 728 4287 sapientis
745 4223 771 4267 et
792 4215 879 4269 boaae
899 4224 1040 4286 estsuper
1065 4233 1090 4272 c.
1120 4222 1164 4271 14:
1193 4218 1328 4271 Haasiruts
1353 4233 1408 4269 aoa
1435 4216 1539 4270 sobolis
1562 4224 1668 4271 tautum
1690 4223 1903 4293 procreandae,
1960 4242 1964 4253 ·

207 4322 315 4357 aurum.
354 4320 414 4374 cap.
435 4308 476 4369 26,
493 4320 517 4357 v.
540 4308 569 4358 1:
587 4301 722 4356 Mulieris
740 4302 826 4355 boaaa
844 4303 939 4356 beatus
953 4304 995 4356 rir
1015 4312 1040 4357 et
1066 4305 1118 4356 seri
1134 4321 1229 4356 rerum
1247 4303 1346 4369 etiam,
1373 4320 1445 4371 quac
1465 4304 1506 4356 ari
1522 4304 1608 4356 stram
1626 4314 1767 4374 spectant,
1787 4326 1904 4378 compa·

209 4407 336 4445 aremerus
361 4391 472 4443 dicrum
494 4389 573 4442 illias
597 4387 719 4456 duples;
746 4405 769 4440 v.
788 4392 810 4441 2.
840 4388 939 4443 asrrlier
949 4391 1041 4458 fortis
1066 4391 1224 4443 ruariorum
1251 4406 1337 4442 casua
1359 4389 1531 4453 cohabitaat,
1561 4390 1690 4444 roatiauo
1714 4393 1785 4445 caiae
1806 4394 1905 4451 ἀίαίεα

208 4477 326 4531 oblectat
343 4476 434 4529 virum
453 4482 575 4529 suamet
594 4473 1040 4545 aaaosvitasejasimpleditia
1066 4484 1129 4531 suat
1153 4476 1227 4530 iatcr
1251 4476 1329 4545 ipsos
1353 4475 1469 4543 officio,
1499 4476 1559 4529 alia
1585 4478 1641 4529 siri
1660 4486 1688 4532 et
1711 4479 1771 4534 alio
1795 4482 1906 4549 ιιαονὲι,

208 4580 286 4634 paee.
304 4582 328 4616 u¹
344 4570 367 4619 3.
388 4563 497 4624 stratur
505 4562 577 4615 ioaa
587 4578 656 4629 pars
667 4560 738 4614 boaa
750 4560 781 4613 ia
789 4570 876 4629 parte
889 4563 1040 4617 timeatiura
1066 4561 1172 4631 sibique
1190 4569 1283 4615 mutrro
1302 4561 1492 4629 opitulantur,
1524 4579 1596 4632 pisae
1612 4565 1736 4635 propria
1762 4574 1840 4631 ruat,
1874 4570 1906 4625 ia

210 4651 361 4703 lloasiaura
381 4649 504 4703 clabitur.
541 4663 565 4703 a.
584 4652 626 4715 ³6,
645 4664 671 4703 v.
689 4651 734 4702 26:
762 4648 817 4709 Qui
829 4648 960 4718 possidet
983 4667 1040 4703 mu·
1066 4666 1207 4704 comrauae
1232 4647 1442 4715 constituentes,
1474 4654 1558 4717 atque
1585 4650 1618 4702 ob
1645 4650 1678 4703 id
1695 4658 1722 4704 et
1737 4651 1856 4722 rrtils'tas,
1877 4664 1906 4710 et

208 4736 317 4803 liorem,
347 4737 442 4806 primo
470 4732 609 4806 ἔν’ἅρχεναι
643 4732 773 4803 κτήσεως,
801 4734 912 4788 iaolsoat
932 4752 1041 4805 posses·
1060 4735 1228 4806 jrscuaditas
1247 4735 1276 4787 ia
1294 4735 1347 4788 isac
1365 4733 1492 4787 amicitia
1513 4751 1572 4789 asse
1590 4735 1717 4807 uitiatur,
1736 4755 1795 4793 asso
1814 4741 1906 4795 etiam

207 4824 312 4877 sioaem
337 4822 374 4888 (id
403 4826 445 4877 ost
469 4819 569 4892 incipit
592 4836 685 4875 rerum
709 4819 842 4877 rationem
871 4822 978 4893 ingredi
996 4839 1040 4877 ae·
1062 4831 1157 4895 posset
1184 4823 1217 4873 ab
1236 4821 1379 4889 virtatem,
1406 4821 1433 4874 si
1448 4822 1534 4890 proti
1549 4830 1647 4877 esraa.
1692 4824 1771 4880 Idem
1788 4826 1817 4881 irs
1837 4826 1905 4886 rhe-

208 4910 374 4981 quirendae,
400 4909 544 4981 augendae
563 4915 591 4963 et
607 4909 810 4964 conservandae
829 4908 868 4963 rei
888 4908 1039 4978 familiaris,
1065 4908 1144 4963 toric.
1166 4906 1342 4979 pronuntiat,
1367 4924 1425 4975 eos,
1449 4908 1549 4977 ριιὶὂιια
1571 4908 1675 4970 infelix
1692 4913 1906 4971 raatrimoas'sm

210 4995 276 5067 quia
289 5013 358 5049 sinor
370 4995 447 5048 novit
464 4996 503 5050 rei
520 4994 687 5051 domesticae
700 4994 859 5065 prospicere
877 4999 906 5048 et
918 4994 1040 5050 studiose
1051 5064 1054 5073 .
1066 4994 1195 5063 conticit,
1216 5009 1309 5064 paene
1338 4993 1406 5063 plus
1424 5000 1507 5063 quam
1525 4995 1648 5048 dimidio
1663 4997 1814 5061 felicitatis
1830 5018 1905 5057 suos

211 5098 246 5137 ea
270 5098 447 5149 consumare,
479 5099 550 5153 quae
575 5080 691 5136 maritus
713 5098 816 5153 magno
835 5079 929 5135 labore
946 5081 1039 5151 acqui·
1053 5142 1055 5147 ¹
1065 5088 1149 5151 parto
1169 5096 1229 5134 esse
1242 5080 1381 5149 pacator.
1419 5080 1567 5152 Euripides
1587 5080 1622 5137 de
1639 5082 1790 5138 commodis
1814 5084 1905 5144 boue·

208 5168 286 5225 sivit.
307 5168 337 5222 id
354 5168 428 5238 quod
448 5168 577 5224 Proverb.
594 5174 644 5238 3¹,
671 5186 697 5221 v.
721 5173 758 5223 13.
785 5167 842 5222 late
862 5166 1124 5235 declaratur);'stae
1157 5165 1284 5238 conjugis
1316 5166 1419 5239 inquit:
1464 5168 1538 5222 Uror
1567 5169 1670 5224 marito
1699 5170 1729 5223 ia
1759 5170 1844 5225 arulis
1876 5184 1906 5229 et

208 5254 329 5312 secundo
349 5253 434 5308 habet
451 5254 555 5322 βοηθὸν
566 5254 633 5309 sarri
653 5251 746 5321 αὐτὸν,
758 5250 851 5322 fissio·
866 5254 1040 5323 arijutorium
1053 5238 1170 5329 {morbis
1192 5253 1360 5307 macariae
1393 5261 1448 5321 est,
1474 5256 1585 5308 doraum
1612 5256 1640 5308 si
1660 5264 1734 5310 recte
1754 5257 1905 5328 inhabitet,

206 5341 291 5413 (quod
316 5341 472 5395 desumtum
501 5348 542 5395 est
566 5357 599 5396 ex
628 5340 728 5397 Genea.
758 5345 786 5404 2,
815 5358 840 5393 r.
864 5340 932 5406 18.);
959 5339 1138 5409 tertioiram
1162 5340 1271 5408 mitiput
1296 5348 1321 5393 et
1338 5358 1357 5393 a
1375 5340 1492 5394 tristitia
1513 5341 1637 5395 animum
1655 5344 1763 5398 sturm.
1811 5343 1904 5417 Apud

207 5426 291 5484 habet
308 5425 411 5482 στύλον
430 5424 624 5493 ἀναπαύσεως,
650 5426 809 5481 oolamaam
835 5426 950 5496 quietis,
978 5416 1190 5494 (hoctethnicos
1217 5425 1282 5481 nori
1307 5428 1440 5499 conjuges
1461 5425 1646 5483 vescebantur
1670 5429 1751 5486 simul
1771 5434 1904 5501 cassia,

207 5520 250 5569 est
267 5512 353 5569 fidum
372 5512 502 5581 amicum,
532 5513 577 5567 cui
597 5517 658 5566 tuto
674 5510 812 5567 confidere
829 5517 921 5583 potest
938 5512 1040 5568 cidem·
1052 5512 1054 5545 ³
1065 5519 1097 5568 ut
1114 5512 1230 5568 sociatas
1250 5512 1279 5566 in
1295 5512 1419 5567 adversis
1437 5512 1679 5573 demonstraretur.
