4020 6022
184 319 224 375 58
767 312 890 371 LOCUS
909 310 1114 371 VIGESIMUS
1132 311 1302 375 QUINTUS

184 479 218 518 ex
232 465 297 535 jure
314 465 416 531 divim,
432 466 553 522 naturali
572 467 692 523 sensili
710 473 833 524 noemam
850 451 1122 536 sententiamljugio
1159 465 1188 519 in
1227 482 1336 535 genere.
1387 467 1515 537 Denique
1545 465 1695 536 requiritur
1731 480 1885 521 consensus

184 550 375 606 confirmatam
395 552 461 606 dare
479 552 631 622 possimus,
656 553 680 606 si
697 553 742 608 vel
760 552 880 608 maxime
897 553 932 608 de
946 551 1017 622 juris
1043 551 1194 604 secundum
1217 551 1292 618 lapse
1314 552 1372 606 sire
1391 554 1550 624 legitimus,
1567 555 1627 623 jam
1647 569 1711 609 vero
1731 568 1885 607 consensus

183 636 309 691 canonici
343 637 523 708 dispositione
555 638 694 708 quaedam
723 639 845 709 supersit
872 637 1018 694 dubitatio.
1043 633 1193 691 liberorum
1228 637 1377 694 destitutus
1407 655 1544 694 consensu
1574 644 1721 708 parentum
1751 654 1809 692 non
1841 643 1886 692 est

184 727 209 778 2.
229 721 260 778 C.
279 739 343 777 cnm
363 723 453 778 virum
471 741 497 779 n
515 723 551 779 de
569 724 746 795 regularibus
758 732 811 781 etc.
830 742 886 783 noa
897 721 1020 780 excludit
1044 721 1195 775 seeundum
1213 723 1290 794 leges
1307 724 1365 778 sire
1384 724 1533 796 legitimus
1571 730 1596 781 t.
1615 740 1640 779 c.
1662 724 1733 779 Cum
1750 740 1840 779 causa
1856 742 1883 778 x

183 809 293 877 paterni
320 825 468 864 murentur
496 809 705 875 neomsitatem,
731 811 843 881 qnando
865 812 962 878 filiam
988 809 1019 862 ia
1044 804 1080 861 da
1096 813 1167 876 rapt
1193 807 1241 862 ubi
1260 810 1469 864 matrimonium
1492 810 1644 864 liberorum
1669 811 1775 864 dicitur
1794 811 1884 864 rubri·

183 894 381 948 contrahendis
398 895 506 963 nuptiis
533 896 651 950 liberum
674 895 777 950 babere
803 896 952 950 arbitrium
967 911 1018 948 nec
1044 898 1130 961 aare,
1155 894 1266 948 etiamsi
1276 905 1410 964 parenetes
1428 896 1620 951 reclamarint.
1655 895 1885 965 Respondemus:

183 979 247 1046 copi
264 987 412 1046 parentum
431 981 602 1037 balaanan
618 982 699 1051 sequi
714 986 831 1046 meent,
856 982 923 1052 quia
944 981 1019 1035 idem
1048 976 1181 1033 Parentes
1210 996 1266 1034 non
1295 987 1486 1051 proponuntur
1515 981 1715 1037 contradixisse
1741 981 1886 1051 conjugio,

183 1062 265 1132 plane
278 1065 343 1134 jure
360 1059 444 1120 etiam
462 1065 537 1120 cirili
559 1065 685 1132 obtinet,
713 1067 817 1138 quippe
841 1067 870 1122 in
888 1084 945 1138 quo
964 1065 1019 1120 dis·
1044 1063 1094 1117 sod
1111 1065 1204 1134 raptui
1223 1071 1252 1119 et
1268 1065 1445 1132 abductioni,
1472 1065 1501 1121 in
1520 1067 1606 1122 dubio
1624 1067 1710 1138 igitur
1727 1065 1885 1136 praesumi·

182 1149 303 1218 ponitur,
331 1152 468 1220 conjupia
493 1153 595 1206 debere
621 1170 680 1207 csse
709 1154 808 1221 libero,
835 1152 1019 1210 1.1u.c.de
1044 1154 1098 1217 tur,
1114 1165 1278 1204 consensum
1302 1157 1448 1221 parentum
1476 1151 1662 1208 intervenisse.
1701 1152 1761 1206 Alii
1777 1151 1885 1218 dicunt,

182 1242 260 1305 nupt
287 1236 305 1292 l.
330 1236 406 1292 'Iitia
430 1235 461 1292 ff.
485 1237 521 1293 de
544 1237 580 1295 V.
603 1237 666 1294 Obl.
691 1243 720 1295 et
742 1245 836 1295 tamen
854 1254 1018 1294 consensum
1046 1234 1672 1308 capitulumloquideparentibns,quilideros
1680 1237 1884 1291 nesbabents'n

183 1326 328 1389 parentum
363 1322 412 1377 illo
438 1323 504 1393 jure
533 1330 667 1396 tanquam
696 1324 883 1380 necessarium
914 1324 1018 1395 requiri
1041 1328 1179 1388 potestate
1185 1342 1197 1391 ,·
1216 1339 1310 1376 rursus
1329 1323 1376 1377 alii
1396 1327 1525 1391 censent,
1554 1322 1744 1395 quaestionem
1763 1322 1803 1377 ibi
1822 1338 1885 1378 essa

183 1411 304 1475 constat,
331 1407 460 1463 nimirum
487 1409 601 1465 libertas
632 1408 750 1466 tiliorum
777 1411 807 1464 in
834 1410 1017 1466 matrimoniis
1046 1405 1081 1461 de
1112 1423 1146 1461 oo
1175 1423 1258 1476 casu,
1286 1411 1399 1477 quanda
1428 1409 1532 1486 copula
1562 1409 1689 1464 carnalis
1717 1408 1883 1476 interuenit,-

183 1491 378 1548 contrabendis
396 1511 452 1549 non
463 1502 506 1550 est
518 1494 650 1560 absoluta,
671 1496 721 1551 sed
739 1497 848 1566 paterni
866 1511 1017 1551 cousensus
1046 1490 1193 1547 Duarenus
1210 1494 1374 1564 respondet,
1392 1495 1548 1573 capitulam
1566 1497 1642 1550 iilud
1658 1513 1715 1549 nos
1733 1510 1793 1549 esse
1811 1493 1884 1549 satis

185 1577 319 1634 limitibus
339 1581 558 1653 circumscripta,
582 1583 655 1638 sicut
672 1583 763 1654 patria
782 1588 904 1653 potestas
923 1582 1019 1638 itidem
1044 1578 1151 1645 iudum
1179 1587 1206 1632 tt
1233 1597 1368 1648 aequum
1394 1580 1601 1651 Oldandorpius
1629 1580 1713 1648 dicit,
1743 1579 1821 1650 quod
1847 1578 1885 1634 sit

184 1680 241 1718 non
259 1669 302 1720 est
319 1666 456 1733 absolute,
475 1675 508 1724 ut
525 1668 562 1722 ad
580 1669 783 1724 matrimonium
801 1668 903 1724 liberos
920 1684 1020 1739 cogere
1045 1664 1171 1732 impium.
1203 1671 1227 1722 3.
1248 1683 1274 1722 c.
1292 1683 1355 1722 cum
1372 1666 1447 1737 apud
1467 1673 1510 1723 23.
1529 1685 1548 1722 x
1568 1666 1604 1721 de
1621 1681 1713 1736 spons.
1734 1665 1784 1720 nbi
1800 1665 1884 1721 iuno·

184 1750 280 1819 possit
297 1751 358 1806 Alii
366 1754 581 1823 respondentia
594 1754 642 1811 illo
652 1755 774 1826 capitulo
787 1771 843 1809 uon
855 1753 902 1824 agi
914 1754 950 1808 de
963 1769 1019 1808 ms·
1045 1749 1152 1803 candus
1170 1750 1254 1806 dicit:
1280 1751 1416 1821 Sufficiat
1439 1755 1481 1806 ad
1497 1753 1703 1807 matrimonium
1722 1753 1800 1806 solus
1818 1769 1884 1805 con·

184 1835 313 1891 trimonio
330 1838 529 1902 conuehendo,
546 1840 641 1896 sedda
658 1839 831 1911 professione
848 1839 1019 1895 monastices
1045 1851 1143 1888 somus
1161 1837 1292 1904 illorum,
1315 1841 1351 1892 de
1371 1855 1490 1907 quorum
1507 1855 1659 1908 queramus
1677 1837 1883 1908 conjunctioni-

185 1926 210 1976 3.
238 1921 403 1978 Ambrosius
435 1925 598 1982 electionem
635 1926 727 1981 mariti
756 1924 832 1981 filisa
859 1925 1021 1996 relinquens
1047 1921 1096 1974 bus
1114 1923 1217 1989 abitur.
1254 1921 1479 1994 Respondemus:
1497 1923 1789 1996 particulaexclusivs
1802 1923 1883 1978 solus

185 2004 301 2061 liberam
319 2007 416 2066 itidem
434 2009 487 2066 boc
506 2009 638 2082 intelligit
662 2009 699 2065 de
721 2009 852 2066 libertate
867 2027 931 2066 cum
949 2010 1020 2065 limi·
1045 2024 1101 2061 non
1129 2012 1172 2062 est
1197 2008 1324 2064 absolute
1353 2015 1382 2064 et
1414 2010 1575 2080 simpliciter
1602 2009 1780 2081 accipienda,
1812 2009 1882 2067 alias

185 2090 259 2146 tibus
281 2091 310 2146 in
326 2093 412 2150 verbo
428 2094 483 2152 Dei
506 2095 685 2166 praescriptis
710 2098 896 2166 congruente,
918 2095 1020 2152 diserte
1046 2093 1130 2148 etiam
1150 2094 1179 2149 in
1197 2095 1332 2165 gradibus
1349 2094 1495 2167 prohibitis
1510 2096 1685 2151 matrimonia
1693 2113 1751 2166 -psr
1766 2113 1882 2152 consen·

85 2177 259 2232 urmesnim
285 2178 378 2235 addit:
413 2181 449 2236 st
472 2181 613 2235 bominem
636 2189 766 2237 amarent
794 2181 873 2247 tiliae
903 2190 1019 2250 uestras,
1046 2197 1107 2234 sum
1124 2180 1345 2236 contrahentium
1361 2181 1459 2237 fierent
1475 2188 1544 2246 rata,
1564 2182 1612 2237 sed
1628 2169 1804 2252 pro'ratione
1817 2181 1881 2237 sub-

184 2279 238 2333 psr
261 2264 351 2332 lepsm
371 2274 489 2336 possent
513 2267 631 2334 sliqcre,
655 2283 737 2336 quem
759 2267 870 2324 uellent.
915 2267 1020 2330 Quibus
1042 2265 1136 2336 jactae
1154 2266 1285 2321 materiae
1301 2267 1475 2336 explicanda
1513 2267 1645 2332 Quaestio
1665 2267 1880 2338 proponebatur,

185 2351 273 2417 ipitur
299 2351 436 2406 bominem
473 2352 576 2422 elipsrs
605 2353 684 2419 licet,
722 2355 815 2408 Deum
844 2372 901 2408 non
933 2353 1021 2408 lieet!
1046 2366 1083 2405 an
1100 2351 1136 2405 ad
1154 2352 1357 2408 matrimonium
1375 2352 1574 2424 perficiendum
1590 2353 1768 2425 requirantur
1786 2354 1881 2418 verbs,

184 2435 266 2492 Certe
294 2437 436 2507 apostolus
472 2445 495 2495 1.
522 2438 585 2495 Cor.
611 2445 642 2508 t,
673 2454 699 2493 r.
725 2443 767 2493 37.
789 2438 898 2509 parenti
922 2438 1021 2495 tribuit
1046 2437 1082 2490 ad
1099 2436 1175 2493 illam
1194 2436 1280 2508 igitur
1300 2438 1441 2509 responsio
1459 2439 1704 2509 accommodanda,
1721 2439 1881 2510 quodecili·

184 2522 314 2585 teneatur
335 2527 400 2599 περὶ
422 2524 566 2579 raritates
592 2522 747 2596 θελήματος
772 2531 866 2597 τηρεῖν
887 2525 938 2591 τὴν
956 2526 1019 2580 tan·
1046 2528 1091 2577 cet
1107 2523 1183 2580 solus
1209 2540 1359 2580 consensus
1382 2525 1490 2596 absque
1508 2525 1599 2581 verbis
1622 2525 1659 2580 ad
1675 2526 1881 2583 matrimonium

186 2609 233 2660 rari
253 2611 396 2681 παρθένον
413 2605 429 2675 ἢ
446 2608 720 2682 ταῦιηνέκγαμίζειν.
748 2616 773 2666 a
793 2609 926 2674 Quemvis
946 2611 1019 2666 idem
1047 2607 1178 2665 sufficiat.
1218 2608 1337 2665 Gentilis
1357 2609 1417 2666 libr.
1436 2617 1461 2668 4.
1491 2611 1527 2666 de
1545 2618 1624 2681 nupt.
1644 2628 1706 2681 cap.
1725 2617 1751 2668 4.
1769 2628 1881 2683 respon·

184 2692 347 2748 ambrosius
366 2692 517 2749 sisinninm
538 2694 640 2760 laudet,
660 2696 736 2766 quod
752 2696 864 2766 culpam
882 2696 1021 2767 ignoverit
1047 2695 1108 2758 det,
1139 2694 1306 2749 exclusivum
1323 2697 1365 2749 ibi
1391 2698 1498 2766 opponi
1521 2697 1665 2752 dotalibus
1690 2698 1882 2752 instrumenta

184 2777 325 2848 filio,‘qui
341 2778 448 2850 absque
466 2782 527 2850 ejus
549 2797 686 2836 consensu
705 2781 817 2852 nuptias
836 2788 1019 2848 commueret,
1041 2797 1164 2849 pompae
1190 2781 1302 2834 statiis
1327 2781 1496 2840 rotensibus.
1534 2788 1560 2837 4.
1584 2800 1608 2837 e.
1634 2781 1767 2839 Veniens.
1796 2788 1836 2838 13.
1854 2798 1880 2837 x.

183 2870 277 2919 tamen
302 2879 357 2918 non
376 2864 475 2938 laudat
497 2882 550 2921 nec
570 2873 661 2922 ratum
684 2866 770 2923 habet
794 2866 864 2923 illud
881 2869 1019 2924 matrimo-
1046 2865 1088 2920 tit
1105 2865 1166 2921 eod.
1186 2865 1235 2920 ubi
1254 2867 1402 2934 statuitur,
1425 2867 1554 2936 nuptias,
1580 2868 1609 2920 in
1633 2885 1703 2935 quas
1719 2876 1805 2936 petar
1818 2885 1881 2923 eon·

183 2948 260 3004 nium
285 2955 418 3020 tanquam
437 2949 607 3022 legitimum,
625 2951 675 3006 sed
693 2951 722 3006 in
742 2953 857 3023 speciali
874 2954 928 3009 boc
951 2970 1020 3013 casu
1046 2952 1149 3006 sentire
1169 2951 1268 3017 noluit,
1287 2968 1346 3005 esse
1362 2959 1451 3005 ratas.
1486 2951 1711 3021 Respondemus:
1730 2954 1824 3024 agitur
1842 2953 1880 3007 ibi

183 3035 292 3106 parenti
311 3036 423 3103 suadet,
449 3044 481 3092 nt
497 3037 616 3108 ‚culpam
635 3037 694 3093 filio
718 3039 870 3107 condonet,
885 3056 937 3095 nec
955 3040 1020 3110 jure
1046 3037 1081 3093 de
1099 3036 1231 3108 conjugio
1254 3053 1305 3106 per
1327 3037 1455 3106 copulam
1479 3039 1618 3092 carnalem
1643 3044 1835 3093 consummato
1853 3043 1881 3094 et

184 3121 292 3193 patriae
304 3123 451 3193 potestatis
469 3139 564 3178 serere
583 3128 687 3192 utatur,
708 3140 795 3180 norae
808 3132 901 3180 autem
914 3132 1019 3196 nuptae
1045 3129 1073 3177 in
1099 3122 1233 3177 ecclesiae
1256 3122 1329 3178 faeie
1355 3139 1405 3192 per
1430 3122 1627 3179 sacerdotalem
1660 3121 1881 3180 benedictionem

184 3214 354 3274 auctorest,
379 3214 412 3262 ut
437 3208 521 3263 etism
538 3210 656 3265 bismals'
672 3218 795 3282 tempore
812 3211 877 3266 nias
894 3213 1019 3266 laborem
1044 3207 1219 3272 confirmato,
1249 3208 1322 3279 quod
1345 3209 1411 3278 jure
1435 3208 1569 3263 canonico
1594 3212 1636 3263 est
1660 3215 1767 3271 ratum.
1793 3209 1817 3264 si
1836 3215 1880 3266 rel

184 3294 511 3362 marcommannas
528 3296 711 3351 bibensatura
732 3314 788 3351 non
813 3297 904 3352 solum
922 3299 954 3352 in
971 3299 1019 3353 lro-
1045 3293 1165 3349 maxime
1181 3299 1326 3363 parantum
1344 3310 1492 3349 consensus
1510 3311 1565 3349 non
1582 3296 1743 3362 accesserit,
1769 3312 1825 3365 qua
1845 3295 1881 3353 de

183 3380 285 3448 spitio,
307 3382 360 3434 sed
378 3381 462 3433 stiam
480 3381 511 3434 in
528 3384 634 3452 affeetu
650 3391 781 3452 paterno,
799 3400 860 3437 cam
874 3385 940 3452 jam
958 3401 1019 3438 suc·
1045 3396 1075 3434 re
1089 3379 1205 3434 inferius
1222 3379 1311 3449 plura
1352 3387 1376 3435 5.
1395 3398 1418 3434 c.
1442 3379 1506 3434 'I'ua
1530 3379 1688 3435 fraternitas
1708 3381 1880 3452 desponsat

184 3466 299 3521 cesserit
316 3466 507 3536 indipnationi
530 3469 643 3536 pratia,
666 3473 698 3522 ut
715 3467 769 3524 sub
784 3467 869 3524 finem
884 3469 1020 3539 epistolae
1045 3465 1094 3520 ubi
1111 3464 1236 3536 pontifex
1253 3465 1330 3533 dicit,
1347 3466 1555 3520 matrimonium
1573 3467 1704 3521 contrabi
1716 3483 1771 3535 per
1787 3469 1880 3537 lepiti·

184 3551 314 3621 loquitur.
352 3551 414 3634 Nigi
431 3552 596 3609 Ambrosius
613 3554 774 3620 statuisset,
791 3561 938 3625 parentum
955 3572 1019 3612 con-
1045 3570 1119 3605 mum
1145 3552 1202 3605 oiri
1230 3559 1255 3605 et
1283 3552 1410 3606 mulieris
1438 3569 1609 3607 cananeum.
1656 3552 1880 3622 Respondemus:

186 3655 296 3694 sensum
316 3636 346 3693 in
359 3637 508 3695 liberorum
527 3640 633 3710 nuptiis
659 3656 720 3695 osse
739 3641 939 3711 neomsarium,
966 3660 1020 3698 non
1046 3655 1102 3692 non
1120 3637 1277 3692 excluditur
1291 3645 1608 3708 consensusperentum.
1637 3638 1805 3693 Tuncenim
1816 3655 1881 3695 con·

186 3730 244 3778 tem
261 3723 370 3778 solicite
386 3740 438 3795 pro
453 3723 511 3779 filio
529 3724 629 3781 suimet
647 3726 829 3796 deprecatum,
847 3726 894 3797 qui
914 3727 1021 3797 absque
1046 3740 1144 3781 sensns
1156 3722 1208 3776 riri
1226 3727 1255 3777 et
1272 3721 1395 3777 mulieris
1413 3723 1515 3777 dicitur
1533 3723 1688 3794 legitimus,
1708 3741 1772 3778 cum
1792 3725 1837 3779 vir
1852 3731 1881 3781 et

187 3807 309 3878 parentis
326 3825 463 3865 consensu
479 3810 592 3880 nuptias
618 3811 806 3868 contrahendo
823 3812 901 3882 gravi
921 3813 1021 3885 culpae
1047 3808 1145 3864 mulier
1168 3808 1303 3864 adhibent
1325 3825 1489 3864 consensum
1505 3816 1659 3878 paternum.
1697 3809 1792 3866 Simile
1805 3811 1881 3881 judi-

187 3912 247 3951 sese
265 3893 425 3950 reddiderat
441 3894 613 3951 obstrictum.
1046 3895 1119 3950 cium
1149 3895 1185 3950 de
1212 3894 1274 3949 eliis
1301 3893 1431 3965 capitulis
1458 3911 1518 3949 esse
1546 3895 1644 3965 debet,
1671 3903 1703 3949 ut
1730 3897 1882 3953 ostendunt

223 3970 279 4037 la
300 3981 414 4035 Praeter
437 3980 507 4037 illud
533 3981 685 4053 capitulum
710 3984 830 4054 exjure
852 3985 1022 4043 canonicos
1047 3981 1115 4036 Adr.
1150 3981 1290 4037 Pulrasus
1325 3981 1353 4035 in
1391 3980 1454 4037 libr.
1489 3980 1524 4035 de
1558 3987 1637 4050 nupt
1676 3981 1736 4038 sins
1773 3990 1881 4054 parent

186 4065 355 4123 Bellarmino
370 4065 522 4122 adductum
539 4065 576 4121 ab
593 4067 655 4122 aliis
674 4067 756 4138 plura
774 4068 936 4135 afferuntur,
956 4076 977 4126 l.
996 4088 1021 4129 c.
1047 4085 1121 4125 cous.
1155 4084 1211 4122 non
1250 4066 1373 4122 contrsh.
1407 4065 1529 4122 Alberic.
1556 4067 1676 4123 Gentilis
1705 4068 1755 4126 lib.
1785 4076 1812 4126 4.
1846 4071 1883 4128 de

187 4150 457 4209 summiserint.
476 4157 517 4207 27.
532 4153 660 4223 q.2.ubi
677 4153 809 4209 Nicolaus
828 4154 909 4210 dicit:
933 4157 1021 4226 Sujfi·
1047 4160 1124 4225 nupt.
1150 4170 1173 4208 c.
1194 4158 1218 4208 4.
1243 4151 1373 4207 Hunnius
1397 4152 1507 4208 resolut
1528 4152 1601 4222 juris
1624 4153 1685 4207 libr.
1706 4161 1729 4210 t.
1758 4161 1839 4213 treet
1857 4163 1883 4214 3.

188 4239 404 4293 eiatsecsmdum
414 4238 574 4306 lepssselnc
584 4255 847 4310 eorumconsensus,
859 4243 1021 4312 deqrsornm
1046 4259 1072 4312 q.
1093 4246 1133 4297 18.

188 4323 429 4393 conjunctionibus
455 4323 561 4393 opiter.
601 4324 826 4395 Respondemus:
854 4327 954 4383 Glossa
970 4329 1021 4384 ibi·
1081 4333 1123 4384 80.
1160 4323 1286 4382 Tertium
1306 4322 1518 4378 fundamentum
1534 4325 1720 4381 Bellarminus
1736 4328 1836 4383 statuit
1853 4328 1884 4384 irs

188 4408 251 4464 dem
269 4409 357 4475 addit,
375 4409 525 4463 Menam
538 4409 612 4464 solus
628 4428 684 4464 non
701 4412 847 4466 secludere
860 4431 1022 4470 comessum
1047 4413 1159 4468 ratione
1177 4427 1265 4480 eaque
1284 4410 1407 4480 triplici,
1427 4413 1452 4465 1.
1472 4427 1492 4462 a
1509 4411 1666 4480 sufficienti
1683 4413 1883 4480 requisiturum

182 4505 347 4564 parentine,
372 4495 421 4565 qui
441 4496 592 4551 secundum
612 4496 689 4568 leges
706 4499 867 4569 requiritur,
892 4501 942 4555 scd
962 4508 1021 4557 tsn-
1048 4497 1262 4553 enumeratione.
1301 4495 1339 4549 In
1362 4496 1504 4565 ejusmodi
1527 4495 1788 4567 (inquit)conj1:pio
1809 4499 1882 4555 nibai

187 4588 247 4637 tum
269 4582 346 4636 alias
371 4581 564 4650 solennitates,
596 4598 668 4653 quse
692 4582 764 4638 liunt
786 4585 860 4641 cirea
884 4587 1022 4643 matrimo-
1048 4602 1141 4639 eorum
1166 4585 1256 4649 deest,
1282 4597 1354 4650 queas
1377 4583 1419 4635 ad
1435 4582 1582 4636 essentiam
1607 4583 1782 4638 matrimonii
1791 4586 1883 4653 peret·

187 4667 271 4724 nium.
307 4667 422 4723 Rectius
440 4667 555 4736 dicitnr,
580 4669 655 4739 quod
672 4669 810 4739 particula
827 4671 876 4727 illa
893 4673 1024 4729 excludat
1048 4678 1129 4738 rtem,
1153 4685 1249 4722 oerum
1274 4667 1361 4735 ipitnr
1387 4675 1413 4721 et
1438 4674 1546 4731 ratum,
1575 4669 1702 4737 adeoque
1731 4669 1883 4726 insalubris

188 4754 319 4823 copulam
338 4754 499 4818 carnalem,
519 4754 595 4823 quod
612 4753 661 4808 illa
678 4772 734 4810 non
753 4759 892 4826 pertineat
909 4759 946 4814 ad
966 4777 1022 4815 me
1047 4754 1253 4810 matrimonium
1271 4753 1334 4806 erit.
1367 4754 1544 4808 Antecedens
1557 4755 1669 4823 probat.
1699 4757 1790 4809 Adest
1810 4757 1885 4812 enim

187 4838 309 4893 trimonii
337 4839 492 4896 ementium.
536 4838 668 4904 Quaestio
689 4841 763 4895 enim
790 4848 850 4897 erat
874 4847 1022 4915 proposita,
1049 4857 1197 4897 consensus
1215 4839 1450 4907 contrabentium,
1475 4846 1502 4892 st
1520 4838 1648 4908 proinde
1665 4839 1782 4896 intentio
1801 4843 1885 4898 mim·

187 4941 261 4979 anne
281 4925 401 4980 carnaiis
424 4926 582 4981 commixtio
610 4925 649 4980 ad
675 4927 872 4998 perfectionem
900 4931 1023 5002 coniugii
1049 4928 1117 4992 stri,
1143 4927 1225 4980 adest
1246 4925 1380 4993 materia,
1399 4941 1471 4994 quae
1489 4933 1554 4978 sunt
1566 4941 1707 4993 personae
1727 4929 1770 4980 ad
1785 4929 1887 4984 matri·

187 5007 353 5078 pertineret3
384 5012 528 5082 respondit
557 5012 706 5080 Nicolaus,
736 5014 824 5069 solnm
859 5031 1022 5071 consensum
1050 5014 1172 5068 monium
1198 5011 1332 5074 idoneae,
1359 5013 1442 5066 adest
1463 5013 1578 5076 forma,
1605 5011 1639 5064 id
1663 5019 1704 5066 est
1726 5013 1813 5068 cerba
1836 5033 1887 5070 ssu

187 5093 340 5150 concubitu
363 5095 446 5152 etiam
465 5115 522 5153 non
539 5100 735 5154 interueniente
755 5101 797 5152 ad
817 5100 1024 5156 matrimonium
1049 5099 1133 5167 sipna
1150 5096 1238 5151 mutui
1254 5113 1412 5153 consensus.
1450 5094 1481 5151 Si
1498 5094 1639 5166 dicamus,
1657 5115 1822 5154 cananeum
1835 5117 1887 5155 nee

187 5182 328 5246 sufficere,
344 5181 394 5251 qui
410 5199 558 5240 amusensus
575 5186 649 5240 siin
661 5185 768 5257 nuptiis
786 5185 864 5240 solers
878 5189 956 5252 sorte
975 5189 1023 5243 ds·
1050 5202 1109 5239 esse
1121 5184 1251 5253 plenum,
1274 5200 1325 5237 nec
1344 5182 1543 5249 sufficientem,
1568 5200 1631 5237 cum
1656 5184 1729 5237 enim
1753 5184 1887 5248 liliisint

187 5267 286 5336 fuerit,
304 5270 511 5344 aeternamm,
531 5271 615 5324 stiam
634 5290 695 5325 cura
714 5272 864 5341 speocoitu
884 5272 1023 5327 adobruta
1049 5270 1079 5323 in
1104 5277 1243 5339 potestate
1265 5277 1430 5339 parentum,
1462 5285 1518 5321 non
1543 5285 1696 5337 possesor
1728 5270 1759 5323 in
1775 5288 1809 5325 rs
1828 5279 1887 5326 tam

186 5353 335 5420 fnestram.
366 5352 510 5410 hectorea
525 5354 588 5409 ideo
606 5355 743 5411 duntaxat
753 5373 903 5412 consensus
915 5363 1024 5414 contra·
1049 5356 1132 5424 praei
1158 5355 1219 5410 sine
1246 5363 1396 5424 parentum
1429 5353 1573 5408 calamato
1608 5354 1723 5423 aliquid
1751 5364 1888 5428 mutuare,

187 5439 312 5495 bantium
336 5437 370 5493 fit
392 5439 509 5508 mentio,
537 5440 603 5510 quia
627 5442 656 5495 in
682 5442 775 5512 speeie
801 5449 830 5497 et
847 5460 881 5498 ex
900 5443 1024 5514 professo
1050 5441 1339 5506 habetBallarminus‚
1358 5439 1571 5511 quodregerat:
1591 5441 1749 5496 comesa
1760 5443 1889 5507 fitiorum

188 5541 245 5580 non
262 5523 448 5597 quaerebatur
465 5522 502 5582 de
518 5525 649 5598 conjugio
666 5526 824 5598 liberorum,
841 5528 891 5585 ssd
910 5529 945 5586 de
958 5545 1022 5586 eon·
1051 5528 1161 5602 (inquit)
1177 5546 1233 5584 non
1250 5535 1291 5583 est
1303 5527 1421 5597 pimus,
1446 5526 1491 5582 nel
1514 5526 1589 5598 quia
1607 5528 1685 5582 decet
1710 5544 1778 5582 usus
1802 5529 1889 5586 liberi
