4020 6022
810 289 864 347 Du
883 287 1084 349 CONJUGIO.
1727 303 1788 361 295

90 444 165 515 pica,
184 460 235 515 per
254 460 337 516 quam
355 445 425 499 tales
442 445 497 501 cibi
514 448 692 516 appetuntur,
710 461 728 500 a
745 445 845 516 quibus
858 416 926 498 alias
958 444 1130 511 potissimum
1154 445 1298 515 respiciat,
1327 446 1354 499 in
1376 445 1477 517 quibus
1495 450 1609 518 prepter
1633 447 1743 501 crebras
1760 454 1790 502 et

35 530 78 575 ll&
91 535 194 585 natura
214 528 361 599 abhorret;
396 531 464 586 haec
481 536 524 585 est
550 531 614 584 viva
631 537 659 586 ct
676 530 759 586 realis
780 528 926 600 explicatio
954 529 1130 600 quotidianas
1157 530 1289 586 ecelesiae
1315 531 1524 602 persecutiones
1551 533 1709 604 conjugatis
1739 533 1788 587 ad·

91 615 202 671 illorum
232 615 379 671 verborum
406 616 623 685 multiplicando
657 617 849 689 multiplicabo
877 617 926 668 de·
953 614 1098 671 versitates
1124 616 1352 686 duplicabantur,
1385 619 1451 672 dum
1469 619 1498 672 iu
1523 617 1648 673 exsilium
1673 624 1787 689 prepter

93 703 181 756 lesem
199 710 277 757 teum
292 711 318 756 et
337 711 497 773 conceptum
517 711 601 772 taum,
619 703 673 758 hoc
692 709 734 758 est
752 703 844 757 statim
864 709 927 772 pest
954 699 1019 756 lidei
1039 701 1241 759 confessionem
1260 720 1324 757 cum
1345 721 1430 760 uxore
1445 710 1472 758 et
1491 703 1584 759 liberis
1612 704 1788 775 expelleban-

91 789 301 858 ceneeptienem
334 788 425 844 iectus
456 789 601 859 conceptio
634 794 661 844 et
690 787 767 860 erigo
801 787 926 843 dolorum
953 794 1014 854 tur;
1045 794 1137 843 tamen
1164 788 1337 860 aphorismus
1363 790 1409 845 ille
1434 790 1603 861 apostolicus
1622 791 1789 862 generaliter

90 879 230 946 sequetur.
267 878 294 932 2.
314 876 422 929 Portos
441 877 632 943 difficultates.
671 874 704 929 In
721 879 798 929 statu
815 874 925 946 integri·
954 872 1043 943 accipi
1069 879 1163 943 petest
1192 873 1226 928 de
1254 874 1369 928 miseriis
1397 881 1426 930 et
1454 874 1591 942 adversis,
1621 893 1693 947 quae
1721 875 1787 930 huic

89 960 157 1016 tatis
175 961 282 1033 absque
299 961 427 1017 molestia
445 967 475 1015 et
493 962 563 1017 citra
582 977 663 1016 omne
681 961 754 1015 vitae
772 960 926 1032 periculum
953 959 1026 1013 vitae
1050 960 1135 1014 statui
1161 967 1189 1014 et
1215 959 1306 1013 ordini
1331 959 1492 1015 adhaerent.
1543 960 1646 1015 Eorum
1670 960 1787 1033 insignis

88 1047 210 1103 feminae
230 1047 351 1103 sobolem
372 1048 531 1114 edidissent,
551 1048 634 1103 hodie
651 1065 717 1104 vero
729 1047 843 1102 summis
863 1063 925 1101 cum
952 1042 1061 1113 pictura
1085 1043 1250 1116 proponitur
1273 1045 1301 1098 in
1329 1045 1444 1100 historia
1469 1046 1627 1117 nuptiarum
1645 1045 1787 1102 Canariae·

89 1134 262 1189 eruciatibus
288 1140 316 1189 et
339 1134 564 1204 praesentissimo
583 1134 657 1189 vitae
677 1133 834 1188 discrimine
856 1132 925 1187 illud
953 1145 1031 1184 arum
1044 1129 1145 1187 Johan.
1162 1147 1186 1184 c.
1201 1136 1226 1200 2,
1248 1149 1275 1185 v.
1295 1136 1316 1186 3.
1330 1131 1417 1202 primo
1431 1131 1504 1185 enim
1517 1133 1610 1186 statim
1628 1132 1787 1204 nuptiarum

88 1222 272 1290 conjunctum
309 1227 359 1274 est.
406 1220 520 1275 Mmres
555 1228 668 1275 nestros
703 1212 815 1291 eiper'ce
851 1237 926 1273 mere
954 1215 998 1270 die
1024 1214 1149 1271 defectus
1180 1215 1236 1270 vini
1260 1217 1504 1285 animadvertitur3
1539 1218 1579 1272 sic
1603 1234 1669 1289 crgo
1686 1235 1742 1272 nen
1759 1218 1787 1272 in

88 1307 260 1372 leceramus,
278 1307 368 1377 inquit
385 1306 573 1376 Bernhardus,
593 1323 627 1361 ac
644 1311 753 1362 tantum
770 1325 826 1363 nen
846 1306 926 1360 meri·
952 1317 1100 1372 progressu
1120 1302 1230 1357 demum
1251 1302 1391 1374 conjugii,
1420 1304 1470 1357 sed
1497 1304 1525 1358 in
1549 1304 1638 1375 prime
1664 1305 1724 1375 ejus
1747 1304 1788 1358 iu·

88 1392 188 1447 hunda
212 1398 242 1447 et
267 1391 400 1447 exanimis
417 1399 505 1455 mater
523 1391 657 1448 infantem
684 1393 748 1448 edit
794 1391 840 1449 Sic
860 1408 926 1463 erge
953 1405 1049 1458 gressu
1088 1405 1155 1442 crux
1193 1388 1346 1443 domestica
1382 1391 1516 1461 conjuges
1555 1389 1716 1460 comitatur,
1755 1406 1788 1444 ac

87 1477 300 1549 conceptionem
313 1479 422 1550 pcccati
435 1478 496 1533 labe
508 1477 641 1534 iniectam
651 1478 777 1549 sequitur
786 1477 926 1532 laboriosa
953 1473 1052 1544 hospes
1078 1472 1125 1529 ille
1152 1474 1236 1528 etiam
1263 1492 1318 1529 neu
1347 1475 1478 1531 invitatus
1508 1482 1649 1546 comparet
1674 1492 1708 1532 ac
1729 1482 1788 1532 toto

87 1564 210 1636 gestatio
228 1570 257 1618 et
278 1563 405 1620 dolorosa
421 1562 559 1619 nativitas.
609 1565 720 1619 diutior
747 1583 808 1618 cens
838 1563 925 1632 terpi-
954 1560 1077 1631 conjugii
1104 1566 1228 1631 tempere
1255 1578 1318 1615 cum
1340 1561 1408 1631 ipsis
1433 1567 1632 1634 commoratur,
1662 1562 1787 1634 adeoque

90 1650 189 1705 tudine
205 1651 343 1720 concipit,
363 1650 403 1705 ait
418 1649 577 1721 Lutherus‚
605 1652 785 1705 cumdolore
804 1650 926 1716 eniterer,
954 1664 1047 1701 omnes
1073 1646 1185 1702 aedium
1208 1647 1327 1719 angulos
1352 1655 1480 1719 occupat
1528 1647 1659 1704 Ceterum
1683 1654 1717 1702 ut
1734 1648 1788 1704 tria

90 1755 154 1791 eum
181 1738 323 1790 amramis
349 1736 470 1791 sobolem
498 1739 605 1790 educat.
653 1735 683 1793 si
709 1735 815 1806 absque
842 1734 925 1789 male·
954 1738 1019 1786 sunt
1036 1731 1170 1787 benorum
1186 1749 1304 1804 genera,
1335 1734 1425 1787 enimi
1455 1734 1577 1799 scilicet,
1611 1735 1741 1804 corperis
1762 1743 1788 1789 ct

91 1821 214 1878 dictione
227 1821 306 1887 ieret,
327 1837 397 1893 opus
410 1822 597 1893 generationis
611 1828 684 1878 esset
695 1820 927 1888 honestissimum,
952 1820 1104 1885 fertonem,-
1135 1818 1174 1872 ita
1198 1836 1308 1891 queque
1334 1820 1410 1876 mala
1426 1826 1456 1876 et
1475 1820 1607 1889 adversa,
1636 1838 1709 1892 quse
1734 1821 1788 1893 piis
1801 1823 1846 1867 ΧΥ·
1860 1823 1905 1865 ⁴⁷⁹·

91 1913 190 1981 partus
215 1907 376 1974 facillimus,
412 1907 514 1962 sobolis
545 1907 673 1963 educatio
712 1913 784 1963 esset
821 1923 928 1961 summa
954 1903 1122 1975 conjugibus
1142 1904 1305 1977 obtingunt,
1332 1906 1368 1960 ad
1388 1912 1445 1960 tres
1463 1905 1567 1962 classes
1585 1907 1709 1963 revocari
1726 1924 1790 1979 pes-

90 1993 235 2064 volupms3
266 1994 317 2048 sed
339 1999 404 2064 post
429 1992 538 2063 lapsum
565 1992 657 2048 omnia
685 1999 749 2047 sunt
773 1993 927 2061 immutata,
953 1997 1032 2054 sunt,
1067 1997 1089 2046 1.
1120 1991 1258 2062 quaedam
1289 1992 1361 2047 enim
1391 1995 1557 2062 cooperitur
1588 1992 1712 2064 ipsorum
1741 1995 1788 2049 eb·

91 2080 156 2134 inde
191 2079 299 2148 quoties
330 2076 474 2148 Scriptura
505 2079 649 2149 angustias
679 2077 856 2149 gravissimas
881 2078 926 2132 de·
954 2074 1076 2146 veniunt,
1094 2083 1126 2131 ut
1145 2076 1242 2143 morbi,
1262 2077 1406 2144 sterilitas,
1438 2080 1586 2153 διχοτομία
1605 2096 1655 2151 per
1674 2085 1789 2137 mortem

90 2165 197 2235 scribit,
226 2183 289 2220 eum
307 2164 448 2220 doloribus
476 2165 688 2235 parturientium
719 2165 830 2220 easdem
855 2181 927 2218 com·
953 2168 1155 2231 praematuram
1176 2167 1241 2229 etc.;
1260 2168 1284 2217 2.
1305 2160 1443 2235 quaedam
1463 2164 1566 2219 animis
1578 2164 1739 2236 adhaerent,
1756 2173 1790 2221 ut

91 2258 175 2322 parat
192 2257 214 2306 2.
232 2250 303 2322 Reg.
324 2257 370 2315 19,
396 2269 421 2303 v.
440 2256 462 2306 3.
495 2249 596 2305 Psalm.
618 2257 665 2319 48,
689 2268 714 2304 v.
738 2257 760 2306 1.
792 2249 856 2306 Ese.
886 2255 927 2311 13,
953 2247 1021 2302 vitia
1034 2264 1147 2319 merum,
1160 2249 1364 2321 importunitas,
1373 2251 1517 2308 morositas
1529 2258 1598 2318 etc.;
1614 2257 1638 2309 3.
1652 2252 1788 2323 quaedam

92 2355 118 2392 v.
137 2342 162 2392 8.
182 2353 206 2391 c.
226 2342 266 2405 21,
284 2355 310 2393 v.
331 2342 354 2393 3.
373 2353 397 2392 c.
418 2341 462 2400 42,
482 2353 508 2390 v.
534 2343 572 2392 14.
590 2336 692 2392 Jerem.
712 2343 738 2405 4,
755 2353 780 2390 v.
803 2341 843 2393 31.
864 2354 888 2393 c.
903 2341 926 2401 6,
953 2335 1080 2398 fortunis
1097 2333 1236 2400 accidunt,
1256 2341 1288 2389 ut
1305 2343 1455 2406 paupertas
1472 2343 1501 2393 et
1519 2337 1622 2408 inopia
1672 2337 1788 2394 Praeter

91 2440 117 2479 v.
139 2428 182 2479 24.
204 2438 230 2480 c.
251 2426 298 2490 13,
320 2439 345 2475 v.
366 2426 407 2477 21.
426 2439 449 2476 o.
469 2427 516 2487 22,
536 2440 562 2479 v.
583 2428 625 2477 23.
646 2440 669 2476 c.
689 2428 735 2491 30,
753 2441 779 2479 v.
799 2427 822 2477 0.
840 2439 863 2477 o.
885 2427 926 2489 48,
953 2418 1022 2475 baec
1040 2419 1115 2474 mala
1135 2419 1264 2474 etiamie
1283 2421 1378 2474 liberis
1398 2421 1485 2476 multa
1507 2439 1540 2477 ae
1559 2423 1790 2495 variaooguntur

91 2526 117 2563 v.
134 2514 178 2565 41.
205 2524 229 2562 ο.
250 2513 298 2572 40,
317 2526 341 2562 v.
360 2512 401 2563 22.
428 2525 451 2563 c.
471 2515 519 2577 50,
538 2525 563 2565 v.
583 2514 626 2565 43.
655 2506 744 2564 Oscae
769 2515 814 2572 ts,
835 2527 860 2563 v.
884 2513 925 2565 13.
954 2502 1071 2575 experiri
1090 2503 1254 2571 infortunia,
1274 2506 1369 2576 qualia
1388 2512 1454 2560 sunt
1471 2506 1621 2562 liberorum
1648 2508 1738 2562 morbi
1756 2525 1790 2564 ac

91 2593 178 2649 Mieh.
197 2600 222 2658 4,
242 2611 267 2646 v.
288 2598 312 2650 9,
338 2593 424 2650 Mare.
440 2601 478 2655 13,
497 2612 523 2648 v.
544 2601 583 2650 1¹1,
621 2593 799 2650 Bemhardus
817 2601 925 2650 tractat,
953 2587 1059 2657 funcra,
1080 2590 1223 2646 molestiae
1246 2590 1426 2657 educationis,
1456 2595 1510 2646 τῶν
1526 2597 1630 2648 τέκνων
1648 2595 1788 2664 decrepite,

91 2679 128 2735 de
153 2679 272 2750 passion
293 2677 402 2734 Demin.
428 2696 452 2734 e.
471 2685 512 2734 30.
531 2679 582 2733 col,
608 2685 682 2736 1635,
723 2681 756 2734 In
777 2680 926 2750 seripturis
954 2673 1093 2740 ἀπείθεια,
1114 2675 1285 2732 ἀπαιδευσία
1304 2681 1349 2731 καὶ
1368 2677 1522 2748 ἀναγωγία,
1541 2678 1575 2734 de
1595 2696 1651 2750 qua
1667 2680 1790 2751 graviter

92 2763 195 2821 doloris
209 2764 293 2836 hujus
308 2765 496 2820 testimonium
511 2765 670 2836 frequenter
684 2766 846 2835 invenimus,
861 2768 927 2837 quia
952 2762 1114 2832 pronuntiat
1148 2761 1285 2818 Siraoides
1313 2780 1337 2819 e.
1366 2769 1404 2830 16,
1434 2782 1460 2818 v.
1495 2770 1527 2819 t:
1558 2772 1689 2839 κρεῖσσον
1719 2764 1790 2820 ἀπο-

91 2868 156 2906 cum
177 2850 397 2923 magnitudinem
414 2849 533 2920 alicujus
559 2850 659 2906 doloris
684 2851 811 2906 volumus
837 2851 927 2921 expri·
952 2854 1051 2903 θανεῖν
1071 2845 1186 2903 ἅτικτον
1201 2847 1214 2915 ἢ
1229 2848 1303 2918 ἔχειν
1315 2852 1395 2904 stara
1413 2849 1508 2920 ἀσεβῆ.
1539 2851 1595 2908 Sed
1614 2858 1642 2908 et
1658 2851 1789 2906 inservis

90 2954 177 3007 mere,
194 2937 285 3007 ipsum
303 2936 412 2991 mulieri
432 2936 598 3007 parturienti
616 2953 778 3008 comparare
797 2937 925 2992 solemus.
952 2950 987 2987 ac
1013 2935 1171 2989 domesticis
1194 2939 1295 3004 parata
1318 2939 1360 2991 est
1396 2935 1563 3007 conjugibus
1590 2937 1790 2993 adversitatum

91 3023 136 3078 Ae
153 3029 249 3078 notum
266 3028 308 3078 est
325 3020 396 3075 illud
408 3020 544 3077 Hecubae
564 3023 640 3094 apud
652 3023 824 3094 Euripidem,
841 3024 927 3079 melle
954 3019 1085 3083 materia,
1117 3019 1140 3074 si
1160 3020 1215 3074 sint
1233 3018 1321 3089 infidi,
1352 3020 1534 3093 immorigeri,
1567 3022 1675 3079 desides
1695 3039 1729 3078 so
1748 3040 1791 3078 re-

91 3127 122 3164 ce
143 3109 238 3163 decim
255 3109 285 3161 in
303 3106 366 3162 ecio
386 3115 462 3162 stare
480 3128 563 3179 qoem
581 3111 667 3164 semel
679 3127 794 3180 parere.
843 3110 926 3166 Ratio
954 3105 1076 3160 fractarii
1095 3111 1147 3160 etc.
1191 3104 1346 3178 Gregorius
1374 3105 1457 3178 Nyss.
1477 3107 1524 3163 lib.
1545 3107 1580 3162 de
1604 3109 1675 3181 virg.
1702 3107 1790 3164 uolri-

93 3201 190 3251 nostra
219 3210 252 3249 ex
270 3212 299 3250 se
316 3200 346 3250 et
374 3193 432 3249 suis
451 3195 596 3266 principiis
612 3213 668 3251 nen
684 3201 777 3267 potest
796 3195 927 3264 invenire,
954 3190 1054 3264 ιροπὸς
1072 3193 1129 3245 ἔστι·
1148 3195 1192 3243 καὶ
1214 3196 1326 3258 ποικίλη
1345 3194 1401 3247 τῶν
1418 3194 1447 3246 lx
1463 3198 1528 3255 τοῦς
1544 3192 1639 3267 γάμου
1661 3197 1756 3252 κακῶν
1771 3195 1787 3261 ἡ

89 3280 141 3353 qui
163 3279 230 3349 fist,
259 3280 334 3352 quod
359 3279 442 3335 arbor
466 3279 573 3337 frustm
599 3298 662 3336 sues
681 3286 779 3351 spentc
797 3280 927 3352 preferat,
949 3283 1081 3351 χορηγία.
1120 3276 1314 3332 Nazianzenus
1335 3277 1363 3331 in
1382 3295 1465 3333 earm.
1482 3280 1583 3334 sacris:

91 3368 141 3440 qui
180 3371 396 3422 maturescentes
432 3366 491 3421 sine
518 3367 645 3439 molestie
675 3367 821 3437 decidunt,
852 3367 926 3439 quod

92 3455 178 3509 bruta
202 3452 231 3508 in
256 3459 341 3524 partu
367 3452 475 3509 doleres
498 3454 609 3524 quidem
631 3454 766 3518 sentiunt,
798 3454 846 3509 sed
872 3472 927 3509 nou

92 3540 163 3596 tales
182 3555 215 3594 ae
233 3543 339 3608 tentes,
370 3538 465 3610 quales
483 3546 512 3594 et
530 3545 649 3611 quantes
670 3539 752 3595 home
779 3540 927 3611 experitur,
954 3517 1040 3573 stem

90 3625 205 3696 Moyses
223 3640 290 3678 vere
308 3640 421 3679 causam
440 3623 521 3679 nohis
542 3626 660 3696 aperuit.
697 3628 724 3680 3.
740 3625 927 3695 sabjectieoss
989 3617 1047 3696 iou
1067 3622 1143 3696 κόρη,
1161 3627 1307 3696 μετέπειτα
1322 3626 1352 3679 sl
1367 3623 1448 3700 liet·

91 3728 164 3781 erpa
180 3711 312 3765 maritum
329 3711 523 3767 adversitates.
565 3712 616 3764 Aa
642 3711 733 3764 oimm
756 3712 927 3765 desiderium
953 3743 1004 3797 Et:

91 3805 169 3850 tuum
187 3804 214 3850 ct
229 3797 289 3865 epse
309 3797 497 3850 deminabitur
516 3796 581 3863 tibi,
607 3796 636 3850 id
652 3802 694 3851 eat
710 3812 762 3851 nec
787 3814 848 3850 cum
868 3796 927 3849 viro

91 3881 313 3938 sabscemmode
330 3882 423 3937 vivere
440 3881 552 3952 peteris,
572 3881 699 3952 subjecta
718 3881 771 3937 eris
792 3882 826 3949 ei,
845 3899 927 3953 quem

82 3969 194 4039 ,misere
212 3967 357 4036 seduxisti,
383 3973 412 4021 et
429 3967 496 4038 quia
512 3968 564 4023 tibi
584 3973 613 4022 et
631 3967 765 4024 creaturis
784 3975 859 4023 reete
878 3968 928 4023 im·

94 4069 193 4124 perare
211 4051 363 4121 nescivisti,
378 4053 438 4122 jam
458 4052 549 4107 diseas
568 4053 628 4124 regi
646 4070 679 4108 ac
696 4052 807 4123 subjici.
853 4053 929 4108 Ante
990 4060 1049 4110 401.
1070 4058 1096 4108 3.
1112 4052 1379 4121 Sotueocs‘osidioe,
1391 4053 1493 4126 quibus
1504 4053 1557 4110 hec
1574 4061 1701 4112 sanctum
1714 4057 1788 4112 vitae
1802 4065 1926 4108 assum·

94 4139 203 4209 lapsum
235 4138 372 4208 quaedam
405 4137 485 4207 ἐξοχὴ
515 4140 710 4210 praerogativa
729 4146 758 4195 et
781 4140 929 4196 eminentia
955 4157 1044 4213 genus
1071 4137 1226 4193 infestatur.
1280 4137 1351 4193 Cum
1381 4140 1455 4194 enim
1488 4141 1606 4198 Satanas
1639 4143 1675 4199 sit
1702 4142 1790 4198 bostis
1804 4117 1907 4159 mmm·

92 4225 153 4280 viro
184 4240 252 4295 prae
282 4223 396 4278 muliere
424 4223 524 4278 fuisset
551 4241 697 4289 concessa,
729 4225 778 4280 sed
803 4242 837 4280 ea
861 4223 930 4280 nihil
957 4225 1010 4281 Dei
1029 4231 1057 4280 et
1077 4223 1198 4279 emnium
1217 4223 1372 4279 divinarum
1392 4227 1605 4293 ordinationum,
1625 4228 1689 4285 ideo
1707 4231 1789 4285 etiam

93 4309 237 4365 molestiae
270 4316 320 4363 aut
353 4307 524 4364 difficultatis
554 4311 736 4380 conjunctum
777 4310 929 4379 habuisset,
955 4310 1021 4365 huic
1046 4309 1188 4381 conjugali
1215 4308 1304 4365 ordini
1328 4310 1506 4367 vehementer
1532 4319 1575 4368 est
1592 4313 1728 4381 infensus,
1758 4321 1791 4370 ut

93 4396 161 4468 quia
189 4410 281 4467 neque
307 4394 424 4449 maritus
451 4395 604 4467 quidquam
631 4397 788 4467 importune
813 4397 858 4453 vel
876 4398 927 4452 ira·
955 4413 989 4451 ex
1020 4395 1086 4451 sobi
1123 4401 1151 4448 et
1179 4394 1285 4449 Tobiae
1323 4394 1439 4450 historia
1473 4399 1633 4469 cumprimis
1666 4405 1789 4470 apparet.

92 4481 186 4537 cundo
213 4480 339 4546 fecisset,
369 4497 460 4551 neque
491 4498 559 4536 uxor
584 4481 613 4535 in
631 4481 689 4536 ulla
707 4499 737 4536 re
763 4499 824 4538 sese
843 4482 926 4538 reira·
954 4481 1058 4538 Jobum
1081 4480 1184 4552 affligit
1201 4479 1318 4537 Satanas
1344 4482 1521 4547 insertoris
1545 4500 1596 4555 per
1615 4485 1743 4540 incendia
1763 4492 1791 4540 ct

94 4566 211 4622 clarium
237 4566 424 4631 exhibuissem
454 4565 504 4621 sed
523 4572 587 4637 post
604 4567 712 4638 lapsum
725 4567 774 4622 illa
785 4568 929 4623 harmonia
954 4566 1069 4621 hostiles
1081 4567 1255 4635 irruptiones,
1273 4568 1303 4620 ia
1315 4567 1412 4621 liberis
1427 4586 1477 4637 per
1492 4569 1666 4639 repentinum
1680 4570 1790 4625 aedium

93 4659 122 4711 et
141 4652 251 4716 εὐταξία
268 4659 310 4707 est
327 4653 454 4723 disrupta
471 4670 505 4708 ao
526 4652 648 4708 mulieris
667 4671 733 4725 erga
753 4654 843 4708 virum
864 4655 927 4710 sub·
955 4654 1105 4723 collapsum
1132 4658 1160 4706 et
1190 4652 1339 4707 liberorum
1366 4655 1586 4726 oppressionem
1605 4658 1635 4709 s'a
1663 4658 1789 4726 conjuge,

88 4738 177 4810 jectio
195 4745 238 4793 est
252 4738 305 4809 ipsi
322 4738 447 4807 molesta,
465 4740 566 4795 acerba
586 4746 613 4793 et
630 4739 754 4796 adversa.
955 4754 1028 4810 quae
1052 4753 1108 4792 nen
1135 4744 1195 4791 erat
1219 4737 1310 4793 mariti
1329 4740 1511 4807 consolatrix,
1541 4741 1591 4796 sed
1618 4740 1722 4797 diaboli
1741 4743 1790 4797 ed-

35 4825 67 4865 ¹⁸·
130 4830 190 4880 400.
226 4828 254 4880 2.
273 4822 457 4879 Calamitotes
476 4826 662 4894 semisermo,
680 4841 751 4896 quae
763 4825 929 4897 conjugibus
951 4824 1056 4896 jutrir;
1075 4825 1105 4876 io
1124 4825 1251 4892 cognatis
1271 4831 1297 4877 et
1317 4827 1422 4894 aspicis,
1443 4826 1490 4896 qui
1509 4833 1588 4880 erant
1605 4828 1790 4884 consolatores

34 4887 72 4968 ii·
94 4911 125 4965 in
151 4910 205 4965 hsc
234 4909 292 4965 vita
316 4910 468 4967 obveniunt
490 4909 577 4965 ferme
594 4911 762 4967 innumerae.
812 4909 1062 4967 Nomine=eneresi
1079 4910 1146 4965 Job.
1168 4915 1189 4964 1.
1209 4916 1237 4964 οι
1256 4915 1281 4966 2.
1318 4910 1351 4963 Iu
1368 4910 1484 4965 historia
1500 4910 1608 4968 'l'obiae
1627 4930 1653 4970 c.
1672 4919 1702 4980 3,
1721 4933 1746 4968 v.
1765 4920 1790 4971 8.

95 4995 169 5051 enim
198 4995 307 5050 sudoris
342 4995 441 5050 marito
474 5002 502 5050 et
531 4995 634 5050 doloris
664 4997 778 5069 conjugi
808 4997 928 5068 impositi
955 4997 988 5052 fit
1014 4996 1117 5052 mentio
1144 4995 1289 5065 cujusdam
1309 4996 1462 5061 daemonii,
1497 4998 1572 5069 quod
1595 5006 1701 5069 septem
1718 4999 1792 5054 vires

97 5084 299 5153 συνεκδοχικῶς
324 5081 595 5152 comprehenduntur
618 5099 712 5137 omnes
736 5083 878 5140 molestiae
903 5092 931 5140 et
957 5083 1041 5137 Sarae
1059 5081 1212 5151 occiderat,
1241 5086 1390 5153 antequam
1409 5098 1472 5136 cum
1489 5100 1523 5137 ea
1552 5085 1793 5155 congrederentur,

85 5167 238 5233 miseriae,
278 5184 350 5239 quoe
385 5166 471 5222 vitam
500 5166 677 5237 conjugalem
710 5168 834 5225 comitari
866 5187 927 5226 cen·
942 5169 999 5279 peni
1037 5167 1169 5222 tribuitur
1207 5185 1306 5224 nemen
1325 5165 1503 5240 Ἀσμοδοίου.
1556 5169 1691 5241 Nuspiam
1722 5169 1792 5224 illud

92 5259 250 5323 sueverunt,
269 5253 303 5308 de
322 5251 422 5324 quihus
441 5251 470 5305 in
487 5267 590 5323 genere
607 5253 770 5322 pronuntiat
788 5255 929 5325 apestolus
942 5288 945 5323 ,
956 5273 1055 5311 nomen
1079 5253 1146 5308 alibi
1170 5254 1199 5307 in
1218 5254 1367 5325 Scripturis
1392 5255 1532 5310 canonicis
1557 5256 1601 5312 vel
1626 5254 1792 5327 apocryphis

970 3393 1103 3471 Νύμφιος
1116 3393 1174 3452 εἶτα
1184 3402 1272 3468 νέκυς,
1282 3398 1417 3473 θάλαμος,
1429 3398 1519 3473 τάφος
1530 3399 1643 3475 ἄμμιγα
1655 3409 1789 3478 τερπνοῖς.

989 3877 1023 3886 -
1042 3877 1076 3886 -
1095 3846 1200 3915 δεσμὸς
1216 3845 1314 3919 γάμος,
1336 3845 1459 3916 circaeis
1479 3849 1511 3902 δὲ

990 3935 1106 4006 φροντὶς
1124 3931 1260 4001 ἀναγκαίη
1281 3932 1456 4000 δυστεκνίητε
1476 3932 1559 3994 νόσος
1576 3939 1628 3990 etc.

95 5347 117 5395 1.
139 5337 262 5395 Corinth.
284 5345 311 5405 1,
336 5355 362 5394 v.
381 5343 421 5394 20.
441 5342 543 5409 θλίψιν
560 5339 592 5414 τῇ
604 5345 700 5410 σαρκί,
721 5327 989 5417 tribulotieocmflv.
1015 5341 1049 5398 T.
1078 5338 1214 5409 occurrit,
1250 5339 1365 5394 dubium
1403 5358 1470 5413 ergo
1501 5342 1622 5412 nullum,
1659 5341 1725 5413 quin
1758 5358 1791 5395 ex

92 5426 191 5480 corais
217 5424 275 5479 sive
294 5424 322 5478 in
340 5441 424 5479 carne
440 5426 576 5481 habebant
594 5426 766 5495 tqjusmom'.
796 5424 1126 5490 Quamvislsudaeorum
1154 5424 1257 5480 fabulis
1285 5426 1440 5496 proiectum
1469 5427 1519 5499 sit,
1551 5429 1599 5500 qui
1623 5426 1790 5480 Asclrmadui

92 5511 167 5569 enim
193 5511 230 5566 ad
256 5511 442 5567 conditionem
467 5512 577 5567 illerum
602 5517 758 5583 temporum
785 5515 929 5585 apestolus
950 5515 1030 5586 ,Syra
1061 5528 1127 5569 voce
1159 5512 1304 5583 appellant
1340 5513 1494 5586 principem
1526 5514 1742 5588 ,daemoniorum
1774 5533 1792 5568 u
