4020 6022
768 226 820 282 nn
842 196 1041 282 coronare.
1693 241 1751 297 40,

58 381 129 436 dom
147 399 243 438 coram
262 384 325 438 Deo
343 385 484 454 docebant,
505 384 556 455 qut
570 398 606 438 sa
626 382 817 445 emanabant,
836 397 892 434 aon
923 376 981 435 xll
1016 378 1134 438 tabulas.
1182 378 1227 439 Do
1263 384 1382 440 Romulo
1419 383 1586 441 Plutarchus
1615 391 1756 456 memamt,

58 470 253 539 repudiabant
272 488 392 539 uxoren
410 471 507 526 ciuilia
521 477 641 541 propter
658 486 720 538 eos,
742 469 792 539 qui
809 467 893 541 epiri·
920 466 995 539 quod
1015 467 1075 523 viro
1088 469 1136 539 jus
1156 468 1278 541 dederit,
1300 477 1420 543 γυναῖκα
1447 467 1590 542 ἐκβάλλειν
1618 475 1665 529 tul
1685 495 1755 548 φαρ-

58 555 153 609 tualia
170 572 226 610 narr
243 557 435 624 observabant,
453 565 484 610 ut
500 556 636 610 terminus
655 555 771 610 illorum
789 555 893 624 impro-
920 558 1146 630 panetariorum
1164 555 1180 622 ἢ
1198 559 1314 615 κλειδῶν
1336 558 1461 637 ὑποβολῇ
1485 562 1531 614 κοιλ
1549 568 1754 633 μοιχευθεῖσαν.

59 642 144 696 litati
173 650 349 698 dolueram.
402 644 454 698 Ad
481 644 550 697 boec
583 642 745 713 posteriora
771 639 894 712 pertinet
920 640 1013 698 Numa
1027 643 1154 713 permisit
1171 644 1320 714 Remmia,
1352 651 1385 701 ut
1403 661 1502 701 uxores
1519 646 1615 701 amicis
1634 647 1756 704 locarant

53 736 238 800 praeceptum
265 731 301 783 ds
327 730 423 784 libello
450 730 580 800 repudii,
604 745 658 800 pao
681 727 895 798 permittebatur
921 733 949 783 et
968 728 1142 785 commodato
1167 729 1273 801 duent,
1310 731 1384 788 idem
1411 731 1440 786 in
1460 731 1542 790 Num.
1582 732 1662 798 Quod
1688 751 1754 807 ergo

57 816 174 870 moritis
187 834 288 871 uxores
305 818 476 886 repudiare,
492 832 529 871 se
546 832 595 871 eos
614 815 778 870 occiderent.
816 813 894 879 Quae
920 814 1108 871 Tertullianus
1137 815 1167 871 iu
1196 817 1332 891 apologet.
1362 835 1384 874 c.
1416 824 1439 874 6.
1461 818 1543 888 dicit,
1578 836 1634 891 per
1664 838 1755 876 annos

59 901 154 958 omnia
173 903 331 973 expendens
350 902 525 958 Chemnisins
543 903 572 957 in
589 903 676 960 barm.
695 917 793 973 evang.
815 917 839 955 c.
853 906 894 956 51.
919 901 1009 967 same
1041 909 1183 958 seomntos
1212 904 1248 957 ab
1276 904 1345 958 urbe
1374 904 1491 959 corrdita
1509 905 1617 959 nullm
1636 908 1755 962 'domm

59 1005 89 1059 p.
112 994 171 1045 55¹1.
190 988 300 1046 scribit:
317 988 459 1044 Politicae
476 990 684 1045 eonditutiones
696 990 780 1043 etiam
798 987 829 1041 ia
840 987 895 1041 ata
919 988 1072 1058 repudium
1090 988 1252 1059 scripsisse,
1278 994 1307 1046 et
1331 990 1361 1045 iu
1385 990 1434 1049 lib.
1454 991 1489 1047 de
1512 1008 1666 1064 monogam.
1686 1009 1710 1048 e.
1729 1001 1754 1050 9.

64 1075 224 1144 republica,
251 1090 335 1144 quam
357 1076 437 1130 Deus
464 1076 524 1146 ipse
549 1076 617 1130 latis
639 1075 826 1146 peculiariter
839 1089 896 1144 per
920 1074 994 1131 cirea
1020 1074 1067 1135 fin.
1094 1078 1168 1131 adeo
1193 1078 1345 1147 repudium
1370 1095 1389 1131 a
1405 1077 1565 1149 primordio
1583 1097 1639 1134 non
1651 1082 1754 1149 fuisse,

63 1162 184 1230 Moysen
214 1162 376 1225 fmeasibus
405 1162 512 1232 lapibus
532 1162 664 1233 instituit,
692 1179 749 1234 pro
777 1163 894 1218 eirenem·
920 1168 950 1215 ut
968 1164 1050 1231 apud
1064 1163 1209 1218 Romanos
1222 1171 1290 1233 poet
1311 1182 1415 1218 annum
1432 1167 1656 1221 sexcentesimum
1676 1168 1754 1221 urbis

57 1248 173 1303 stantiie
189 1249 498 1319 locorumtemporum
515 1259 543 1304 et
559 1267 747 1320 personarum
775 1246 844 1303 κατὰ
860 1248 890 1303 rb
920 1249 1050 1303 conditae
1080 1248 1116 1302 id
1141 1266 1228 1317 penus
1257 1251 1381 1305 dammas
1399 1253 1573 1307 commissum
1599 1255 1754 1322 denotetur,

59 1334 181 1390 tombs
198 1343 224 1389 et
244 1338 285 1390 ad
301 1337 438 1391 romonem
451 1337 589 1406 politicae
616 1336 833 1391 consociationis
852 1343 895 1389 ot·
920 1334 964 1390 vel
983 1338 1015 1388 ut
1032 1335 1134 1392 bunius
1164 1335 1193 1390 iu
1222 1342 1279 1393 not.
1302 1337 1337 1392 ad
1356 1337 1559 1393 Tertullianum
1588 1344 1617 1393 et
1634 1337 1753 1394 Gentilis

60 1429 231 1491 temperatae
252 1430 328 1492 mat,
359 1423 389 1476 in
406 1423 505 1494 quibm
523 1424 627 1494 muba,
658 1440 731 1493 quoe
747 1440 809 1477 cum
833 1423 895 1492 leae
920 1419 969 1477 lib.
989 1426 1013 1476 a.
1033 1421 1068 1477 de
1085 1427 1164 1493 nupt.
1184 1438 1208 1478 c.
1227 1426 1251 1479 S.
1268 1429 1382 1495 propter
1408 1422 1456 1495 Sp.
1476 1422 1588 1480 Caruilii
1607 1425 1752 1497 repudium
1869 1488 1872 1497 Ι

62 1509 195 1578 deeotopi
208 1517 235 1563 et
254 1527 315 1565 eum
338 1511 457 1566 caritate
476 1511 603 1582 perimi
625 1528 681 1566 non
697 1525 895 1581 usquequaque
921 1524 984 1563 aun.
1001 1513 1059 1564 522.
1089 1508 1126 1564 ab
1155 1508 1225 1566 urbe
1253 1510 1366 1565 condita
1394 1509 1499 1566 iactum
1523 1509 1659 1581 limitent,
1686 1521 1753 1581 post

60 1603 226 1664 oonpruunt,
244 1597 451 1668 permittuntur,
470 1613 505 1652 ne
522 1605 612 1651 statas
628 1597 759 1667 publicus
773 1599 893 1667 'pertur-
921 1595 1164 1664 quinpmtssimum
1192 1594 1228 1649 ab
1255 1597 1323 1651 urbe
1354 1597 1468 1651 condita
1498 1596 1601 1652 annum
1630 1599 1754 1652 divortia

61 1684 148 1753 betur,
166 1691 248 1752 utque
267 1685 379 1754 moJora
396 1685 475 1738 mala
493 1685 640 1740 arctentur.
919 1680 985 1746 ocri
1001 1681 1125 1752 coepisse
1157 1681 1302 1751 dicuntur,
1332 1682 1360 1737 id
1393 1698 1425 1738 so
1445 1698 1528 1738 sensu
1552 1683 1753 1755 accipiendum,

97 1776 156 1826 597.
192 1775 217 1824 2.
238 1770 279 1825 Ex
298 1770 396 1842 politia
414 1772 544 1826 Judoico
555 1771 703 1828 temermm
714 1769 893 1826 divortiorum
919 1767 995 1839 quod
1015 1767 1051 1823 ob
1068 1767 1251 1823 reverentiam
1269 1769 1435 1824 matrimonii
1453 1786 1583 1825 concessa
1610 1771 1752 1843 perleges

62 1856 175 1912 licentia
194 1856 230 1910 ad
248 1856 325 1911 alios
345 1873 455 1929 quoque
483 1865 577 1928 pentes
603 1856 762 1913 dimanavit.
810 1854 894 1912 Solon
918 1852 1031 1909 licentia
1056 1871 1113 1909 non
1138 1853 1243 1910 fuerint
1259 1856 1317 1925 usi,
1348 1855 1478 1928 quodque
1505 1873 1560 1911 non
1577 1861 1635 1912 tam
1655 1857 1752 1913 crebra

36 1934 277 1998 ·Atheriiensium
307 1943 466 1999 nomotheta
495 1943 565 2014 'lege
599 1945 757 2014 constitnit,
785 1951 816 1997 ut
846 1944 896 2013 pai
919 1956 1086 2012 quacunque
1118 1958 1152 1996 ex
1178 1957 1262 1997 causa
1278 1942 1355 1997 facta
1374 1941 1477 1998 luerint
1501 1942 1627 1999 divortia.
1681 1943 1750 1999 cum

61 2047 176 2085 acorem
196 2030 383 2100 exturbasset,
412 2032 504 2085 detera
521 2029 570 2086 rtts·
585 2030 761 2094 restitueret,
785 2030 896 2099 alioqui
918 2044 983 2082 vero
1000 2026 1152 2093 Carvilius,
1185 2027 1228 2084 val
1260 2035 1292 2083 ut
1319 2028 1365 2083 alii
1398 2045 1461 2084 eum
1479 2029 1588 2084 'rocam
1606 2028 1751 2101 Carbilius,

59 2117 257 2172 interusurium
286 2118 545 2186 amoreidraebmale
577 2118 612 2172 ob
649 2134 757 2172 moram
785 2117 893 2172 soluere
919 2113 1073 2170 sterilitatis
1117 2130 1202 2171 causa
1248 2131 1360 2170 uxorem
1403 2114 1545 2171 dimittens
1595 2118 1752 2190 (postquam

61 2206 217 2274 copcbatur,
262 2202 421 2260 Alexander
444 2204 481 2260 ab
505 2204 585 2262 Alex.
612 2205 630 2261 1.
649 2210 673 2260 4.
696 2204 798 2276 genial.
824 2202 892 2259 dier.
919 2200 994 2271 apud
1024 2216 1151 2256 censores
1171 2201 1329 2271 juraverat,
1358 2217 1388 2255 se
1415 2200 1562 2257 liberorum
1583 2203 1752 2274 quaerendo-

60 2309 82 2345 ο.
108 2296 132 2347 8.
155 2291 204 2362 qui
229 2290 332 2346 ibidem
358 2290 451 2346 addit:
484 2292 575 2362 Apud
592 2290 775 2345 Atbeniensss
797 2289 893 2344 libello
918 2304 979 2341 rum
1009 2286 1101 2358 gratia
1124 2286 1205 2341 aliam
1225 2303 1336 2343 uxorem
1360 2287 1517 2358 ducturum)
1541 2289 1650 2346 initium
1667 2296 1752 2346 teme·

58 2379 176 2449 repudii
205 2385 336 2449 pos-resto
371 2395 390 2431 a
426 2377 488 2433 ciro
519 2377 564 2433 vel
592 2394 687 2447 urorc,
722 2395 761 2430 an
777 2377 894 2432 concedi
919 2373 984 2428 rarii
1013 2372 1125 2428 divortii
1154 2371 1274 2438 suamet,
1314 2373 1392 2429 malti
1426 2374 1473 2428 alii
1503 2377 1658 2447 exemplum
1691 2380 1751 2450 ejus

59 2464 166 2528 (tabeat,
186 2464 370 2532 mopistrotus
388 2465 520 2521 deoanit.
557 2462 720 2518 Charondae
737 2463 781 2518 lex
807 2462 893 2518 dabat
920 2459 1045 2516 nemetim
1061 2462 1127 2513 sunt
1146 2458 1243 2528 secati,
1260 2459 1308 2530 qui
1326 2460 1470 2515 levissimis
1492 2479 1524 2518 ex
1543 2463 1634 2517 musis
1653 2481 1751 2521 uxores

59 2549 220 2605 mulieribus
245 2549 407 2605 facultatem
436 2568 600 2622 quacunque
626 2553 661 2605 de
681 2567 767 2606 causo
793 2549 891 2605 avinis
919 2547 1028 2603 odiosas
1046 2562 1110 2601 asa
1128 2544 1303 2610 abdicarunt,
1321 2546 1441 2601 adeant
1460 2546 1565 2603 Seneca
1586 2548 1749 2606 deonorum

60 2635 225 2707 divertendi,
262 2635 403 2690 Diodorus
448 2634 531 2691 Sicul.
569 2636 616 2691 lib.
657 2641 696 2693 12.
731 2634 892 2692 bibliothec.
919 2637 1076 2704 temporum
1096 2631 1218 2687 moribus
1240 2631 1345 2687 scribat
1361 2631 1421 2689 libr.
1443 2638 1466 2687 3.
1491 2633 1750 2694 dehaustam:

58 2724 143 2796 Apud
164 2723 285 2777 Thurios
309 2738 343 2778 ea
361 2723 519 2780 conditione
543 2723 705 2796 permissum
728 2724 783 2780 fuit
800 2722 891 2778 divor·
918 2722 1067 2790 Numquid
1090 2722 1156 2790 jam
1188 2719 1250 2773 ulio
1279 2721 1401 2789 repudio
1433 2720 1576 2788 erubescit,
1602 2730 1751 2794 postquam

58 2811 144 2876 tium,
177 2816 208 2865 ut
233 2810 324 2866 neutri
349 2827 411 2864 cum
425 2811 536 2882 juniore
554 2827 656 2884 sponsa
681 2814 731 2865 aut
748 2810 807 2865 vira
827 2826 891 2864 con·
917 2808 1046 2863 riluatm
1080 2808 1220 2877 quaedam
1251 2823 1287 2860 aa
1316 2806 1423 2861 nobsbcs
1456 2808 1580 2873 feminae
1605 2828 1660 2866 non
1688 2830 1751 2865 oon·

54 2897 166 2969 jugium
186 2901 282 2967 postea
299 2896 369 2953 inire
386 2896 490 2968 liceret,
510 2913 546 2953 ue
564 2896 680 2953 libidine
699 2904 748 2952 aut
759 2895 892 2952 illecebra
918 2894 1009 2950 sulum
1023 2908 1146 2962 numero,
1166 2895 1219 2947 ssd
1232 2893 1399 2947 moritorum
1412 2911 1501 2949 annos
1512 2913 1579 2950 suos
1592 2906 1752 2968 computant

58 2983 214 3053 voluptaria
244 2983 333 3055 magis
376 3000 458 3055 quam
503 2983 589 3055 prolis
624 2999 709 3039 causa
745 2983 890 3039 divertisse
920 2988 947 3036 et
974 2989 1074 3037 comant
1101 2980 1275 3034 matrimonii
1293 2986 1397 3045 eausa,
1428 2982 1533 3037 nubunt
1552 2985 1668 3054 repudii
1674 2987 1688 3038 i
1717 3003 1752 3042 ec

57 3070 215 3126 videantur.
271 3072 382 3125 Tur-cae
400 3070 527 3142 plumbus
546 3070 582 3126 de
601 3070 707 3139 causis,
739 3086 808 3143 qnae
825 3069 892 3124 viris
919 3067 1108 3124 Tertullianus
1131 3067 1161 3121 in
1186 3066 1258 3138 apol.
1284 3066 1482 3123 adscribit:
1513 3070 1674 3140 Repudium
1686 3072 1751 3141 jam

58 3155 228 3213 comminisci
247 3155 329 3212 facile
346 3162 397 3226 est,
417 3155 663 3226 divortiafacinnt,
683 3156 810 3212 mulieres
827 3172 892 3211 vero
920 3163 945 3210 et
983 3163 1076 3210 cotum
1111 3162 1169 3218 est,
1208 3155 1292 3224 quasi
1336 3155 1510 3209 matrimonii
1542 3159 1662 3222 fructus.
1716 3159 1749 3225 Q.

59 3242 172 3315 aegrius
193 3241 293 3297 aviris
310 3241 458 3299 divertunt.
495 3243 528 3296 ln
547 3242 653 3309 causis,
685 3241 786 3315 quibus
804 3241 833 3296 id
851 3241 891 3297 sis
920 3242 1060 3298 Antistius
1086 3258 1199 3297 uxorem
1218 3241 1292 3313 qnod
1312 3258 1375 3297 cunr
1395 3241 1525 3298 libertina
1543 3259 1603 3299 eam
1630 3243 1750 3301 fabulari

57 3329 231 3402 pmmissum,
261 3329 314 3385 hae
335 3328 526 3399 continentur,
558 3330 585 3384 si
604 3330 703 3384 mariti
720 3331 820 3384 debitis
838 3331 891 3383 oli·
919 3330 1035 3400 viderat,
1053 3327 1218 3400 repudiarit
1235 3327 1363 3383 Valerius
1382 3328 1400 3382 1.
1421 3336 1444 3385 b.
1466 3345 1490 3386 c.
1510 3335 1532 3386 3.
1562 3330 1593 3386 (l.
1606 3330 1750 3402 Sulpitius,

57 3417 159 3472 mentm
189 3434 236 3470 cos
255 3418 407 3484 frondent,
436 3416 464 3470 si
476 3423 593 3486 praeter
618 3424 737 3470 naturae
749 3417 892 3487 praesmi-
921 3417 997 3489 qaod
1016 3416 1139 3472 invelato
1156 3414 1248 3486 capite
1267 3414 1343 3470 foras
1361 3415 1517 3487 prodiisset,
1536 3417 1703 3473 Plutarchus
1722 3420 1751 3474 in

53 3513 136 3576 ptum
154 3505 194 3558 eis
212 3503 292 3557 absai
308 3510 448 3574 conentur,
478 3503 553 3575 Aug.
578 3503 756 3575 Busbequius
778 3503 857 3574 epist.
867 3509 891 3559 3.
921 3503 1010 3576 prebl.
1029 3503 1109 3559 Rom.
1127 3501 1161 3558 P.
1179 3500 1371 3573 Sempronius,
1400 3503 1474 3575 quod
1502 3503 1583 3559 ludos
1611 3522 1640 3561 se
1663 3504 1750 3562 inscio

10 3593 44 3639 lta
60 3591 191 3658 Quinimo
211 3590 325 3663 quidam
343 3589 440 3661 populi
459 3607 493 3646 eo
511 3590 632 3646 levitatis
651 3590 729 3646 inere
744 3591 892 3662 progressi.
919 3595 1080 3664 spectasset,
1097 3589 1175 3643 uxori
1196 3589 1343 3661 repudium
1362 3588 1452 3655 misit;
1506 3590 1584 3663 Sylla
1601 3589 1750 3648 Caeciliam

60 3685 92 3733 ut
126 3694 225 3733 uxores
254 3677 326 3732 inter
353 3692 382 3732 se
402 3681 592 3748 permutarent
608 3682 636 3733 et
661 3676 833 3732 commodato
852 3677 891 3730 in·
919 3678 956 3732 ob
974 3682 1146 3749 praetextum
1178 3675 1331 3732 sterilitatis
1357 3676 1510 3748 abdicavit,
1538 3678 1704 3735 Plutarchus
1722 3679 1751 3734 iu

57 3765 148 3820 vicem
180 3764 286 3821 darent.
331 3764 481 3836 Lycurgus
508 3762 625 3817 indulsit
651 3763 892 3833 Lacedaemoniis,
919 3762 988 3836 Syll.
1027 3764 1174 3834 Augustus
1211 3761 1372 3817 Scribonius
1409 3762 1476 3817 nihil
1511 3763 1586 3819 aliud
1629 3764 1750 3835 objicere

59 3856 91 3906 ut
110 3849 206 3905 amicis
223 3850 382 3921 petentibus
401 3867 499 3905 uxores
521 3850 652 3914 locarent,
680 3849 847 3904 Plutarchus
863 3850 892 3903 in
918 3855 1043 3922 poterat,
1076 3864 1158 3920 quam
1191 3849 1264 3920 quod
1280 3854 1422 3919 pertaesus
1451 3853 1525 3904 esset
1550 3866 1656 3905 mamm
1681 3853 1752 3924 ejus,

57 3939 128 4010 Lyc.
161 3936 243 3992 Solon
272 3936 333 4008 lege
359 3936 417 3991 lata
435 3935 540 3991 taxavit
571 3935 702 3991 invidiam
722 3936 892 4000 maritorum,
919 3935 1068 3993 Suetonius
1088 3935 1119 3990 in
1134 3935 1255 4008 August.
1276 3934 1423 3990 Maecenas
1448 3934 1651 3994 inconstantiae
1674 3944 1750 3993 taxa-

55 4026 104 4098 qui
137 4025 255 4079 strenuis
289 4024 354 4079 viria
383 4040 499 4079 uxorum
519 4039 631 4078 suarum
661 4024 770 4094 copiam
797 4023 890 4079 iacere
918 4030 973 4092 tur,
992 4022 1067 4095 quod
1085 4036 1148 4076 eum
1168 4022 1204 4078 ab
1221 4037 1305 4077 uxore
1324 4021 1408 4076 semel
1436 4020 1592 4078 divertisset
1618 4023 1749 4096 illamque

54 4117 223 4179 recrearent,
244 4110 413 4167 Plutarchus
432 4112 461 4166 in
479 4110 572 4168 Solon.
605 4110 761 4166 Gemueaos
780 4109 890 4165 odiosas
919 4108 1098 4166 reconciliata
1114 4109 1204 4180 gratia
1222 4108 1305 4179 paulo
1324 4111 1388 4179 past
1404 4107 1573 4177 reduxisset,
1596 4108 1695 4164 iterum
1717 4128 1750 4166 ac

55 4215 154 4253 uxores
183 4198 227 4252 vel
253 4197 342 4268 pretio
362 4197 535 4263 distraxisse,
567 4198 611 4254 vel
641 4203 825 4254 commutasse
857 4215 889 4252 er
919 4196 1001 4253 tertio
1027 4212 1089 4250 cum
1113 4209 1147 4249 es
1164 4193 1304 4249 simultate
1324 4197 1419 4249 exorta
1446 4194 1591 4265 repudium
1618 4194 1685 4250 iecit
1723 4203 1750 4251 et

57 4284 136 4342 dulia
155 4283 272 4339 Caesare
290 4284 326 4338 dc
345 4283 408 4338 bell.
428 4282 501 4339 Gall.
519 4282 674 4356 colligitur,
703 4300 775 4356 quae
799 4238 905 4401 omnia:
918 4300 982 4339 mox
1002 4283 1031 4337 in
1055 4281 1173 4355 gratiam
1199 4281 1290 4351 venit,
1322 4297 1408 4353 qnare
1431 4281 1529 4337 millies
1550 4298 1613 4337 eum
1640 4283 1750 4337 duxisse

54 4390 110 4428 non
141 4371 229 4426 solum
259 4387 320 4424 curn
350 4369 441 4441 prima
470 4369 593 4441 conjugii
619 4369 808 4437 instintione,
840 4369 889 4424 sed
917 4386 1028 4427 uxorem
1058 4367 1213 4436 terebatur,
1250 4383 1313 4422 cum
1350 4383 1433 4422 uuam
1470 4365 1592 4424 haberet.
1647 4368 1750 4423 Paulus

53 4459 138 4514 edam
162 4473 225 4511 curn
243 4455 369 4511 Mosaios
395 4456 590 4511 constitutione
614 4462 756 4529 pugnant,
787 4456 815 4511 in
834 4473 889 4528 qua
901 4416 904 4517 i
918 4456 1062 4525 Aemilius,
1079 4471 1143 4510 cum
1157 4460 1329 4526 argueretur,
1348 4453 1422 4525 quod
1440 4458 1504 4524 post
1517 4453 1630 4526 longum
1642 4459 1750 4526 tempus

54 4542 267 4599 abominationis
284 4542 346 4597 loeo
363 4543 490 4607 habetur,
508 4543 532 4598 si
551 4544 665 4598 maritus
678 4559 791 4599 uxorem
804 4526 904 4651 aemuli
919 4559 1031 4598 uxorem
1051 4541 1193 4613 Papiriam
1212 4539 1377 4596 foecundam
1389 4543 1419 4595 et
1431 4538 1579 4594 formosam
1591 4539 1749 4604 dimisisset,

54 4629 214 4686 abdicatam
246 4634 274 4684 et
301 4628 379 4683 alteri
404 4635 519 4699 nuptam
544 4629 703 4700 postliminii
729 4629 807 4702 quasi
824 4630 903 4700 jure·
919 4630 1079 4702 respondit,
1109 4630 1244 4683 neminem
1270 4628 1355 4694 sabe,
1387 4645 1443 4697 orca
1468 4629 1498 4681 in
1521 4636 1607 4698 parte
1629 4629 1749 4694 calceos,
1765 4646 1819 4690 xvi.
1835 4644 1880 4689 tu.

55 4718 86 4772 in
107 4716 217 4771 domum
234 4722 263 4771 et
280 4721 371 4770 torum
390 4715 513 4787 recipiat.
679 4770 684 4779 ,
900 4704 980 4789 ilicet
996 4717 1140 4788 speciosiss
1149 4717 1247 4785 foret,
1272 4732 1338 4770 suos
1355 4722 1495 4785 premeret
1520 4715 1638 4783 dipitoo,
1668 4715 1745 4771 Plut-

93 4808 151 4859 598.
187 4807 210 4858 3.
228 4802 314 4873 Apud
333 4804 476 4857 Personas
509 4802 603 4859 itidem
634 4819 736 4875 magna
766 4802 820 4858 fuit
847 4803 887 4858 di·
915 4803 1014 4861 archus
1042 4803 1071 4858 in
1098 4801 1226 4858 Aemilio.
1279 4801 1353 4858 Vide
1378 4801 1566 4857 Alexandrum
1595 4801 1632 4856 ab
1664 4802 1743 4858 Alex.

10 4872 34 4954 'a
58 4888 209 4945 rortiomm
228 4888 347 4953 boantis,
367 4888 416 4944 sed
430 4889 544 4945 diversis
556 4889 726 4961 temporibus
738 4889 888 4962 aliquando
913 4891 961 4946 lib.
982 4897 1006 4946 4.
1025 4906 1088 4963 geu.
1107 4888 1172 4945 dier.
1196 4904 1220 4943 c.
1246 4893 1269 4945 8.
1293 4893 1321 4944 et
1337 4887 1526 4960 Tiraqusllum
1555 4888 1584 4943 in
1600 4894 1657 4946 not.
1676 4888 1743 4947 ibld.

55 4975 160 5045 maior,
186 4974 336 5046 aliquando
354 4974 450 5030 minor.
499 4975 577 5047 Lege
594 4974 652 5029 Xll
675 4974 832 5031 tabularum
853 4975 888 5032 de
916 4974 1042 5032 Coelium
1059 4973 1257 5045 Rhodigiuum,
1275 4972 1338 5030 libr.
1360 4979 1400 5031 15.
1419 4972 1483 5029 leot.
1501 4973 1586 5046 antiq.
1606 4992 1667 5047 cap.
1702 4981 1743 5033 lb.

55 5061 182 5117 divortiis
209 5065 320 5116 sautum
346 5060 459 5132 aliquod
485 5061 570 5117 luisse
593 5061 711 5134 intelligi
736 5065 829 5134 potest
854 5048 1078 5143 exiArnieaenm
1109 5061 1144 5116 de
1173 5061 1237 5132 jure
1269 5058 1387 5115 connub.
1416 5076 1477 5131 cap.
1506 5065 1530 5116 6.
1558 5065 1624 5115 sect.
1653 5067 1677 5119 3.
1695 5063 1744 5119 ubi

53 5149 190 5205 Cicerone
221 5146 343 5218 Philipp.
374 5153 397 5203 2.
429 5145 478 5202 ubi
508 5148 543 5204 de
561 5146 683 5204 Antonio
713 5148 795 5217 dicit,
826 5149 996 5222 cum'plura
1025 5148 1184 5219 hujusmodi
1223 5146 1350 5218 exempla
1384 5143 1535 5203 adducunt.
1585 5147 1744 5205 Utebantur

57 5234 233 5290 Volumniam
259 5233 372 5288 mimam
401 5249 446 5287 res
476 5250 544 5287 suas
561 5234 663 5288 babere
692 5235 824 5304 immas,
853 5250 887 5289 er
914 5241 1005 5291 autam
1024 5233 1052 5289 in
1071 5234 1194 5289 divortiis
1211 5232 1265 5289 hae
1282 5232 1415 5290 formula:
1439 5234 1515 5288 Tuas
1528 5251 1574 5288 rer
1592 5235 1644 5289 tibi
1660 5237 1745 5305 apito,

50 5321 200 5376 duodecim
220 5319 380 5374 tabularum
399 5320 506 5391 lapibus
523 5320 617 5375 elaces
641 5321 795 5390 ademisse,
827 5336 885 5376 ere·
913 5330 977 5376 tuas
995 5339 1042 5378 res
1061 5322 1113 5376 tibi
1129 5322 1236 5390 habeto,
1255 5320 1304 5375 sed
1323 5320 1352 5375 in
1373 5319 1548 5392 sponsalibus
1561 5319 1744 5377 dissolvendis

50 5409 128 5478 pisse
150 5407 201 5461 boe
225 5424 281 5460 uno
307 5412 458 5475 spectatum
477 5406 578 5475 daem,
609 5408 686 5477 qaod
712 5424 773 5461 cum
802 5407 1006 5473 mimadicere
1026 5407 1165 5463 solebant:
1196 5407 1357 5463 conditione
1386 5415 1436 5461 tua
1452 5425 1508 5463 non
1527 5414 1598 5462 utor.
1650 5407 1744 5464 Nece

43 5492 154 5568 jecerit
172 5493 330 5547 divortium.
380 5493 571 5548 Hotomannus
591 5500 661 5564 part.
686 5499 709 5549 3.
734 5510 830 5551 comm.
850 5495 884 5549 ad
912 5492 1115 5568 permutatione
1146 5508 1262 5548 uxorum
1293 5499 1322 5549 et
1350 5493 1557 5564 repudiatarum
1581 5493 1617 5548 ad
1642 5510 1672 5549 se
1702 5510 1743 5548 re·

106 5587 209 5629 ossusmr
223 5587 272 5629 roa.
290 5587 337 5631 vm
1372 5601 1404 5651 25
