4020 6022
222 258 283 320 ira
668 313 685 345 ,
800 252 924 312 naeus
940 247 1145 359 pommus
1163 222 1332 319 aurnuns

222 406 306 463 imni
325 406 509 480 conglutinati
523 412 595 477 eunt,
613 405 725 478 placide
742 412 770 463 et
783 409 897 464 comiter
915 427 933 463 a
951 424 1051 479 propo·
1084 407 1259 477 sponsalibus
1294 408 1367 463 iuter
1400 406 1619 478 consanguineos
1653 404 1802 462 conuectis
1833 406 1919 459 intes

223 494 277 549 sito
295 494 486 564 nupturientes
505 498 569 548 sunt
586 492 757 563 abducendi,
783 495 826 549 sin
846 510 912 551 vero
930 494 1055 550 admoni-
1081 494 1279 565 constituerat,
1309 495 1336 551 d.
1368 512 1392 553 c.
1411 493 1448 549 ad
1467 492 1638 550 audientiam
1667 498 1736 550 extr.
1770 492 1805 548 de
1835 508 1919 563 spou-

223 581 300 635 tione
323 580 376 635 ista
396 579 555 651 posthabita
577 580 606 635 iu
625 580 761 636 sententia
777 599 828 637 sua
842 580 957 637 firmiter
970 580 1055 653 persi·
1082 581 1161 638 sulib.

224 674 306 732 stant,
324 667 393 739 legis
407 667 526 738 quodam
539 666 631 738 rigore
642 667 783 738 prohiberi
802 675 951 740 nequeunt,
969 667 1057 722 multo
1117 672 1175 723 360.
1211 666 1305 739 Atque
1323 667 1428 723 isthaec
1446 673 1570 725 veterum
1588 682 1726 722 canonum
1738 671 1781 722 est
1801 664 1919 731 decisio,

224 753 315 807 miuus
334 753 400 807 talia
417 753 592 808 matrimonia
610 755 800 810 consummata
816 754 940 826 disjungi
951 753 995 809 sel
1007 770 1057 825 pro
1069 766 1072 827 5
1083 754 1132 809 sed
1155 753 1249 809 neema
1280 755 1402 825 proxime
1428 754 1522 824 elapso
1546 752 1693 809 concilium
1717 750 1918 807 Tridentinum

225 838 374 911 illegitimis
394 844 422 893 et
439 839 544 894 illicitis
563 839 665 895 censeri
686 840 796 897 debent.
1084 858 1149 895 sess.
1164 846 1206 899 24.
1225 858 1286 911 cap.
1300 846 1325 896 3.
1346 841 1375 894 in
1392 841 1495 895 decret.
1513 840 1547 895 de
1566 838 1675 896 reform.
1694 839 1814 894 matrim.
1829 838 1921 908 Impe-

97 915 131 955 Μ’
146 925 176 954 ⁸¹
260 929 318 980 359.
355 925 450 995 Atque
476 925 544 980 hacc
576 928 611 979 iio
636 927 850 998 propinquitate
880 925 1010 979 naturali
1030 931 1057 977 et
1084 928 1235 982 diuentum
1256 927 1326 982 illud
1348 927 1452 998 duplici
1472 926 1580 983 ratione
1600 926 1785 982 imminuitur
1801 925 1921 979 cucum-

97 965 192 1057 ωοᾶυιιιιι-
225 1011 441 1081 matrimoniali,
471 1011 522 1065 hoc
541 1017 583 1064 est
603 1013 638 1065 de
656 1013 897 1081 consanguinitate
915 1018 942 1065 et
959 1011 1056 1080 offini-
1083 1014 1198 1085 scripsit.
1247 1013 1303 1071 Ubi
1335 1013 1407 1069 enim
1443 1014 1582 1085 sponsalis
1613 1029 1779 1086 quacunque
1810 1010 1921 1066 ratione

97 1068 183 1161 mi„
226 1103 290 1160 tate,
309 1095 456 1163 dictasint,
475 1096 521 1150 cui
538 1097 694 1151 tractationi
712 1104 861 1169 antequam
878 1096 1055 1169 finemimpo·
1083 1100 1176 1154 valida
1199 1117 1253 1153 uon
1282 1107 1361 1165 sunt,
1389 1117 1502 1171 prorsus
1530 1099 1601 1154 illud
1632 1100 1721 1168 tollit3
1744 1097 1794 1153 ubi
1824 1104 1921 1153 autern

96 1172 211 1264 ffiss,
227 1196 338 1247 namus,
363 1180 501 1237 coronidis
527 1181 587 1237 loco
614 1183 739 1253 quaestio
757 1183 921 1256 explicanda
938 1187 995 1253 esti,
1018 1188 1057 1236 a'n
1082 1186 1176 1241 valida
1194 1185 1312 1255 fuerint,
1337 1184 1457 1257 primum
1476 1185 1594 1256 gradum
1611 1200 1668 1239 non
1686 1185 1820 1241 excedere
1842 1200 1921 1238 mau-

97 1270 308 1323 niuniu-iiiam
328 1284 361 1322 ea
379 1269 465 1322 nudis
488 1269 666 1338 monialibus
684 1270 793 1324 oriatur
812 1270 944 1341 affinitas
960 1270 1057 1323 moiri·
1083 1272 1144 1343 dat,
1188 1272 1317 1343 quoniam
1365 1272 1392 1326 iu
1428 1271 1604 1327 ulterioribus
1639 1271 1774 1344 gradibus
1810 1271 1921 1342 absque

97 1328 201 1377 ''dm''
224 1355 345 1410 monium
364 1355 541 1425 impedierit
585 1356 752 1410 Canonistae
775 1364 802 1411 et
820 1355 959 1412 Pontificii
975 1355 1056 1410 'affir-
1083 1359 1228 1430 dispcndio
1255 1358 1414 1428 hujusmodi
1443 1357 1593 1429 prohibitio
1621 1358 1761 1415 obseruari
1784 1364 1919 1430 nequeat

223 1449 317 1513 mant,
342 1442 417 1497 unde
434 1441 661 1512 impedimentum
686 1443 800 1514 aliquod
819 1443 931 1515 nuptias
950 1448 1057 1499 contra·
1083 1445 1176 1516 Atque
1199 1443 1271 1499 hane
1298 1444 1456 1499 Tridentini
1479 1445 1588 1500 concilii
1614 1446 1783 1501 sanctionem
1810 1444 1920 1500 Bellar-

226 1528 331 1585 heudas
372 1527 526 1599 impediens
569 1535 597 1581 et
634 1535 789 1585 contractas
834 1529 986 1584 dissolvens
1024 1546 1056 1585 ex
1083 1530 1174 1586 minus
1192 1532 1325 1603 sequitur,
1346 1532 1456 1603 quando
1470 1533 1615 1602 publicani
1631 1533 1798 1588 honestatem
1817 1534 1848 1587 in
1862 1533 1920 1586 aii·

226 1616 403 1687 sponsalibus
435 1614 500 1669 on‘ri
526 1619 665 1682 statuunt,
695 1616 769 1686 quod
793 1623 893 1671 vocant
914 1617 1055 1685 jectitione
1083 1635 1138 1688 quo
1156 1619 1256 1673 saitem
1273 1620 1384 1688 proriis,
1401 1628 1473 1689 puto
1487 1622 1597 1692 primo,
1618 1621 1827 1675 matrimonium
1844 1621 1919 1673 diri·

220 1704 354 1776 publii-ue
377 1703 538 1757 honestatis.
587 1702 704 1757 Publica
728 1703 775 1757 illa
801 1703 930 1759 honestas
954 1710 997 1758 est
1015 1703 1056 1756 iu·
1085 1723 1158 1759 mare
1175 1705 1281 1759 satuit.
1318 1704 1405 1761 Notat
1421 1711 1514 1760 autem
1531 1705 1658 1761 Carisius
1675 1706 1705 1760 in
1718 1706 1834 1762 institut
1844 1707 1920 1777 juris

224 1790 325 1845 choata
345 1791 486 1859 praedam
504 1790 645 1859 affinitas,
662 1790 734 1845 sicut
751 1790 899 1860 sponsalia
915 1790 1056 1843 matrimo·
1084 1808 1181 1848 canon
1210 1790 1258 1849 lib.
1285 1797 1309 1848 2.
1335 1792 1376 1849 tit.
1404 1797 1443 1848 13.
1463 1791 1677 1848 moderationem
1705 1791 1782 1847 illam
1806 1792 1920 1846 concilii

223 1878 299 1931 iiiam
332 1877 490 1930 inclinatam
528 1874 582 1929 dici
619 1882 744 1946 possunt.
799 1875 984 1931 BellarmInus
1021 1875 1055 1930 de
1082 1877 1238 1935 'I'n'deutini
1258 1895 1312 1932 nou
1330 1878 1469 1949 pertinere
1497 1885 1517 1934 1.
1535 1879 1572 1935 ad
1600 1878 1758 1951 sponsalia,
1788 1896 1861 1951 quae
1882 1881 1921 1933 ite

222 1964 340 2020 matrim.
365 1979 425 2033 cap.
444 1968 486 2019 ³0.
513 1959 540 2034 ἓ.
559 1969 585 2019 t.
630 1961 669 2018 Ut
694 1979 760 2035 ergo
786 1962 909 2033 perfecta
935 1961 1056 2017 affinitas
1076 1966 1225 2035 praesenti
1240 1965 1427 2038 appellantur,
1455 1965 1505 2020 sed
1527 1972 1636 2021 tautum
1657 1966 1693 2021 ad
1720 1964 1863 2036 sponsalia
1882 1968 1921 2019 ile

224 2050 450 2121 impedimentum
476 2056 518 2104 est
542 2048 672 2103 dirimens
700 2049 902 2104 matrimonium
922 2049 951 2103 in
969 2048 1054 2103 omui·
1080 2054 1195 2119 futuro,
1220 2068 1293 2124 quae
1318 2052 1345 2106 in
1372 2052 1495 2107 futurum
1521 2058 1630 2124 tempus
1658 2051 1826 2106 matrimonii
1852 2069 1920 2106 cou-

225 2138 276 2191 bus
296 2136 445 2207 gradibus,
472 2135 512 2190 ita
535 2138 642 2206 justum
664 2135 717 2206 ipsi
741 2136 864 2205 videtur,
887 2143 917 2188 at
939 2135 1056 2204 publica
1082 2138 1208 2195 trahendi
1227 2138 1329 2193 collata
1353 2143 1431 2205 sunt,
1457 2137 1531 2209 quod
1552 2138 1653 2208 probet
1677 2155 1710 2192 ex
1727 2137 1920 2195 declaratione

223 2224 353 2277 honestas
372 2223 581 2277 matrimonium
600 2223 629 2274 in
650 2222 747 2291 aliquo
766 2221 856 2274 solum
872 2223 967 2288 produ
986 2222 1055 2275 diri·
1084 2226 1129 2279 Pii
1148 2225 1182 2282 V.
1222 2224 1359 2296 pontificis
1394 2224 1423 2279 iu
1455 2230 1557 2281 extrav.
1587 2226 1624 2280 ad
1653 2224 1809 2279 Romanum
1842 2224 1920 2279 edita

224 2318 289 2364 mot.
337 2308 393 2365 Sed
429 2309 546 2364 discedit
576 2308 628 2362 hac
660 2307 688 2362 in
721 2314 800 2379 parte
827 2307 1010 2363 Bellarminus
1040 2325 1057 2365 a
1083 2311 1636 2379 auno1567.(Navarr.inencb.e.22.
1662 2330 1688 2365 u.
1711 2318 1752 2367 55.
1775 2319 1802 2365 et
1821 2308 1919 2366 Thad-

224 2396 383 2465 canonistis,
403 2396 451 2468 qui
469 2413 525 2450 nou
542 2395 570 2449 in
593 2393 687 2465 aliquo
707 2395 795 2448 solum
806 2394 897 2464 gradu
915 2394 1055 2465 publicam
1068 2414 1071 2419 ·
1083 2400 1169 2454 dacus
1186 2399 1249 2453 Piso
1268 2398 1303 2453 de
1321 2416 1413 2470 spons.
1437 2404 1507 2470 past.
1527 2403 1549 2454 2.
1569 2417 1595 2468 p.
1615 2403 1656 2455 93.
1675 2414 1748 2452 auno
1763 2404 1840 2454 1566.
1860 2397 1919 2452 edi·

223 2483 394 2539 honestatem
419 2482 549 2538 dbimme
567 2481 770 2536 matrimonium
797 2488 939 2551 statuunt,
960 2482 1009 2536 sed
1027 2482 1056 2535 iu
1082 2490 1140 2539 tam
1152 2500 1211 2539 esse
1224 2485 1371 2553 referunt),
1389 2500 1439 2539 nec
1453 2484 1628 2554 pertineret.
1642 2483 1678 2538 ad
1696 2484 1839 2554 sponsalia
1853 2502 1917 2539 con·

223 2585 324 2641 genere
337 2568 522 2640 pronuntIant,
539 2568 759 2637 consriiipniricos
771 2569 868 2638 sponsi
878 2586 940 2621 cum
952 2586 1056 2637 sporum
1068 2594 1071 2623 ι
1084 2569 1235 2625 ditionali'a
1254 2576 1319 2625 aute
1336 2569 1501 2626 conditionis
1513 2575 1651 2633 eventum,
1671 2569 1745 2640 quod
1764 2569 1868 2640 probat
1882 2588 1917 2626 ex

222 2674 275 2726 per
292 2664 406 2710 mortem
424 2656 522 2724 sponsi
536 2654 580 2708 eol
594 2655 653 2708 alio
672 2656 755 2708 modo
776 2654 901 2707 rescissis
915 2655 1053 2724 sponsali·
1068 2630 1277 2741 {constitutione
1296 2654 1529 2735 BonilaciiYIIl.
1547 2656 1575 2712 d.
1595 2673 1620 2712 c.
1639 2656 1713 2712 unic.
1737 2656 1772 2711 de
1792 2656 1913 2728 sponsal.

226 2745 275 2797 hus
292 2743 457 2797 contrahere
480 2760 535 2795 non
554 2758 654 2809 posse,
682 2749 707 2793 ct
734 2742 793 2793 uice
812 2759 904 2808 ocrea,
930 2742 958 2796 id
982 2742 1111 2814 quod3in
1136 2748 1159 2799 o.
1181 2739 1208 2817 ξ
1235 2742 1280 2799 fin.
1316 2742 1373 2796 Ille
1399 2752 1463 2796 uero
1490 2740 1591 2812 (iuquit
1615 2740 1748 2812 pontifex)
1766 2744 1817 2813 qui
1836 2760 1918 2813 ipon-

224 2829 353 2902 cougruit
375 2844 439 2883 cum
469 2825 621 2883 manifestis
642 2826 713 2895 juris
738 2826 864 2880 canonici
889 2826 1010 2881 textibus
1033 2842 1055 2881 c.
1068 2814 1071 2907 j
1083 2829 1156 2881 saliis
1176 2846 1238 2882 oiim
1256 2828 1355 2898 aliqua
1373 2827 1490 2881 aridiore
1510 2828 1560 2881 suh
1580 2829 1740 2882 conditione
1762 2830 1914 2893 reserarit,

223 2915 340 2973 iuvenis
363 2922 429 2972 extr.
455 2914 491 2969 de
513 2930 604 2984 spons.
631 2918 660 2968 et
677 2913 808 2967 matum:
830 2914 951 2985 Propter
975 2912 1111 2969 hono-lsi
1129 2918 1309 2986 postmodum
1332 2923 1397 2968 onte
1421 2916 1592 2969 conditionis
1618 2923 1742 2969 euentum
1766 2935 1829 2971 cum
1855 2918 1916 2971 alia

224 3010 324 3059 statem
345 3002 495 3070 ecelesiae,
515 3002 582 3071 quio
604 3000 725 3069 coip’una
741 3001 833 3065 fnium
852 3000 958 3055 dicitur
977 3000 1056 3055 iliius
1068 2972 1072 3051 i
1079 3003 1190 3072 prioris
1210 3002 1417 3070 consanpuinca
1428 3018 1484 3070 per
1500 3002 1584 3055 uerbo
1595 3004 1765 3057 conuenerit
1780 3004 1816 3058 ds
1832 3020 1916 3074 pros·

221 3090 340 3160 iuuenis,
355 3089 405 3158 qui
413 3087 542 3158 melloni
553 3088 678 3140 nostriani
689 3094 844 3156 septennem
855 3104 916 3141 sani
928 3089 1056 3155 damnat,
1069 3093 1071 3123 ¹
1083 3090 1161 3152 soriti,
1182 3107 1243 3142 cum
1262 3090 1386 3143 secunda
1402 3104 1546 3143 remanere
1567 3088 1682 3155 debebit,
1701 3106 1762 3144 eum
1782 3106 1816 3144 aa
1833 3109 1916 3161 spon·

224 3179 409 3239 inundemus,
436 3181 572 3244 quatenns
602 3174 797 3228 consobrinam
826 3173 905 3228 illius
932 3173 1190 3305 paelicajsoli'bus
1216 3174 1451 3229 conditionalibus
1469 3182 1534 3229 anto
1558 3176 1743 3230 conditionem
1763 3186 1916 3233 sanantem

225 3282 308 3335 quam
324 3263 503 3333 postmodum
523 3262 617 3328 deerit,
645 3261 680 3313 ab
704 3263 801 3314 sidem
823 3262 946 3318 dissidas.
976 3278 1001 3317 c.
1019 3259 1154 3339 adlsiont
1178 3279 1338 3315 consensum
1369 3280 1425 3314 non
1454 3260 1616 3315 linientibus
1639 3270 1666 3316 et
1692 3262 1809 3318 incertis
1835 3265 1917 3319 nulio

224 3347 479 3407 audientiameod.:
500 3348 637 3417 Sponsam
648 3348 754 3412 frat-ris
767 3350 868 3416 frater
881 3348 981 3400 habere
999 3346 1211 3418 nonlpublicac
1238 3348 1390 3403 iioriastatis
1411 3347 1524 3415 justitia
1553 3348 1670 3405 oriatur.
1714 3348 1826 3406 Thadd.
1849 3350 1916 3406 Piso

220 3444 321 3509 potest.
341 3433 517 3505 asponiam
535 3433 607 3488 eod:
630 3433 769 3502 Sponsam
790 3433 917 3502 alter-ius,
934 3434 1055 3486 morinis
1068 3420 1071 3479 l
1083 3435 1213 3490 Soacciue
1240 3435 1265 3492 d.
1288 3436 1306 3491 1.
1330 3434 1408 3489 addit
1431 3452 1487 3489 uon
1511 3435 1650 3506 pertinere
1669 3440 1694 3490 3.
1719 3435 1755 3490 ad
1774 3437 1916 3508 sponsalia

223 3523 252 3578 si
263 3531 304 3578 est
316 3522 406 3576 nulii
417 3521 506 3575 aetati
521 3520 659 3589 prosimu,
678 3519 773 3573 nullus
784 3521 1055 3589 consonpuinsorum
1068 3490 1071 3619 ξ
1083 3504 1229 3577 condocta
1246 3541 1264 3575 a
1282 3522 1435 3576 minoribns
1452 3523 1594 3592 septennio
1615 3539 1639 3576 e.
1658 3540 1690 3578 ex
1709 3523 1862 3594 sponsalib.
1881 3524 1916 3580 de

226 3610 323 3682 atiquo
352 3610 435 3665 motio
466 3607 521 3662 sibi
545 3615 637 3676 potest
667 3607 846 3661 matrimonio
870 3607 1011 3675 copulare.
1031 3623 1174 3680 eispons.
1202 3608 1230 3662 in
1258 3614 1282 3665 6.
1305 3625 1357 3665 nec
1381 3607 1561 3680 pertineret.
1583 3609 1619 3663 ad
1637 3608 1777 3680 sponsalia
1798 3611 1915 3679 incerta,

225 3697 351 3755 Accessit
372 3702 441 3752 extr.
467 3693 501 3749 de
525 3693 653 3762 despons.
673 3691 792 3764 impub.:
819 3694 997 3748 liiiionastuni
1018 3695 1056 3748 ri·
1068 3686 1071 3763 Ι
1084 3714 1148 3751 cum
1166 3695 1194 3749 iu
1210 3711 1356 3766 personam
1374 3695 1507 3750 incertam
1521 3712 1576 3750 uon
1593 3694 1698 3758 feratur
1711 3712 1863 3752 consensus
1878 3698 1915 3769 gl

226 3788 315 3849 aletur,
334 3792 364 3838 at
376 3791 492 3837 matrem
503 3781 611 3849 haheat,
630 3780 711 3849 cujiie
722 3781 785 3845 filia
802 3781 859 3842 fnit
871 3781 926 3835 sihi
937 3783 1055 3851 despon·
1068 3826 1070 3869 ,
1081 3783 1111 3838 iu
1130 3783 1156 3837 d.
1177 3800 1200 3839 c.
1220 3799 1253 3837 ex
1273 3798 1365 3853 spons.

226 3881 300 3927 rota.
322 3887 346 3926 e.
367 3866 567 3925 CantInebatur
586 3865 661 3923 eod:
686 3867 721 3923 δι’
733 3867 834 3935 puello
855 3869 929 3921 intra
949 3869 1071 3941 nubiicsg
1119 3875 1175 3926 361.
1213 3868 1286 3934 Quid
1304 3868 1338 3923 de
1352 3867 1406 3923 boc
1423 3866 1620 3939 impedimento
1643 3866 1772 3937 publicae
1785 3866 1995 3923 honeste-sini

225 3975 314 4014 aanor
340 3957 430 4011 alictii
450 3957 621 4024 desponsata
632 3954 740 4022 suerit,
765 3972 820 4009 non
838 3955 902 4008 licet
921 3955 1010 4009 alicui
1020 3957 1056 4010 de
1068 3970 1071 4031 3
1082 3956 1118 4011 tis
1136 3955 1314 4021 statuendum
1332 3953 1382 4021 sit,
1414 3952 1592 4024 sequentibus
1612 3951 1776 4023 aphorismis
1794 3954 1914 4025 explica·
1926 3930 2006 4022 ξζξῃ.

226 4044 467 4113 consanpuinitate
487 4042 591 4112 spirius,
618 4041 666 4095 cui
686 4043 855 4112 desponsata
875 4043 973 4111 fucrit,
994 4060 1055 4096 eam
1068 4036 1070 4059 ⁵
1082 4043 1187 4098 bimus:
1206 4045 1230 4096 1.
1250 4041 1369 4096 Justitia
1382 4040 1514 4110 publicae
1526 4040 1678 4093 honestatis
1696 4057 1752 4094 non
1770 4047 1811 4094 est
1827 4042 1915 4113 impe-
1927 4035 2008 4127 Ἢ·

225 4131 256 4186 in
283 4148 397 4185 naorein
417 4132 530 4193 dacaru,
560 4145 610 4183 noo
636 4130 686 4195 fas
709 4136 750 4183 est
779 4130 869 4182 sidem
895 4147 996 4200 iponem
1021 4129 1235 4195 (testimenium
1271 4128 1408 4181 dirimens
1445 4126 1649 4180 matrimonium
1678 4134 1851 4182 constructum
1891 4137 2004 4184 missin

111 4233 207 4277 xiste
225 4217 468 4287 consanpui‘nitats
506 4231 625 4285 moriens
660 4216 715 4269 sibi
749 4215 876 4285 aliquam
911 4217 1307 4286 copiiioro.=coiisunimatuiii.
1358 4210 1490 4288 Rationes
1519 4210 1572 4266 hae
1602 4218 1677 4267 suut:
1709 4218 1734 4270 1.
1755 4231 1775 4266 o
1801 4215 1917 4279 defectu
1929 4194 2005 4282 ffi

225 4306 301 4379 Ergo
328 4306 410 4375 juxte
440 4308 558 4358 veterem
585 4302 656 4373 juris
685 4301 810 4358 canonici
849 4301 1277 4381 dispositionem,prohibitionis
1302 4298 1423 4355 divinae.
1466 4298 1563 4370 Neque
1583 4299 1656 4354 enim
1677 4297 1759 4354 ullibi
1779 4298 1916 4358 in'verbo

226 4391 341 4463 publica
357 4390 486 4445 honestas
505 4388 673 4460 impediebat
691 4388 894 4443 matrimonium
913 4405 1000 4460 usque
1019 4387 1135 4453 ad;Dei
1169 4385 1371 4442 matrimonium
1404 4402 1468 4439 cum
1500 4385 1712 4457 consanguineis
1742 4387 1837 4457 sponsi
1870 4390 1916 4445 rel

225 4478 286 4533 Illos
304 4478 416 4550 gradm,
435 4476 470 4530 ad
484 4493 552 4549 quos
571 4476 631 4546 ipsa
648 4474 772 4546 perfecta
784 4473 904 4529 affinitas
917 4475 1056 4547 pertingit,
1068 4464 1070 4511 ἶ
1082 4490 1199 4544 sponsae
1217 4477 1386 4528 conuectum
1402 4470 1515 4525 dissolvi
1529 4471 1652 4542 jubetur.
1685 4476 1712 4530 2.
1725 4474 1770 4527 Ab
1787 4475 1917 4544 ampliori

224 4564 277 4619 hoc
294 4569 337 4620 est
357 4580 443 4634 usque
463 4563 499 4616 ed
517 4564 638 4631 proriam
656 4569 793 4630 quartum.
813 4578 836 4616 e.
857 4561 921 4618 Nou
934 4561 1016 4617 debet
1030 4569 1055 4620 8.
1068 4556 1070 4627 J
1083 4561 1228 4615 sci-borum
1255 4559 1284 4613 in
1304 4558 1367 4630 lege
1394 4556 1488 4613 diviua
1506 4564 1618 4629 propter
1636 4556 1799 4614 affinitatem
1818 4562 1916 4618 matri-

225 4656 292 4707 extr.
312 4650 346 4704 de
364 4665 439 4707 cone.
458 4655 487 4703 et
505 4646 603 4703 affluit.
640 4646 853 4702 panormitanus
873 4648 909 4702 ad
927 4665 950 4704 c.
968 4647 1204 4769 swa-,monium
1229 4645 1392 4718 prohibente
1415 4644 1498 4699 Lavit
1526 4650 1571 4709 18.
1594 4663 1619 4701 v.
1639 4651 1665 4702 ⁸:
1691 4646 1756 4699 Non
1775 4648 1917 4705 revetata

225 4753 284 4791 sam
308 4741 376 4793 extr.
402 4736 436 4791 de
456 4751 549 4806 spons.
575 4740 661 4804 atque
679 4732 730 4788 hoc
748 4734 976 4803 impedimentum
994 4752 1055 4806 pro·
1065 4737 1235 4823 ,uirilitatem
1254 4733 1351 4787 risoris
1363 4733 1459 4802 patris
1480 4732 1531 4799 tui,
1547 4749 1573 4788 v.
1589 4737 1627 4787 15.
1647 4732 1803 4788 radiatum
1820 4753 1914 4792 nuruis

225 4821 366 4893 veniebat,
395 4820 502 4876 etiamsi
521 4818 661 4890 sponsalia
697 4819 772 4874 nulla
809 4819 939 4890 fuissent,
974 4822 1145 4881 modoituoc
1163 4838 1219 4873 non
1236 4818 1382 4886 resciatis,
1411 4835 1436 4876 v.
1460 4823 1498 4874 16.
1519 4820 1674 4873 nuditatem
1692 4821 1789 4873 moris
1806 4821 1917 4885 frati-ii

224 4926 372 4963 camerinas
398 4907 553 4978 praestitus
580 4906 700 4975 suisset,
730 4905 782 4960 hoe
808 4914 850 4961 est
875 4906 1124 4985 proveniebat{tui
1151 4924 1205 4960 non
1232 4905 1369 4958 revelatis
1397 4912 1446 4960 ste.
1468 4904 1565 4981 l'l'l'll‘
1586 4889 1658 4981 Ηξξ
1680 4907 1806 4962 revelare
1829 4912 1915 4965 nudi·

223 4996 292 5052 illud
310 4994 536 5065 impedimentum
560 5009 615 5048 non
634 4992 723 5048 solum
743 5010 775 5048 ex
794 4992 969 5063 sponsalibus
987 4994 1054 5066 legi·
1066 5036 1069 5059 ς
1081 5000 1178 5061 tatem,
1204 4998 1284 5046 notat
1307 5008 1356 5062 per
1382 4988 1563 5063 εὐφημισμὸν
1590 4991 1765 5064 conjugalem
1783 5010 1916 5067 congres-

222 5083 288 5138 time
306 5082 470 5148 contractis,
504 5098 599 5136 verum
629 5080 712 5135 etiam
740 5080 763 5133 si
792 5094 863 5150 quae
886 5078 922 5132 ab
942 5096 1053 5134 causam
1065 5108 1068 5171 Ι
1081 5097 1157 5149 sum,
1186 5085 1218 5133 ut
1245 5079 1369 5150 superius
1397 5079 1586 5150 exposuimus,
1616 5080 1682 5134 dum
1707 5096 1773 5153 ergo
1799 5080 1915 5139 nuditas

222 5167 484 5238 consanguinitatis,
504 5165 663 5232 affinitatis,
691 5164 847 5236 religionis,
876 5163 1054 5234 professionis
1065 5184 1067 5243 g
1080 5167 1148 5236 ejas,
1168 5181 1240 5237 quae
1259 5164 1398 5221 affinitate
1411 5167 1512 5237 juncta
1530 5171 1587 5235 est,
1608 5167 1723 5223 revelari
1740 5166 1916 5239 prohibetur,

222 5255 266 5311 sel
291 5254 408 5308 similem
434 5254 575 5325 sponsalia
606 5268 752 5325 perperam
784 5260 875 5307 esseut
902 5250 1268 5327 eontractaiconsunimota
1284 5270 1334 5324 per
1352 5252 1506 5308 maritalem
1529 5267 1722 5325 congressum,
1745 5271 1800 5308 uon
1817 5261 1915 5311 autem

221 5340 369 5396 dummodo
390 5355 446 5393 nou
471 5340 527 5395 sint
554 5339 630 5394 nulla
653 5357 685 5395 ex
706 5338 816 5403 defectu
834 5354 996 5409 consensus,
1023 5340 1210 5399 uttinctoato
1242 5340 1376 5395 duntaxat
1407 5356 1457 5411 per
1485 5339 1625 5409 sponsalia
1656 5339 1776 5396 affinius
1805 5341 1835 5396 iu
1859 5341 1914 5399 hau

219 5432 298 5499 patet
314 5443 347 5482 ex
365 5425 560 5482 consututioue
578 5424 714 5480 Bonifseii
734 5424 813 5481 VIII.
839 5424 867 5478 in
886 5441 908 5478 c.
927 5422 999 5481 unic.
1018 5423 1264 5498 dejprohibitioue
1287 5425 1468 5498 iutelligeuda
1488 5425 1620 5481 innuItur.
1671 5426 1716 5486 Sic
1747 5444 1814 5501 ergo
1846 5446 1913 5487 cou-

218 5513 368 5585 sponsalib.
411 5513 440 5567 iu
479 5520 503 5570 6.
545 5514 619 5584 quod
663 5518 692 5565 at
737 5511 895 5567 Alexander
937 5511 987 5564 III.
1024 5490 1304 5574 inieludimus:Ubi
1324 5519 1438 5569 nonest
1458 5510 1580 5568 affinitas
1599 5528 1649 5585 per
1665 5514 1793 5585 copulam
1813 5531 1912 5574 uma·
1926 5529 2004 5574 xv.
