4020 6022
778 116 831 177 Du
847 116 1047 179 consumo.
1692 130 1753 193 ‘ibi

59 274 105 330 sic
113 278 322 346 pensaurensi
326 297 339 347 ,·
356 276 461 350 quodsi
474 294 542 333 cero
553 294 610 334 non
622 277 771 343 οοπίίαοννί,
781 278 897 345 nubant,
923 276 1034 347 excipit,
1049 276 1237 346 Δορατίίπιιτπ
1253 278 1335 349 ioqui
1347 278 1383 334 de
1397 278 1473 333 dono
1484 279 1678 347 wntiemtiue,
1697 298 1753 334 non

60 362 164 417 nesus
184 365 259 418 enim
274 373 317 419 est
333 365 436 419 nubere
452 382 537 436 msam
553 365 608 419 uri.
630 364 706 437 Ergo
723 365 806 422 stiam
821 363 897 435 prius
924 380 978 432 puto
994 366 1036 432 ίῐί,
1052 370 1083 417 ut
1099 363 1205 433 uliquis
1222 366 1362 420 continere
1376 365 1477 434 possit,
1496 368 1573 434 quod
1584 364 1691 421 nemini
1706 381 1752 419 ne-

60 447 149 503 asseri
167 450 271 522 nequit.
301 450 380 515 Quae
401 456 498 507 contra
515 452 588 506 hunc
606 451 696 506 locum
715 451 896 522 apostolicum
922 456 1016 517 ratur,
1033 452 1086 503 sed
1095 468 1150 520 quo
1167 454 1208 516 fit,
1224 459 1256 506 ut
1268 452 1381 521 reipsa
1393 450 1499 521 aliquis
1511 451 1658 517 contineat,
1676 454 1754 522 quod

60 534 248 590 Bellarminns
266 536 379 607 profert,
398 537 427 592 in
441 536 672 608 praecedentibus
686 539 745 608 jam
758 544 822 592 ante
834 542 897 590 sunt
923 552 978 589 nen
991 537 1078 590 datur
1089 537 1149 591 neti
1159 537 1203 603 iis,
1222 538 1322 608 quidm
1334 540 1415 593 Deus
1426 539 1552 593 dandum
1566 554 1624 592 esse
1635 539 1753 608 judicu-

61 621 196 690 exposita.
923 622 1001 678 verit
1030 622 1118 694 Atqui
1135 623 1284 694 apostolus,
1310 625 1390 696 cujus
1407 623 1493 680 verba
1516 623 1632 679 adducit
1654 623 1752 695 Augu·

10 710 13 721 '
97 713 156 762 5³8.
192 707 399 780 Subjnngemus
423 709 562 764 coronidis
588 708 649 764 loco
677 708 752 763 dicta
779 713 896 779 patrum.
923 706 1021 778 sunus,
1038 709 1139 765 diserte
1157 711 1218 782 agit
1237 711 1272 766 dc
1290 710 1370 780 dono,
1388 728 1443 782 quo
1460 710 1499 780 fit,
1524 717 1555 765 ut
1573 710 1673 781 uliquis
1689 727 1753 765 con·

10 766 24 793 ⁵'
59 792 189 862 Ignatius
206 793 236 848 in
252 810 297 865 ep.
316 800 341 852 8.
362 795 399 849 ad
426 795 585 867 Smyrnam:
617 799 643 849 εί
658 814 698 855 τις
727 793 843 849 δύναται
867 793 897 848 ἐν
923 792 1010 850 tinere
1021 799 1117 866 possit,
1137 814 1170 853 ac
1181 798 1251 853 illud
1263 798 1353 870 ipsum
1370 798 1459 865 docet,
1477 813 1533 851 non
1549 814 1610 852 esse
1621 797 1751 863 omnium,

58 878 159 949 ἁγνείᾳ
177 884 280 950 μίνειν,
308 882 338 935 ἐν
367 880 521 952 ἀκαυχησίᾳ
549 885 661 956 μενέτω.
695 881 774 955 Idem
794 881 897 936 citante
923 880 972 935 sed
990 885 1163 954 quorundam
1183 890 1292 940 tantum
1316 885 1466 956 proprium.
1511 882 1594 940 Adde
1611 883 1685 955 quod
1703 883 1751 937 ad·

57 966 196 1021 Maximo:
227 965 258 1021 τὸ
288 975 441 1042 παρθενίας
466 971 549 1040 ζυγὸν
565 969 664 1043 μηδενί
682 970 808 1038 ἐπιτίθει,
837 968 897 1022 ἐπι·
923 968 1184 1041 casamentum,
1204 974 1233 1027 τὸ
1254 989 1335 1043 posse
1354 972 1494 1027 continere
1507 986 1541 1025 ex
1554 969 1751 1024 viribuslibcri

58 1056 167 1127 σφαλὲς
187 1054 244 1127 γάρ
267 1053 300 1109 τὸ
322 1057 412 1128 κτῆμα
437 1060 483 1110 καλ
509 1057 714 1131 δυσφύλακτον,
742 1055 810 1109 ὅταν
838 1055 895 1109 κατ’
922 1053 1029 1109 arbitrii
1047 1056 1221 1126 descendere,
1241 1057 1476 1129 quomodoigitur
1486 1056 1597 1127 propris
1614 1055 1752 1127 loquendo

57 1138 186 1212 ἀνάγκην
201 1147 317 1210 γίνηται.
360 1141 516 1213 Cyprianus
539 1142 588 1198 lib.
610 1149 633 1199 1.
657 1142 736 1213 epist
756 1147 801 1197 11:
830 1142 896 1193 Deo
922 1141 975 1195 crit
998 1142 1100 1198 donum
1126 1146 1233 1215 gratiae
1269 1145 1406 1215 divisset)
1435 1144 1483 1199 lib.
1510 1150 1533 1199 1.
1559 1144 1594 1199 de
1620 1150 1697 1214 nupt.
1724 1147 1753 1197 et

57 1228 172 1281 dicatae
188 1229 312 1298 uirpines
330 1229 357 1282 si
372 1246 570 1298 perserverore
583 1230 682 1284 nolunt
696 1235 813 1282 autnon
826 1244 896 1295 pos·
921 1243 1037 1298 concup.
1061 1230 1099 1285 ad
1123 1231 1215 1287 Valer.
1242 1248 1267 1287 c.
1293 1238 1336 1287 15:
1370 1232 1442 1295 Quia
1462 1231 1517 1286 'ltoc
1534 1238 1641 1300 tempere
1664 1230 1750 1283 conti·

57 1324 131 1380 τιιπί,
149 1315 263 1373 nubant.
297 1313 436 1370 Eusebius
452 1315 501 1371 lib.
519 1323 543 1371 l.
563 1315 626 1370 hist.
646 1316 712 1371 cccl.
731 1331 755 1369 c.
773 1319 814 1368 22.
839 1330 895 1367 me·
919 1316 1008 1368 οοπελά
1024 1317 1061 1368 ab
1077 1318 1250 1387 amplexibus
1268 1336 1325 1371 non
1343 1319 1423 1372 habet
1439 1317 1524 1387 liujus
1548 1316 1641 1382 oflicii
1659 1331 1750 1369 neces·

56 1397 246 1469 minitPinyti
259 1398 425 1455 Gnosiorum
442 1402 574 1472 episcopi,
590 1402 626 1456 ed
645 1418 728 1473 quem
741 1400 894 1470 Dionysius
919 1402 1036 1471 niutan,
1070 1405 1219 1473 adjacente
1254 1405 1378 1474 numque
1411 1405 1441 1458 in
1470 1404 1595 1458 orrsnidus
1626 1402 1751 1472 pentibus

56 1484 250 1540 Corinthiacus
267 1486 413 1558 episcopus
432 1488 557 1558 scripsit:
576 1492 744 1560 παρακαλῶν
761 1488 800 1559 μὴ
821 1486 892 1559 βαρὺ
919 1493 999 1541 tanta
1020 1490 1172 1554 sentinata
1188 1492 1389 1561 pipnenetorum
1413 1488 1600 1559 spiritualiter
1617 1490 1750 1558 tiliorum,

57 1576 179 1644 φορτίον
207 1572 360 1644 ἐπάναγκες
387 1571 416 1627 sd
446 1578 512 1649 aspi
539 1574 652 1646 ἁγνείας
676 1580 733 1635 τοῖς
761 1572 895 1644 ἀδελφοῖς
919 1574 995 1628 siluri
1019 1577 1116 1645 potius
1148 1578 1305 1632 excellentis
1336 1577 1521 1632 continentiae
1554 1577 1670 1641 bonum,
1701 1577 1751 1644 qui

58 1657 225 1728 ἐπιτιθέναι,
262 1661 309 1727 τῆς
339 1660 371 1714 ii
409 1663 464 1716 τῶν
500 1664 612 1716 πολλῶν
647 1657 893 1729 καταστοχάζεσθαι
915 1668 1008 1728 poten
1032 1680 1142 1733 capere,
1166 1666 1271 1736 capiet,
1295 1665 1345 1733 qui
1360 1679 1426 1718 uero
1445 1664 1480 1717 id
1497 1677 1599 1733 cupere
1617 1680 1672 1717 non
1684 1671 1749 1734 pct-

58 1743 215 1810 ἀσθενείας,
232 1762 267 1800 ne
285 1748 440 1802 coelibatus
456 1765 526 1802 onus
543 1748 684 1810 fratribus
702 1757 836 1817 canossam
846 1764 892 1801 ns·
920 1755 974 1812 est,
1005 1749 1059 1803 etsi
1077 1752 1215 1820 acceperit
1237 1766 1365 1818 αοονανπ,
1387 1768 1443 1803 nen
1461 1757 1563 1819 peccat
1585 1756 1611 1804 et
1628 1750 1752 1818 sentina,

60 1834 214 1886 cessarium
243 1834 379 1903 imponat,
405 1837 457 1889 sed
477 1836 653 1903 infirmitatis
677 1836 828 1889 multorum
845 1844 895 1888 ra·
919 1835 947 1887 si
961 1852 991 1889 se
1009 1853 1065 1891 non
1083 1838 1217 1906 continet,
1238 1838 1331 1892 nubat.
1365 1840 1477 1892 Bonum
1495 1845 1536 1890 est
1563 1835 1671 1891 bomini
1693 1854 1752 1889 rnu-

58 1919 164 1972 tionem
183 1920 292 1976 tabeat.
323 1919 447 1975 Hilarius
463 1926 617 1978 concutit.
634 1920 663 1975 in
680 1920 777 1976 hlatth.
789 1938 817 1992 p.
831 1926 894 1977 302:
920 1922 1018 1976 lierem
1035 1940 1091 1977 non
1110 1932 1236 1993 tenpore,
1254 1940 1350 1977 cenam
1366 1925 1432 1993 puin
1449 1942 1505 1977 non
1523 1940 1617 1978 orrsnes
1636 1923 1752 1991 capiunt

59 2006 99 2059 In
126 2024 182 2060 uno
205 2007 303 2076 posuit
323 2006 459 2075 (Christus
486 2005 585 2062 Matth.
614 2008 664 2071 le.)
694 2016 833 2071 ποίννανπ,
863 2008 894 2061 in
921 2008 1033 2062 omium
1046 2010 1170 2078 beasset
1180 2010 1280 2079 quilius
1294 2012 1390 2064 datum
1408 2018 1456 2075 cst,
1472 2018 1567 2078 restat,
1583 2016 1615 2062 ut
1627 2016 1752 2078 propter

60 2092 152 2145 altero
172 2095 370 2163 necessitatem,
388 2095 417 2146 in
434 2095 516 2147 tertio
540 2095 717 2149 αολοπίοίοτο.
755 2096 895 2148 Naturam
921 2094 1139 2157 fornicationem
1164 2097 1351 2166 unusquisque
1375 2113 1488 2149 uxorem
1507 2113 1587 2149 sursrn
1606 2096 1707 2149 babeat
1726 2101 1751 2148 et

60 2178 91 2231 in
110 2196 151 2246 co,
171 2181 220 2248 qui
238 2180 280 2233 ita
299 2182 440 2250 nascitur;
459 2181 652 2235 nmmsitatem
674 2182 703 2233 in
722 2196 762 2244 eo,
787 2182 895 2250 quiite
921 2197 1105 2252 rsnaprcaeque
1121 2183 1213 2236 circam
1239 2200 1333 2247 cuum,
1360 2190 1387 2236 et
1408 2182 1449 2235 sic
1465 2181 1617 2249 infirmitas
1636 2182 1753 2235 inconti·
1791 2238 1794 2243 ,

51 2267 157 2333 snmus
173 2275 232 2333 ατί,
260 2267 430 2319 uoluntatem
453 2266 483 2319 in
511 2266 571 2334 ilio,
598 2267 648 2336 qui
669 2283 718 2336 epe
735 2268 819 2337 rapui
835 2284 895 2321 coe·
921 2268 1039 2337 ιιενιίϊαε,
1056 2284 1091 2322 ne
1107 2272 1194 2323 cariat
1211 2270 1241 2322 in
1260 2269 1373 2322 rrrinnm
1384 2267 1574 2337 stapitiorum,
1595 2268 1752 2338 excipiatur

58 2352 138 2405 iestis
159 2353 225 2405 ίολίε
246 2368 304 2405 esse
325 2352 488 2420 είαοτονονίί,
506 2353 554 2406 eui
569 2370 620 2407 nos
638 2352 746 2407 mmiles
764 2356 850 2423 effici,
869 2355 897 2408 si
922 2353 1059 2409 tenuate
1089 2355 1261 2425 nuptiarum.
1314 2356 1395 2418 usna
1425 2355 1497 2409 enim
1531 2355 1573 2408 ait
1605 2355 1751 2425 apostolus

59 2446 153 2491 tantan
166 2440 317 2506 possimus,
336 2440 493 2494 admonuit.
524 2439 696 2510 Epiphanius
711 2445 808 2495 contra
819 2440 895 2494 Mon·
922 2442 957 2493 de
975 2441 1104 2511 ferninis,
1122 2443 1194 2507 ocio,
1206 2443 1337 2512 juniores
1356 2442 1457 2497 viduas
1475 2442 1586 2508 πείθετε,
1604 2442 1655 2496 hoe
1673 2450 1699 2496 ct
1716 2446 1752 2496 de

58 2523 177 2579 mouns
195 2524 299 2578 haeres.
327 2530 375 2579 48:
405 2526 596 2579 Erlsortamnr
622 2543 692 2592 eunt,
724 2528 774 2595 pai
795 2534 894 2597 potest,
922 2528 1047 2581 maribus
1058 2530 1119 2581 diei
1129 2536 1233 2597 potest,
1246 2529 1317 2594 νολο,
1329 2529 1461 2597 juniores
1473 2545 1574 2583 uxores
1587 2531 1750 2583 «trauecta

58 2617 221 2664 mantem
232 2612 424 2665 necessitatem
436 2612 463 2664 ei
473 2612 650 2681 imponimus,
667 2612 718 2680 qui
728 2630 784 2665 non
791 2620 893 2681 potest,
921 2611 957 2666 ad
979 2612 1145 2668 Pollentiam
1163 2630 1185 2669 a
1205 2620 1249 2671 19:
1271 2615 1323 2671 Ae
1348 2615 1514 2669 coelibatum
1540 2615 1657 2668 consilio
1683 2634 1751 2687 epo·

60 2713 151 2766 neque
168 2697 313 2766 rejicimus
330 2697 412 2752 illum
430 2715 450 2751 a
468 2699 534 2753 cita.
560 2697 726 2752 Lactantius
743 2697 761 2751 l.
774 2704 798 2754 o.
810 2698 894 2753 instit.
920 2699 994 2765 steti,
1007 2702 1161 2769 οαίααπσνο
1170 2708 1262 2772 potest
1274 2718 1383 2773 capere,
1390 2709 1570 2771 prouocatur.
1594 2699 1751 2771 Hesychius

58 2800 83 2837 c.
102 2787 144 2838 23.
170 2800 199 2852 p.
219 2788 283 2838 tto:
311 2783 376 2837 Ηοα
395 2785 476 2838 Deua
502 2802 559 2838 non
575 2785 625 2838 ἰ’ίο
651 2784 721 2852 sieri
744 2785 891 2853 proecepit
922 2786 950 2839 in
968 2803 991 2840 c.
1010 2792 1051 2840 20.
1069 2787 1174 2841 hesit:
1198 2789 1264 2842 Non
1288 2805 1373 2857 super
1391 2789 1519 2841 uirtutem
1543 2787 1692 2858 discipulis
1710 2789 1750 2840 in-

61 2878 197 2939 tanpuam
218 2870 386 2939 adstringat,
405 2872 472 2940 guia
488 2872 622 2941 generari
636 2871 761 2926 homines
778 2878 894 2941 oportet,
920 2889 1059 2941 peremnis,
1076 2876 1128 2927 sed
1142 2874 1344 2943 quaesierunt
1359 2874 1518 2943 possibilia,
1536 2874 1619 2926 idest
1635 2874 1751 2941 oirpini·

58 2959 112 3011 καί
127 2957 356 3025 ίοπσαοοονίποί,
373 2957 521 3025 sedenim,
538 2964 672 3025 meantem
689 2957 734 3011 luis
752 2957 894 3028 allecibus
921 2966 1005 3013 tatem
1023 2960 1071 3013 eui
1081 2959 1230 3028 possibilis
1256 2967 1304 3016 est.
1331 2960 1360 3013 in
1383 2976 1407 3016 c.
1428 2966 1469 3015 25.
1493 2958 1597 3014 Lavit:
1629 2958 1750 3013 Virtutes

54 3043 184 3113 posuerit
207 3042 405 3117 necessitatem.
443 3042 477 3097 st
501 3044 571 3112 psas,
596 3043 695 3112 inquit,
718 3045 771 3098 λοο
796 3046 893 3109 secere
921 3046 1001 3099 Deris
1019 3048 1169 3099 secundum
1184 3046 1402 3115 possibilitatem
1421 3047 1522 3114 eripit,
1537 3053 1658 3115 propter
1674 3048 1752 3114 quod

56 3128 191 3198 potuerit,
218 3129 328 3182 habebit
347 3120 476 3182 ecimiam
496 3130 797 3199 incomparabilemque
823 3146 893 3184 mer
921 3134 957 3185 ‹ie
974 3132 1136 3200 uirpinitute
1152 3133 1293 3198 sameas,
1309 3149 1366 3186 non
1383 3148 1489 3201 (urrunsa,
1508 3131 1607 3202 inquit,
1626 3132 1749 3203 copiunt.

59 3216 162 3270 cedern
187 3214 399 3285 chrysostomus
418 3213 491 3269 hom.
511 3221 551 3270 te.
570 3214 600 3269 in
621 3220 644 3271 1.
658 3214 720 3272 Gor.
734 3223 764 3272 t:
783 3218 894 3286 Mopna
920 3217 1072 3290 Gregorius
1090 3223 1162 3289 part.
1183 3223 1205 3273 3.
1230 3235 1287 3274 cur.
1312 3217 1440 3289 pastoral.
1467 3234 1490 3271 c.
1509 3224 1559 3273 3⁰:
1584 3216 1694 3272 Veritas
1715 3220 1750 3271 de

61 3308 102 3354 est
119 3302 249 3370 tyrannis
267 3301 515 3370 immansuetae,
533 3301 560 3354 si
575 3302 663 3369 igitur
680 3301 820 3356 semineus
829 3307 893 3371 βίαν
921 3306 973 3359 iac
1005 3305 1164 3376 integritate
1187 3306 1270 3371 tiabit,
1299 3322 1354 3358 non
1384 3320 1476 3356 omnes
1497 3303 1614 3372 capiunt
1637 3304 1749 3357 verbum

60 3393 108 3442 καλ
130 3384 265 3459 πάρασιν,
292 3384 469 3459 άπαλλάγηθι
499 3386 595 3444 πόνων
622 3391 667 3442 καλ
693 3387 826 3463 ίθράτων,
845 3388 894 3464 1μὴ
921 3392 986 3461 λινε,
1004 3394 1081 3462 quod
1097 3409 1129 3447 eo
1146 3392 1266 3445 iri-notuit
1285 3406 1419 3444 summum
1436 3406 1511 3459 esse,
1529 3407 1585 3459 qno
1603 3392 1750 3459 denepaeit

60 3492 130 3530 ποτε
159 3478 204 3530 καί
237 3475 412 3551 περιτραπῇς.
453 3474 492 3529 Et
522 3475 606 3547 paulo
635 3481 714 3531 suta:
745 3475 817 3537 είθες
846 3478 896 3545 τὴν
922 3481 1052 3533 oninium.
1086 3478 1124 3534 Et
1142 3496 1165 3534 c.
1192 3477 1333 3548 praeced:
1360 3476 1486 3530 Coclites
1511 3494 1569 3531 esse
1593 3494 1612 3529 α
1625 3476 1750 3546 pastori·

58 3561 175 3618 σύνεσιν
197 3565 247 3615 τοῦ
267 3557 381 3615 Ιίάυλοο
402 3564 461 3621 πῶς
482 3565 529 3615 καλ
551 3565 678 3631 βελτίονα
700 3562 822 3617 δείκνυσι
847 3562 896 3631 τὴν
922 3566 971 3618 hus
988 3568 1192 3633 admonendos,
1218 3571 1250 3617 ut
1274 3564 1301 3617 si
1321 3563 1502 3617 tentationum
1522 3564 1668 3632 procellas
1690 3581 1750 3616 mm

58 3647 228 3723 ἐγκράτειαν,
245 3651 292 3702 καλ
311 3646 362 3701 οὐκ
381 3646 525 3718 ἀναγκάζει
541 3649 591 3704 τὸν
607 3648 647 3722 μὴ
671 3645 829 3721 φθάνοντα,
854 3650 896 3704 ελε-
922 3653 1093 3721 dsifficultatc
1110 3651 1211 3705 salutis
1228 3651 1358 3718 tolerant,
1377 3650 1505 3718 conjugii
1515 3658 1629 3718 portum
1644 3657 1751 3719 petant.

59 3734 212 3809 darnuensi
230 3756 258 3790 τι
270 3734 448 3810 παράπτωμα
465 3738 585 3806 γίνηται.
613 3734 692 3790 Idem
708 3735 758 3793 lib.
773 3736 808 3792 de
824 3736 894 3808 virg.
921 3737 1099 3792 Bernhardus
1116 3736 1145 3789 in
1162 3752 1243 3791 serm.
1262 3735 1297 3791 de
1317 3750 1440 3791 convers.
1457 3734 1494 3788 ad
1513 3734 1603 3790 cleric.
1622 3750 1683 3805 cap.
1704 3740 1750 3789 29:

61 3825 210 3895 podoniani
229 3838 260 3876 σε
280 3826 318 3883 είς
338 3823 369 3876 τὸ
392 3828 546 3895 παρθενίας
568 3820 642 3891 ὕψος
664 3821 832 3894 ἀναγαγεῖν,
855 3824 894 3898 μὴ
925 3825 1036 3877 Utinam
1056 3823 1105 3892 gui
1124 3823 1265 3875 continere
1290 3837 1347 3873 non
1372 3820 1478 3889 volem,
1501 3820 1651 3875 coelibatui
1679 3822 1749 3874 clare

60 3913 215 3983 καταπέσῃς
228 3913 266 3969 alc
282 3908 314 3963 sd
330 3914 378 3977 τῆς
395 3914 525 3978 πορνείας
544 3907 695 3984 βάραθρον,
722 3908 767 3962 int
791 3906 895 3983 ἅνθρά·
922 3912 1036 3965 nantino
1053 3915 1212 3978 enecatur,
1229 3915 1372 3962 sumtuosa
1390 3907 1463 3961 enim
1480 3908 1569 3961 titrrs's
1587 3913 1626 3960 est
1645 3915 1671 3960 et
1689 3923 1750 3959 ver·

59 4010 118 4049 κων
144 3992 263 4068 γάρδεῖ
289 4002 451 4071 περιπατεῖν
469 3999 515 4050 καί
543 3996 583 4068 μὴ
612 4001 810 4050 κατακαίεσθαι
842 4002 895 4053 etc.
923 4000 984 4051 ίνιιννι
1002 3999 1123 4065 munch,
1148 3997 1226 4065 estod
1245 4013 1302 4049 nnn
1320 4011 1414 4050 omnes
1437 4010 1538 4063 capere
1553 4002 1682 4064 possunt.
1717 3992 1749 4046 ln

59 4080 249 4152 Hieronymus
273 4080 322 4137 lib.
350 4088 372 4137 t.
392 4085 463 4137 cont.
490 4081 568 4138 June
601 4082 636 4137 Si
658 4098 752 4137 omnes
773 4083 897 4151 viraines
919 4086 983 4154 jure
1001 4082 1135 4138 canonico
1153 4098 1177 4137 c.
1197 4081 1345 4160 Integritas
1364 4086 1406 4137 32.
1432 4099 1459 4152 q.
1478 4086 1503 4137 t.
1527 4080 1628 4134 citatur
1647 4079 1750 4134 dictum

61 4183 122 4222 esse
135 4174 258 4237 possent,
270 4186 413 4238 nunquam
425 4176 450 4221 ct
462 4170 602 4223 Dominus
617 4168 730 4233 dmeret,
746 4170 797 4238 gui
806 4177 897 4239 potest
924 4170 1077 4225 Ambrosii:
1095 4170 1248 4237 Integritos
1265 4170 1393 4237 corporis
1409 4168 1563 4237 ammata
1579 4185 1598 4222 o
1612 4167 1689 4221 coiis
1703 4175 1752 4232 est,

11 4260 45 4304 m.
59 4270 174 4323 sapere,
191 4254 296 4323 capiat,
317 4262 343 4307 et
362 4254 507 4323 apostolus
525 4257 555 4309 in
573 4256 719 4310 medendo
739 4274 795 4310 nen
811 4258 897 4326 trepi-
924 4274 1007 4327 ριαιπι
1030 4272 1081 4326 epo
1102 4272 1159 4327 pro
1182 4255 1300 4310 sonatio
1323 4256 1447 4318 εαοελοο,
1476 4272 1532 4308 παπ
1554 4270 1612 4322 pro
1635 4252 1753 4322 imperio

60 4343 154 4395 daret.
171 4340 200 4394 in
218 4357 279 4412 cap.
303 4345 341 4396 19.
358 4339 471 4397 Motth:
492 4342 571 4395 Unde
585 4343 675 4407 insert
686 4343 835 4409 Dominus,
849 4343 900 4413 qui
920 4343 1077 4414 praecipio.
1124 4342 1196 4396 Soio
1210 4349 1251 4395 est
1272 4340 1344 4395 enim
1360 4338 1524 4408 uirginitas,
1544 4354 1616 4408 qnae
1636 4338 1755 4391 mederi

59 4434 152 4497 potest
179 4444 289 4498 capere,
313 4429 419 4496 capiat,
448 4435 479 4480 ut
501 4444 572 4481 unus
601 4428 717 4498 quisque
742 4429 898 4483 consideret
922 4437 1025 4499 potest,
1051 4428 1189 4498 imperari
1214 4444 1270 4480 non
1288 4432 1397 4496 potest,
1423 4441 1470 4478 res
1487 4425 1576 4494 napis
1593 4424 1653 4477 coti
1669 4440 1753 4492 quam

59 4515 136 4567 eires
165 4530 242 4581 suas,
274 4521 366 4567 αίιτιπι
393 4513 484 4582 possit
512 4514 666 4582 uirpinalia
692 4521 717 4567 et
738 4514 896 4585 pudicitiae
919 4516 1073 4587 percepti.
1114 4512 1297 4570 Bellarminus
1318 4512 1379 4583 ipss
1397 4511 1424 4565 d.
1452 4527 1476 4568 c.
1495 4516 1537 4566 et.
1556 4527 1628 4581 resp.
1649 4510 1685 4564 ed
1706 4517 1751 4566 lit:

61 4600 181 4671 impiere
195 4607 359 4671 praecepta.
387 4600 447 4652 Per
465 4615 494 4652 se
511 4600 584 4652 enim
602 4602 718 4653 castitas
735 4600 843 4655 blanda
855 4610 896 4655 est
922 4606 1036 4657 Donum
1054 4603 1245 4670 continentias,
1263 4618 1317 4670 quo
1336 4604 1376 4667 rit,
1395 4607 1425 4653 ut
1445 4616 1477 4653 re
1495 4598 1677 4668 ipsaaliquis
1689 4614 1752 4651 son-

37 4688 210 4759 'quemtiist
229 4689 271 4740 ad
289 4702 318 4740 se
347 4686 485 4754 alliciens,
512 4688 566 4742 sed
589 4687 812 4741 emeidsrondae
832 4697 896 4743 sunt
921 4690 1021 4755 tinent,
1047 4706 1104 4741 non
1130 4689 1215 4740 datur
1239 4686 1297 4740 nisi
1320 4686 1372 4755 iis,
1396 4685 1496 4755 qutun
1519 4686 1599 4739 Deus
1626 4685 1753 4738 ιλοπιλιινπ

61 4776 146 4843 eires,
163 4781 194 4827 ut
213 4774 263 4843 qui
273 4781 365 4842 potest
391 4788 500 4842 capere,
524 4773 628 4843 capiat.
664 4773 838 4844 Augustinus
861 4775 896 4829 de
922 4793 980 4830 esse
991 4774 1175 4845 y'miicaoerit.

58 4861 161 4932 virgin.
184 4876 246 4930 cap.
268 4864 317 4914 40:
350 4858 542 4928 Unusquisque
569 4860 651 4913 ίιοίνεί
678 4860 822 4930 proprian
845 4826 910 4915 ‹to-l
957 4870 1015 4918 539.
1052 4860 1150 4932 Neque
1167 4859 1268 4914 rectius
1288 4857 1425 4929 judicium
1451 4856 1511 4912 lieri
1530 4862 1623 4928 potest
1645 4854 1698 4912 bae
1717 4856 1784 4912 dei·
1798 4861 1885 4901 cruris.

57 4964 136 5002 num.
167 4946 237 5008 Quis
255 4962 321 5013 erpo
339 4946 425 4999 donat
442 4946 520 4998 ista!
537 4946 599 5015 pass
616 4946 759 5000 distrihmt
773 4929 965 5016 propriaire,
989 4965 1025 5003 an
1051 4947 1155 5003 scilicet
1172 4947 1275 5000 donum
1293 4942 1479 5000 continentiae
1495 4942 1639 5014 virginalis
1661 4944 1697 4999 sit
1713 4944 1753 4998 ita

57 5033 211 5101 unicuique
229 5033 301 5086 sieut
317 5033 396 5085 culti
418 5017 516 5101 nempe
535 5034 623 5101 Deus,
646 5035 726 5103 aprcd
742 5049 822 5101 quem
840 5051 896 5088 non
907 5020 910 5077 l
923 5040 1120 5106 comparatum,
1143 5038 1175 5087 ut
1193 5030 1334 5102 precibus,
1361 5028 1467 5100 studio,
1494 5029 1675 5100 diligentias
1694 5028 1753 5100 qui·

57 5127 101 5174 est
119 5119 264 5187 iniguitas,
284 5135 319 5172 ac
337 5134 391 5188 per
417 5118 469 5171 λοα
487 5134 543 5186 pua
565 5117 707 5186 aequitate
730 5118 780 5172 ille
802 5120 897 5186 faeiat
922 5120 1017 5177 busvis
1035 5117 1152 5176 obtineri
1170 5116 1272 5187 possit,
1296 5132 1330 5170 ac
1347 5115 1462 5185 proinde
1480 5114 1517 5170 ab
1534 5115 1676 5183 omnibus,
1704 5113 1751 5185 qui

58 5205 136 5261 alios
147 5205 357 5275 sic‚aliosoero
369 5207 419 5275 sie,
437 5205 544 5258 homini
559 5220 641 5258 nosse
654 5211 705 5258 cut
717 5205 896 5274 impossibile,
922 5206 991 5263 illud
1008 5209 1155 5277 expetunt,
1183 5202 1333 5258 solenniter
1355 5202 1448 5256 voveri
1474 5202 1589 5272 debeat,
1611 5216 1694 5272 quam
1719 5217 1752 5253 ex

58 5300 111 5346 σαί
129 5292 252 5358 difficile
275 5300 323 5356 est,
356 5292 424 5363 quia
443 5301 536 5345 tanuen
561 5292 702 5361 aequitate
719 5292 819 5359 faciut
845 5294 895 5346 eiu·
923 5296 983 5364 ipsa
1001 5291 1186 5361 commissalia,
1210 5306 1282 5360 quae
1309 5288 1457 5343 stultorum
1479 5289 1563 5344 etiam
1583 5291 1752 5360 potestesse

59 5380 154 5433 ditare
167 5380 223 5446 fas
241 5399 296 5433 nnn
315 5386 362 5434 est.
388 5379 582 5443 (Beliarminus
606 5380 640 5431 de
663 5378 789 5434 monach.
809 5395 833 5435 c.
853 5384 894 5437 34,
925 5382 1064 5451 magistra.
1104 5376 1212 5442 Quibus
1240 5376 1313 5431 enirn
1342 5376 1420 5429 malis
1446 5392 1478 5430 ac
1505 5374 1618 5474 flagitiis
1642 5370 1754 5427 vincula

117 5472 281 5515 Gsrhsrdiloci.
306 5473 352 5517 vti.
1390 5486 1422 5533 23
