4020 6022
199 321 258 380 326
755 312 877 371 BOOUS
896 309 1100 371 mosomus
1117 313 1291 379 QUINTUS

199 485 231 524 ex
250 485 306 539 que
326 467 495 523 intellectum
511 467 611 535 fuerit,
638 468 727 537 ipsum
745 466 878 523 divinitus
895 485 956 524 esse
974 467 1024 520 hu·
1035 460 1039 529 Ι
1052 466 1127 535 bant,
1143 469 1348 537 procumbant
1359 471 1401 521 oct
1409 474 1519 537 portos,
1536 468 1613 522 αὶίαα
1627 470 1667 521 cd
1680 483 1782 534 muros,
1801 479 1888 535 psas-

194 556 242 624 jus
265 553 380 625 virginis
405 553 546 607 custodem
577 560 605 607 ct
627 560 771 623 patronum
790 554 923 624 electum3
952 551 1026 624 quod
1052 556 1119 609 dam
1137 571 1192 624 par
1219 557 1360 620 fmesaoa
1386 555 1614 625 prospectabant.
1658 553 1761 609 Glossa
1783 550 1890 606 ordia:

200 640 288 695 illaria
312 646 340 694 et
364 639 501 710 losephus
527 640 606 712 aquis
630 641 833 712 redargutionis
850 657 868 695 a
884 640 1027 695 sacerdote
1060 641 1201 710 Vir-piaco,
1218 658 1289 710 quoe
1313 643 1460 695 coacturos
1485 648 1567 694 erosa
1583 643 1620 694 ds
1638 640 1765 694 doms'brss
1779 653 1888 707 porea·

198 726 301 781 fuerint
322 725 423 795 potati,
450 724 525 796 quod
543 724 633 779 Maria
653 744 709 781 non
726 727 755 782 in
780 727 954 795 Bethlehem,
977 726 1025 780 sed
1054 733 1126 789 tum,
1148 745 1204 781 ssoa
1224 728 1335 781 subant
1351 728 1462 781 reticeo
1480 726 1665 779 enoecadioe
1683 733 1711 779 et
1724 722 1889 793 purlicits‘oe

197 813 227 866 in
246 813 377 883 spelunca
394 810 515 881 quadam
534 811 634 866 deserti
652 810 739 866 filiurn
763 830 843 867 suum
866 812 1021 883 pepererit;
1053 814 1218 881 vir-piaclis,
1244 822 1338 867 tomas
1355 814 1386 867 ie
1403 814 1458 867 s‘tto
1474 813 1629 866 turbatione
1644 819 1763 882 praeter
1778 824 1885 863 morsm

199 898 274 969 qued
289 896 426 966 Josephus
451 897 626 953 obstetricem
655 915 790 969 quaerens
814 899 915 953 viderit
932 897 1028 969 polum
1053 898 1166 952 solitm
1183 900 1296 953 subeat
1313 905 1365 954 etc.
1401 898 1475 954 Vide
1492 898 1686 953 Casaubenum
1703 911 1793 952 exera
1815 900 1835 950 1.
1854 894 1888 947 ad

198 989 325 1052 stantem,
343 984 436 1038 obrem
455 984 679 1054 obstupefactum
706 990 734 1039 ot
751 985 875 1040 volatilis
891 985 920 1039 in
939 982 1029 1037 medio
1055 992 1180 1055 apparat
1199 986 1297 1041 Baton.
1315 1003 1341 1042 c.
1358 990 1399 1040 23.
1417 1002 1480 1056 pag.
1496 989 1553 1040 118.
1571 984 1619 1039 ubi
1638 984 1694 1038 late
1710 983 1786 1036 hune
1798 980 1889 1035 locum

198 1085 281 1122 eursu
306 1070 458 1133 cessantia,
494 1086 543 1124 era
566 1069 703 1124 hircorum
725 1071 896 1125 imminentia
918 1069 1028 1140 quidem
1056 1072 1182 1141 explicat.
1223 1072 1354 1136 Quaado
1372 1070 1533 1125 mulieribus
1559 1081 1622 1124 orte
1641 1071 1743 1123 estium
1760 1068 1890 1121 abaco·

197 1170 302 1226 aquae,
330 1155 379 1209 sed
413 1171 468 1208 non
497 1155 624 1225 potantia
643 1162 695 1211 etc.
723 1156 798 1226 quod
820 1155 908 1211 nubes
937 1153 1031 1209 lueida
1056 1158 1115 1210 cati
1132 1159 1327 1212 commutate
1344 1158 1430 1213 Exod.
1450 1162 1498 1226 33,
1515 1175 1540 1210 r.
1560 1162 1584 1213 8.
1603 1173 1636 1211 ae
1655 1156 1691 1210 de
1708 1154 1890 1209 (absconsione

198 1242 360 1311 speluncam
400 1240 618 1309 obumbraverit
657 1242 731 1314 quod
769 1241 879 1299 Saleme
913 1240 1029 1296 Mariam
1057 1244 1132 1297 Joas
1154 1244 1185 1296 ie
1207 1244 1309 1312 terrpto
1334 1261 1388 1313 per
1413 1244 1573 1298 sacomam
1606 1248 1628 1298 2.
1650 1242 1721 1312 Reg.
1748 1246 1794 1308 tl,
1824 1257 1849 1293 r.
1867 1243 1888 1292 3.
1954 1266 1957 1271 ·

197 1333 370 1383 connectam
388 1344 501 1382 manum
516 1326 583 1399 igue
601 1328 698 1383 ardere
715 1329 839 1391 senserit.
856 1344 919 1382 mox
938 1334 1030 1382 autem
1059 1335 1083 1384 2.
1103 1328 1194 1384 Paral.
1213 1336 1255 1399 22,
1276 1348 1301 1385 v.
1324 1337 1363 1386 11.
1380 1330 1474 1391 addit,
1499 1348 1532 1384 ex
1551 1329 1608 1383 illis
1624 1335 1719 1383 retum
1737 1331 1890 1397 perpetuae

198 1431 284 1485 puero
304 1418 475 1469 contectato
492 1412 578 1467 fuerit
591 1422 703 1481 sanata3
722 1413 796 1484 qued
812 1413 956 1468 Elisabeth
967 1429 1031 1467 cum
1057 1415 1224 1485 virginitatis
1246 1416 1275 1468 in
1293 1414 1329 1470 V.
1346 1415 1378 1469 T.
1403 1416 1534 1469 usitamm
1557 1415 1646 1470 fuisse
1667 1428 1812 1484 nunquam
1829 1426 1891 1480 pro

199 1502 327 1557 debanna
346 1501 375 1555 in
394 1508 514 1556 montem
531 1500 615 1555 fuerit
640 1506 752 1573 recepta
769 1507 822 1556 etc.
841 1499 910 1555 baec
930 1500 1030 1561 omnia,
1057 1501 1119 1556 bari
1136 1502 1246 1571 poterit.
1294 1500 1377 1565 Quod
1401 1501 1474 1556 enim
1505 1508 1528 1556 2.
1549 1502 1619 1573 Reg.
1644 1507 1690 1570 11,
1720 1518 1747 1555 r.
1775 1504 1798 1554 3.
1823 1496 1890 1552 Joas

83 1596 138 1640 xvi.
153 1593 186 1636 w·
201 1589 337 1660 quomodo
349 1605 412 1642 cum
424 1587 584 1643 authentica
597 1586 711 1642 historia
722 1587 883 1659 evangelica
892 1585 1032 1642 conciliari
1058 1585 1159 1641 dieitur
1176 1586 1262 1641 fuine
1280 1604 1369 1640 aanor
1387 1602 1434 1640 scr
1449 1587 1543 1660 Ηῐῇκ,
1563 1605 1626 1641 cam
1642 1603 1694 1655 co,
1718 1584 1829 1640 scilieet
1844 1582 1890 1638 Jo

200 1674 349 1745 poterunt?
398 1673 534 1728 Berenius
560 1673 621 1744 ipse
646 1674 675 1728 in
700 1690 798 1744 appar.
821 1674 914 1728 annal.
940 1691 968 1726 n.
987 1676 1030 1727 33.
1058 1672 1134 1741 saba,
1156 1673 1186 1726 ἐπ
1210 1674 1314 1741 templo
1333 1676 1376 1739 (ex
1400 1691 1456 1746 quo
1474 1674 1611 1729 Beronius
1631 1678 1659 1729 et
1677 1671 1725 1726 alii
1746 1670 1893 1740 eolligunt,

200 1759 358 1815 msdmonia
377 1777 410 1814 ex
433 1758 480 1814 illo
503 1759 768 1830 pseudo-evangelio
791 1758 890 1815 Jacobi
909 1757 1033 1813 adducta
1058 1758 1132 1829 quod
1150 1757 1256 1814 dosaba
1267 1758 1328 1814 Deo
1344 1759 1429 1815 fissus
1446 1761 1539 1816 dicata
1556 1776 1590 1814 ao
1605 1759 1723 1830 proinde
1740 1757 1771 1812 in
1787 1754 1891 1825 templo

201 1846 314 1916 respuit.
349 1845 403 1901 Vel
420 1845 509 1900 selum
522 1846 681 1916 Scripturas
694 1847 834 1902 elutum
845 1845 1032 1900 curiositatem
1058 1844 1213 1912 manserit),
1238 1845 1266 1898 id
1297 1852 1319 1901 2.
1337 1844 1459 1916 Paralip.
1479 1852 1527 1914 22,
1555 1862 1581 1903 r.
1605 1851 1643 1901 12.
1668 1844 1709 1899 sie
1728 1842 1892 1913 explicem,

202 1933 350 1987 humanam
375 1946 550 2002 compescere
578 1931 624 1986 bie
649 1931 771 1987 deceret!
806 1932 871 1987 dam
894 1947 960 1985 rere
976 1946 1032 1984 nen
1059 1930 1133 2001 quod
1158 1928 1243 1985 fuerit
1269 1929 1363 2004 ’.Ἦ-ιιι,
1381 1948 1441 1985 cam
1459 1933 1514 2002 osis,
1534 1931 1640 1985 scilicet
1656 1946 1720 1984 cum
1739 1926 1849 1983 Josaba
1863 1934 1890 1979 et

201 2018 288 2072 solum
314 2018 343 2071 iu
363 2016 506 2087 Scriptura
526 2017 634 2071 nullum
657 2017 740 2089 hujus
768 2017 932 2072 narrationis
951 2014 1032 2071 resti·
1058 2015 1156 2071 marito
1175 2017 1235 2086 ejus
1253 2016 1394 2087 dehejada
1411 2018 1562 2086 sacerdote,
1581 2034 1614 2071 ex
1635 2030 1690 2087 que
1710 2019 1820 2085 promte
1837 2012 1892 2067 ool-

200 2105 291 2175 gium,
327 2105 376 2158 sed
412 2103 496 2157 etiam
525 2103 616 2157 eidem
646 2103 675 2158 in
704 2104 799 2159 multis
830 2110 874 2159 est
904 2104 1030 2159 adrerm
1058 2103 1161 2173 ligitur,
1179 2103 1312 2158 Josabam
1329 2120 1384 2158 nen
1402 2103 1488 2158 fuisse
1506 2103 1652 2159 moniale-
1665 2102 1729 2157 Deo
1745 2108 1891 2166 mutam,

200 2191 360 2247 doaebimus
387 2191 493 2245 Mariae
519 2199 599 2261 pater
629 2191 761 2246 statuitur
791 2191 933 2254 sacerdos,
967 2206 1030 2244 oum
1058 2190 1107 2244 sed
1120 2190 1219 2244 summi
1231 2190 1383 2244 sacerdotis
1397 2191 1555 2261 conjugem,
1571 2189 1744 2259 eandemque
1756 2185 1890 2241 mansisse

201 2278 344 2346 Scriptura
365 2284 465 2346 negat,
491 2292 648 2347 quenquam
674 2293 830 2347 unquame
852 2278 927 2330 trsbu
949 2277 1031 2329 Jrsdo
1056 2275 1085 2329 in
1125 2276 1229 2347 templo
1267 2284 1427 2347 propterea,
1461 2276 1537 2346 quod
1571 2275 1688 2330 manuus
1719 2275 1782 2344 ejus
1819 2279 1892 2328 esset

201 2364 374 2418 ministrasse
396 2363 485 2415 altori
509 2364 594 2419 Hebr.
611 2371 640 2433 t,
662 2382 687 2420 v.
714 2369 753 2419 13,
779 2363 880 2419 dieitur
896 2362 986 2417 Maria
1002 2361 1031 2415 in
1057 2363 1181 2432 pontifex
1198 2362 1341 2430 maximus,
1360 2364 1441 2433 cujus
1459 2378 1595 2417 oonsamn
1612 2378 1646 2417 ac
1657 2360 1806 2416 voluntate
1823 2359 1890 2430 egit.

200 2456 297 2504 saneto
316 2455 475 2503 sanctorum
491 2448 619 2518 educata,
639 2467 702 2504 cum
715 2450 744 2504 in
762 2450 833 2505 illud
850 2450 924 2504 selus
940 2448 1031 2520 penti·
1057 2448 1193 2520 quidquid
1212 2448 1264 2502 bac
1283 2448 1312 2501 in
1330 2455 1410 2517 parte
1428 2448 1557 2517 ssucepit.
1596 2446 1782 2502 casaubonus
1801 2460 1887 2501 exera

200 2535 245 2591 fex
262 2535 346 2590 semel
364 2536 393 2589 in
413 2552 486 2590 anno
503 2536 647 2591 intraverit
668 2535 795 2602 Habet,
814 2543 874 2591 ut.
891 2535 1031 2605 dosephus
1060 2542 1082 2591 1.
1099 2535 1135 2590 ad
1149 2551 1244 2605 appar.
1260 2534 1359 2590 Barea
1375 2551 1398 2589 e.
1417 2540 1456 2590 23.
1484 2534 1589 2588 Iocum
1607 2551 1640 2588 ex
1658 2532 1729 2587 libre
1742 2532 1833 2587 Exodi
1851 2531 1891 2585 sic

200 2621 246 2677 lib.
267 2629 291 2678 5.
309 2637 333 2677 e.
356 2627 395 2677 15.
436 2623 479 2675 Ae
496 2622 591 2689 detur,
614 2621 731 2675 Mariam
751 2621 812 2676 Deo
834 2621 920 2676 tribes
938 2638 1032 2677 oense
1057 2621 1233 2696 παραφράζει
1260 2621 1400 2677 Jonathan
1422 2621 1451 2674 in
1473 2620 1571 2692 Targa
1601 2622 1641 2673 Et
1663 2621 1735 2685 fecit
1759 2619 1892 2674 corroboro

200 2714 305 2763 oratam
323 2725 357 2762 ae
374 2708 402 2761 in
419 2707 523 2778 templo
539 2714 571 2763 ut
587 2707 616 2762 in
635 2708 731 2762 schola
748 2708 860 2778 pietatis
878 2709 1032 2778 educatam,
1058 2723 1169 2761 oasam
1188 2716 1214 2761 ct
1230 2708 1311 2761 bosia
1328 2708 1391 2775 ejus
1408 2722 1524 2760 ααααααι
1547 2723 1563 2759 c
1580 2707 1703 2775 speculis
1719 2705 1814 2760 cacia
1834 2722 1892 2758 ma·

205 2811 261 2847 nen
281 2803 374 2848 tamen
391 2810 425 2848 ox
443 2810 477 2849 eo
496 2793 585 2848 evinci
602 2799 702 2864 potest,
719 2794 795 2865 qued
813 2794 843 2848 in
860 2801 925 2848 roto
935 2811 1033 2864 perpe·
1059 2795 1160 2847 tiesrsm
1176 2796 1406 2862 vacuaretur-am,
1425 2810 1479 2861 quo
1493 2801 1586 2847 αιααια
1605 2801 1731 2862 tompore
1746 2792 1892 2846 ssmicboat

206 2886 272 2935 tuae
291 2879 457 2950 virginitatis
475 2894 537 2934 sese
554 2878 744 2947 obstrinxerit,
768 2896 834 2935 nam
856 2888 885 2935 et
909 2880 1032 2937 Nasiraei
1060 2883 1100 2935 od
1117 2882 1256 2934 αιααάααι
1273 2882 1304 2933 s'e
1316 2888 1405 2948 porto
1423 2878 1892 2945 toberrtocubs‘ceaoesstucstoboat,

206 2967 234 3020 in
252 2966 286 3023 V.
298 2966 332 3020 T.
352 2982 451 3022 uxores
466 2967 605 3021 ducebant
621 2984 655 3022 ao
671 2968 701 3021 in
714 2967 818 3038 templo
830 2968 913 3023 etiam
932 2969 1034 3023 viduae
1054 2969 1140 3037 jecta
1164 2967 1345 3021 elaeonem
1375 2966 1526 3020 oblationis
1548 2982 1619 3020 suec
1641 2973 1668 3019 ct
1689 2965 1851 3018 hadabert
1867 2966 1974 3017 stffll!

205 3054 374 3123 serviebant,
409 3060 443 3108 ut
472 3060 581 3109 constat
605 3054 730 3125 exemplo
758 3054 877 3111 Hennae
908 3055 976 3110 Luc.
1009 3061 1034 3120 2,
1061 3054 1272 3119 coartabuntur.
1314 3052 1431 3106 Daiads
1448 3051 1656 3105 revertebantur
1673 3052 1715 3103 od
1731 3050 1811 3104 eires
1828 3067 1894 3104 suos

205 3157 231 3197 r.
250 3145 292 3195 36.
321 3141 443 3210 quinimo
465 3158 587 3195 summus
611 3140 739 3196 sacerdos
754 3140 816 3196 Deo
844 3141 1036 3198 devotissimus
1061 3140 1260 3208 aperiebant
1289 3139 1365 3203 titios
1385 3139 1493 3206 justes,
1520 3153 1574 3206 quo
1597 3145 1720 3207 tempero
1749 3144 1894 3208 perpotet

205 3232 265 3279 erat
286 3228 458 3296 conjugatus.
502 3227 593 3292 Quam
615 3243 680 3283 rere
705 3244 817 3283 causam
842 3228 941 3284 afferre
959 3235 1035 3299 pete·
1061 3235 1143 3281 creat
1162 3246 1181 3279 α
1198 3227 1332 3281 sordibus
1349 3225 1498 3293 respuistis
1513 3225 1567 3278 sas'.
1604 3224 1679 3295 Ergo
1695 3224 1819 3279 feminae
1831 3223 1895 3277 illae

205 3319 283 3380 runt,
312 3312 386 3381 quod
415 3312 508 3382 puella
536 3313 724 3369 duodecennis
740 3332 798 3370 non
815 3316 956 3384 cognatis,
980 3332 1037 3368 non
1062 3314 1125 3384 piae
1141 3330 1198 3368 nen
1215 3317 1296 3368 erant
1313 3310 1445 3366 moniales
1470 3315 1622 3382 perpetuae
1638 3310 1794 3381 virginitati
1814 3310 1895 3364 devo-

205 3396 350 3465 affinibus,
374 3414 430 3451 nen
453 3397 558 3467 viduis,
582 3399 632 3454 sed
658 3400 781 3472 Josepho
805 3406 936 3456 extrem
953 3400 1038 3454 suerit
1064 3408 1123 3470 tae,
1149 3400 1197 3455 sed
1215 3398 1327 3454 alternis
1346 3415 1404 3453 rem
1424 3398 1545 3453 divinam
1564 3404 1593 3452 et
1615 3396 1796 3454 domesticam
1816 3413 1893 3452 curu·

206 3483 418 3538 commendata?
455 3483 563 3538 Habuit
589 3484 679 3542 Maria
702 3489 823 3557 συγγενῆ
838 3486 1037 3555 Elisabetham,
1066 3490 1141 3545 bant.
1191 3485 1249 3557 Ipsi
1274 3485 1432 3539 sacerdotes
1465 3484 1553 3539 cultui
1584 3483 1678 3538 dimne
1701 3483 1747 3540 rel
1777 3483 1894 3538 maxime

207 3569 230 3622 si
249 3569 336 3622 tutela
352 3569 526 3640 indiguisset,
551 3570 587 3625 ab
606 3572 666 3641 ejus
685 3573 783 3627 marito
800 3572 935 3627 Zacharia
952 3573 1037 3627 maxi-
1063 3574 1228 3642 consecrati,
1264 3590 1321 3626 non
1354 3579 1446 3627 tamen
1484 3577 1563 3626 eram
1597 3569 1730 3640 coelibes,
1771 3571 1821 3626 sed
1865 3572 1892 3624 in

206 3672 265 3709 mae
284 3656 455 3711 auctoritatis
477 3663 506 3711 et
532 3657 676 3728 dignitatis
700 3659 758 3712 rire
784 3659 875 3713 curari
895 3658 1037 3728 potuisset.
1063 3661 1193 3733 conjugio
1213 3657 1349 3714 virebant.
1392 3658 1473 3714 Num.
1498 3664 1528 3726 t,
1560 3675 1584 3712 r.
1611 3662 1653 3711 23.
1683 3655 1757 3711 idem
1780 3656 1893 3711 verbum

208 3741 340 3797 llaronius
366 3742 394 3796 in
421 3749 548 3814 apparat.
573 3745 663 3801 annal
690 3751 730 3800 ll.
754 3762 782 3799 n.
802 3751 842 3802 et.
869 3745 921 3799 hee
946 3750 1037 3816 urget,
1064 3751 1148 3823 ⁸²1².
1178 3747 1213 3802 de
1232 3744 1420 3801 sacerdotibus
1431 3744 1460 3798 in
1477 3742 1658 3798 tabernaculo
1674 3741 1893 3796 ministrantibus

207 3829 284 3894 qssod
304 3828 392 3893 suerit
420 3831 625 3899 primocreata,
656 3839 705 3884 out
723 3848 790 3901 erqo
812 3832 919 3885 redimi
933 3833 1037 3897 statuit,
1065 3840 1227 3905 usurpatur,
1251 3832 1325 3904 quod
1350 3830 1438 3885 Exed.
1465 3835 1512 3897 33,
1533 3847 1558 3882 r.
1574 3835 1597 3885 8.
1624 3829 1661 3882 de
1684 3828 1849 3882 mulieribus
1864 3828 1892 3880 iu

208 3922 257 3966 esst
274 3914 304 3966 in
322 3915 423 3984 temple
443 3917 507 3969 Dee
520 3917 647 3983 scrobs,
676 3919 729 3970 sest
755 3919 881 3971 redemta
898 3935 955 3971 aon
970 3919 1037 3985 fait,
1064 3922 1134 3978 ostio
1145 3919 1317 3974 tabernaculi
1331 3915 1533 3971 excubantibus
1544 3915 1664 3984 ponitur.
1689 3913 1764 3969 Vide
1775 3914 1890 3985 Fagium

208 4016 274 4067 erpo
294 4001 324 4053 irs
341 4001 401 4053 Ilei
414 4003 528 4055 seruitio
546 4003 655 4058 relicto.
697 4001 738 4057 At
761 4004 797 4059 de
819 4004 1037 4076 primogenitura
1064 4008 1094 4062 in
1118 4004 1234 4076 par-aph.
1260 4004 1344 4073 Terg.
1364 4018 1397 4055 ac
1420 4001 1552 4055 Drusium
1576 4002 1604 4055 in
1628 4016 1726 4056 comm.
1755 4000 1792 4054 ad
1815 4000 1890 4054 illum

207 4085 312 4141 Mariae
335 4086 478 4156 Scriptura
500 4088 610 4158 penitus
636 4095 726 4158 tacet,
744 4107 778 4144 ac
802 4091 825 4143 si
850 4090 894 4146 vel
918 4091 1036 4146 maxime
1063 4096 1154 4148 locum
1181 4091 1279 4147 Exodi.
1323 4088 1462 4157 Breviter,
1493 4088 1517 4143 si
1543 4087 1634 4142 Maria
1659 4093 1775 4157 propter
1798 4092 1890 4141 vebum

206 4174 305 4228 fuisset
322 4174 520 4244 primogenita,
544 4192 598 4228 nen
617 4192 687 4244 opus
704 4175 803 4231 fuisset
819 4176 913 4247 aliqua
930 4178 1036 4232 redem-
1062 4179 1132 4234 illud
1155 4175 1320 4249 virginitatis
1345 4176 1374 4229 in
1400 4175 1505 4228 cadulo
1527 4174 1648 4244 quadam
1675 4173 1781 4241 templo
1803 4172 1892 4226 vicina

206 4259 298 4328 tione,
331 4277 395 4315 cum
425 4261 468 4315 lex
495 4260 531 4314 de
555 4262 746 4332 primogenitis
772 4268 880 4317 tantum
900 4265 1037 4319 masculos
1063 4266 1216 4321 babitasset
1238 4262 1382 4329 conclusa,
1411 4259 1610 4329 Hierosolymis
1633 4259 1662 4312 in
1685 4258 1813 4327 Judaea,
1838 4275 1890 4311 nen

208 4351 356 4401 eoueemat
377 4347 463 4400 Exod.
490 4352 535 4413 13,
558 4365 583 4401 r.
605 4352 644 4402 12.
673 4348 754 4404 Num.
770 4354 798 4415 8,
824 4365 849 4402 v.
871 4356 895 4404 6.
924 4349 992 4406 Luc.
1012 4358 1036 4417 2,
1063 4349 1234 4410 Nazaretbae
1262 4349 1291 4402 in
1324 4346 1452 4402 Galilaea
1481 4345 1609 4400 nuntium
1644 4345 1680 4400 de
1713 4345 1892 4415 conceptione

207 4450 233 4487 r.
253 4439 292 4487 23,
317 4449 350 4486 ac
374 4433 398 4486 si
421 4433 465 4486 vel
490 4432 608 4487 maxime
634 4434 662 4487 in
681 4434 784 4504 temple
801 4433 900 4490 fnisset
918 4437 1038 4491 educata
1065 4436 1216 4492 salvatoris
1238 4435 1291 4505 ipsi
1314 4433 1413 4487 fuisset
1436 4432 1559 4488 allatum.
1602 4438 1626 4486 5.
1645 4430 1689 4487 Ne
1711 4429 1764 4500 ipsi
1781 4430 1890 4501 quidem

207 4526 235 4572 ct
252 4518 289 4572 ad
307 4517 447 4573 servitium
463 4517 517 4572 Dei
536 4518 679 4587 deputata,
699 4536 755 4573 non
774 4525 867 4576 tamar
886 4527 1038 4593 perpetuae
1063 4522 1201 4580 Pontificii
1224 4522 1253 4576 in
1278 4520 1407 4591 opinione
1433 4519 1468 4573 de
1492 4524 1556 4573 reto
1581 4516 1687 4572 Mariae
1710 4517 1892 4572 musentiunt.

206 4605 300 4659 statim
327 4605 478 4675 virginitati
506 4605 672 4675 mancipata.
710 4606 848 4677 Joeephns
871 4625 905 4662 ac
935 4609 1037 4664 Rabini
1064 4611 1184 4676 Quidam
1207 4608 1279 4663 enim
1308 4613 1389 4674 ααεα,
1419 4604 1532 4675 quidam
1555 4611 1624 4671 post
1654 4601 1891 4672 desponsationem

206 4690 399 4746 Nasiraeornm
431 4708 465 4745 ae
488 4689 702 4746 lteehabitarum
733 4692 858 4748 instituta
890 4694 1038 4767 diligenter
1064 4698 1132 4752 illud
1151 4695 1280 4752 emissum
1298 4709 1359 4748 esse
1379 4696 1516 4759 subsunt,
1544 4706 1600 4761 qua
1624 4688 1661 4745 de
1677 4706 1708 4745 re
1725 4689 1767 4743 sic
1786 4687 1892 4743 disserit

207 4776 379 4846 describunt,
411 4776 460 4831 sed
491 4775 526 4832 de
550 4776 704 4847 virginibus
736 4779 903 4834 monialibus
920 4781 1037 4837 verbum
1064 4782 1248 4839 Bellarminus
1270 4780 1297 4836 d.
1321 4779 1353 4835 l.:
1381 4777 1514 4840 Quamvis
1540 4777 1662 4829 'l'lsomos
1683 4793 1740 4829 aon
1763 4777 1891 4830 semitm

207 4860 312 4915 nullum
331 4861 445 4917 addunt.
479 4863 633 4917 Mulierem
652 4863 725 4917 ieter
743 4868 905 4921 secederet
922 4867 951 4920 s‘ss
970 4875 1037 4921 tcm-
1063 4878 1155 4924 oetam
1183 4868 1339 4922 metretum
1366 4863 1538 4931 cirpiaitets'a
1565 4863 1596 4915 s'rs
1621 4862 1657 4917 B.
1689 4860 1804 4929 Virqtns
1832 4869 1891 4915 osto

203 4948 255 5016 plo
276 4949 386 5000 versari
406 4956 488 5015 otqac
510 4949 541 5001 irs
561 4948 666 5002 aeacus
683 4950 802 5004 oedibus
819 4953 961 5022 conspici,
987 4970 1037 5007 aso
1064 4955 1320 5025 desponsationem,
1354 4951 1456 5004 Scottus
1484 4957 1577 5003 wrote
1609 4947 1737 5001 adesitts't
1768 4954 1792 5005 4.
1826 4951 1891 5004 sert

208 5035 264 5099 lor,
282 5048 332 5085 aec
343 5035 469 5101 promtus
482 5035 669 5103 permittebat,
685 5034 778 5107 inquit
789 5036 941 5109 Gregorius
954 5038 1037 5108 Nyso.
1064 5042 1126 5096 dist
1147 5046 1189 5096 30.
1207 5056 1233 5109 q.
1253 5043 1279 5093 2.
1305 5045 1331 5090 st
1350 5044 1415 5090 octo
1434 5035 1547 5089 &obem
1565 5034 1699 5087 Albos-tas
1719 5035 1846 5104 Morare
1863 5033 1891 5085 ὄπ

206 5119 298 5174 homil.
323 5119 353 5174 in
376 5121 458 5175 natal.
484 5121 563 5176 Dom.
587 5122 678 5193 Urget
697 5122 842 5193 Batonius,
861 5132 886 5180 2.
903 5124 989 5181 ldaeo.
1011 5130 1036 5194 3,
1062 5127 1137 5181 libro
1156 5128 1192 5178 dc
1211 5123 1344 5180 tarsds'bus
1367 5121 1498 5190 Vs’rpias's,
1517 5128 1544 5173 at
1561 5127 1625 5173 onte
1640 5120 1785 5173 Admau
1804 5138 1827 5177 s.
1842 5137 1891 5189 po·

206 5224 232 5264 r.
251 5213 290 5263 to.
307 5205 473 5260 mentionem
496 5209 559 5267 ticri
584 5210 723 5277 cirpiassm
741 5211 772 5264 s'a
790 5213 894 5281 wmpto
911 5212 1035 5266 recluso·
1064 5222 1120 5266 tres
1141 5213 1250 5278 cleccet,
1268 5211 1304 5265 B.
1333 5208 1474 5278 Vispisssm
1493 5206 1599 5259 storiase
1618 5213 1683 5259 crte
1702 5206 1892 5274 desponsatio-

205 5312 277 5349 mssa.
312 5292 367 5348 Sed
383 5299 576 5363 praeterquam
600 5296 675 5366 quod
701 5297 771 5352 liber
787 5303 831 5351 est
848 5298 1035 5368 apocryphus,
1062 5315 1132 5352 aem.
1170 5296 1282 5367 injure
1299 5293 1431 5349 meoniae
1447 5309 1473 5348 c.
1492 5293 1582 5346 Beata
1591 5291 1688 5347 Maria
1707 5297 1749 5346 27.
1769 5309 1797 5362 q.
1818 5298 1843 5347 2.
1859 5307 1891 5345 ex

206 5380 309 5434 nullius
329 5380 358 5433 in
374 5377 477 5447 temple
498 5378 658 5434 reclusionis
675 5381 708 5436 iit
725 5383 842 5449 mentio,
859 5384 908 5438 sed
930 5384 1035 5454 simpli·
1062 5383 1220 5455 Augustino
1234 5381 1347 5445 dieitur,
1369 5381 1449 5449 qaod
1466 5388 1533 5449 post
1555 5386 1651 5431 neutra
1669 5378 1767 5446 filiam
1784 5380 1892 5432 murs

205 5466 275 5521 citer
290 5465 392 5519 dicitu
409 5466 438 5517 et
456 5463 640 5519 ausdstsseror
662 5470 718 5521 soie
730 5472 890 5537 παρθένων,
907 5470 1034 5537 cirpiacc
1061 5479 1152 5525 cotem
1171 5470 1249 5523 iltrut
1264 5466 1395 5521 meae.
1430 5467 1467 5519 B.
1487 5464 1593 5519 Morio
1610 5466 1773 5532 properarit,
1791 5481 1822 5519 ee
1838 5482 1892 5519 scr·

206 5552 361 5621 comburor,
381 5552 433 5607 lroc
452 5558 495 5605 cst
510 5566 583 5623 quae
599 5552 754 5605 aliasdemi
775 5556 950 5610 recontineri
965 5556 1035 5611 sole·
1061 5565 1188 5611 ααιιααηι
1218 5562 1311 5609 veturs
1337 5553 1510 5621 cirpirss'tots‘a
1540 5554 1570 5605 ia
1596 5553 1697 5615 corda,
1723 5554 1777 5605 sert
1803 5553 1893 5624 s‘psm
