4020 6022
268 284 328 346 874
852 275 974 335 Locus
993 275 1196 337 wettelmus
1214 279 1384 348 QUINTUS

138 442 198 484 xvi.
209 434 255 484 tta
266 433 343 505 apud
362 432 424 488 illos
444 439 505 488 erat
523 431 676 486 usitatum?
708 438 732 489 3.
745 432 789 488 De
808 447 863 503 quo
882 430 1000 485 divortio
1017 425 1249 504 inter-lsaccpts'o
1272 452 1387 489 comam
1405 436 1606 499 fornicationis
1630 433 1799 506 exprimens
1812 433 1957 507 subjunge·

267 526 402 599 rogarunt
418 518 561 574 Pharisaei
577 517 676 574 Matth.
699 524 739 583 19,
756 536 784 575 v.
805 523 829 573 3.
848 518 883 574 de
901 518 998 593 eodem
1016 516 1100 571 etiam
1126 525 1171 574 tur
1198 525 1306 575 tantum
1334 522 1510 590 dimissioni,
1536 528 1630 576 tamen
1655 521 1691 576 de
1716 537 1751 576 es
1771 521 1834 577 sola
1851 536 1907 575 non
1923 526 1958 576 est

268 606 394 664 Christus
411 603 568 675 respoudit,
586 603 654 657 alias
672 602 725 673 ipsi
746 603 948 675 quaesivissent
965 603 1000 657 de
1019 601 1100 666 alliis,
1127 605 1316 677 intelligenda,
1337 608 1417 679 quasi
1435 607 1542 663 scilicet
1560 606 1604 663 his
1617 606 1721 664 christi
1740 607 1837 662 verbis
1848 612 1958 661 nutum

266 710 299 748 ac
317 690 442 747 Christus
474 689 541 761 ipsis
569 690 755 759 respondisset
777 691 813 745 de
838 689 945 759 caepis,
968 689 1043 760 quod
1063 688 1100 742 da
1126 691 1207 745 modo
1239 699 1361 761 potestas
1392 693 1549 748 dimittendi
1581 693 1738 748 adulteram
1770 691 1875 746 marito
1905 691 1960 747 dats

265 780 314 835 illa
343 777 468 833 coelestis
496 776 585 831 Patris
614 776 751 845 sapientia
780 776 903 847 cogitare
939 762 1101 829 absurdum?
1125 775 1224 840 suerit,
1252 794 1308 832 non
1337 784 1430 833 autem
1462 778 1544 833 aliam
1560 777 1688 833 ducendi.
1731 776 1808 833 Nam
1833 776 1885 831 illa
1909 777 1961 847 ipss

265 865 351 935 Atqui
374 862 513 917 Pharisaei
530 863 736 932 interrogarunt
748 863 783 918 de
794 861 912 917 divortio
929 860 1022 932 quoad
1040 860 1099 914 viu·
1127 861 1248 916 dimissio
1266 864 1342 933 apud
1361 863 1485 919 iudaeos
1502 862 1664 920 includebat
1684 868 1857 935 potestatem
1884 867 1961 916 bans

265 951 367 1006 culum.
403 949 466 1005 Non
485 956 565 1003 eram
584 948 627 1002 illi
644 948 744 1003 soliciti
763 949 798 1003 de
810 947 989 1003 dissolutione
1007 945 1099 1017 quoad
1126 948 1210 1002 eundi
1235 948 1272 1004 ad
1301 949 1370 1004 alias
1388 951 1516 1019 nuptias,
1541 950 1722 1022 distinguitur
1739 948 1860 1021 quidem
1879 948 1962 1004 dimis-

265 1044 365 1104 torum,
385 1036 434 1089 sed
447 1035 636 1106 quaestionem
650 1024 798 1088 movebant
813 1033 996 1089 desolatione
1008 1030 1170 1102 quoadsio
1188 1033 1332 1090 adulterae
1359 1051 1376 1088 a
1404 1035 1535 1089 ductione
1553 1037 1646 1090 uxoris
1665 1051 1772 1097 novae,
1802 1051 1862 1089 non
1879 1044 1962 1090 autem

178 1123 186 1139 '
265 1120 421 1189 vinculum,
450 1137 521 1190 quae
548 1121 577 1173 iu
602 1119 707 1190 populo
724 1119 879 1176 Israelitico
909 1126 968 1173 erat
987 1106 1288 1190 usitataiseparatur,
1318 1121 1397 1191 quasi
1426 1119 1533 1176 scilicet
1550 1120 1625 1175 illam
1647 1120 1775 1185 mutuari,
1801 1136 1861 1174 non
1878 1128 1962 1176 sumn

265 1207 349 1278 Ergo.
395 1212 420 1263 t.
449 1205 494 1261 De
523 1223 578 1276 quo
607 1205 725 1260 divortio
751 1204 875 1275 loquitur
904 1205 948 1260 lex
978 1176 1201 1289 Moesicaihanc
1220 1202 1346 1260 Christus
1368 1205 1515 1269 concedat,
1543 1205 1723 1277 nequeenim
1742 1221 1819 1276 quae
1840 1206 1964 1259 dntinets

266 1294 349 1350 Deut.
368 1298 415 1355 tt,
442 1310 467 1347 v.
489 1298 510 1347 l.
540 1291 575 1346 de
604 1290 700 1346 eodem
728 1290 912 1362 intelligenda
935 1293 1000 1344 sunt
1017 1287 1332 1362 verbaflproponuntur,
1356 1308 1406 1362 pro
1430 1293 1574 1361 separatis
1599 1291 1711 1360 penitus
1734 1296 1803 1346 sunt
1830 1291 1963 1347 habenda

267 1377 370 1434 Christi
389 1380 487 1432 Matth.
508 1383 536 1445 5,
569 1394 593 1432 v.
619 1380 661 1433 32.
700 1375 783 1431 Ratio
805 1381 859 1443 est,
889 1375 955 1446 quia
975 1360 1195 1432 Christusildeo
1212 1393 1277 1431 vero
1307 1377 1434 1448 exceptio
1465 1394 1576 1432 causam
1599 1376 1792 1434 fornicationis
1813 1377 1964 1450 exprimens

266 1465 335 1520 haec
354 1464 440 1519 verbs
457 1461 573 1535 opponit
597 1462 739 1517 doctrinae
767 1461 993 1528 Pharisaeorum,
1018 1476 1101 1532 qrram
1113 1440 1116 1501 i
1128 1462 1289 1517 nominatim
1312 1462 1464 1518 dimissioni
1481 1463 1640 1533 subjicitur,
1666 1463 1734 1535 quia
1754 1470 1873 1535 propter
1889 1463 1964 1519 iorni-

267 1568 300 1607 ex
316 1551 380 1622 legs
403 1549 527 1604 hlosaica
553 1549 588 1602 de
608 1547 704 1602 libello
720 1548 828 1617 repudii
847 1547 900 1618 ipsi
921 1546 1101 1617 colligebant.
1113 1506 1117 1589 i
1129 1550 1266 1603 catiouem
1281 1549 1339 1604 sive
1371 1549 1538 1604 adulterium
1556 1564 1632 1603 -uxor
1655 1549 1822 1618 dimittitur,
1846 1566 1901 1605 nec
1914 1556 1964 1603 tan
1975 1559 2008 1602 m

266 1635 330 1693 dam
349 1651 415 1691 vero
432 1635 475 1689 lex
488 1633 611 1689 Mosaica
628 1633 752 1704 loquitur
771 1634 804 1688 de
817 1633 866 1687 tali
880 1633 1008 1696 divortio,
1027 1633 1101 1705 quod
1129 1641 1245 1706 propter
1263 1635 1430 1690 adulterium
1461 1635 1607 1703 dimissae,
1631 1652 1714 1706 quam
1737 1640 1857 1706 propter
1880 1634 1965 1689 dimis-

267 1730 310 1779 est
328 1738 392 1776 vere
410 1727 440 1776 et
456 1720 566 1790 propria
584 1722 624 1774 sio
643 1720 747 1774 dictum
766 1719 921 1787 divortium,
939 1735 996 1791 quo
1010 1719 1101 1788 ipsum
1130 1722 1235 1776 sionem
1253 1721 1399 1775 adulterae
1423 1720 1479 1775 alia
1497 1721 1569 1789 juste
1593 1720 1719 1785 ducitur,
1749 1722 1820 1794 quia
1834 1723 1916 1792 justa
1931 1721 1965 1775 di·

269 1807 393 1879 conjugii
413 1807 556 1861 vinculum
576 1806 701 1860 solvitur.
740 1804 823 1859 Patet
839 1804 892 1860 hoc
910 1822 944 1860 ex
962 1805 1030 1877 ipsis
1044 1822 1117 1883 ver-3
1131 1807 1224 1860 missio
1262 1812 1429 1876 potestatem
1465 1806 1589 1862 continet
1623 1807 1788 1862 neumandi
1825 1807 1865 1861 ad
1903 1806 1965 1863 alias

267 1894 311 1949 bis
324 1893 399 1947 illius
417 1893 487 1962 legis
501 1911 525 1947 v.
541 1898 564 1947 2.
583 1891 652 1945 Cam
669 1909 782 1960 carossa
798 1891 964 1960 (repudiata)
983 1892 1104 1944 aiteram
1129 1893 1250 1964 nuptias.
1286 1892 1360 1957 Quin
1384 1897 1412 1946 et
1435 1892 1602 1948 adulterium
1627 1891 1761 1963 injustam
1782 1891 1965 1949 dimissionem

265 1981 398 2035 maritam
418 1977 543 2045 durarit,
566 1994 592 2031 v.
612 1984 637 2035 ³.
661 1986 687 2031 ct
715 1977 765 2030 ille
787 1994 896 2047 qaoqrre
923 1977 1015 2031 oderit
1042 1994 1103 2031 eam
1129 1994 1247 2050 sequeus
1277 1995 1333 2033 non
1356 1984 1412 2033 tam
1437 1978 1621 2034 committitur
1647 1985 1763 2050 propter
1780 1978 1884 2049 prioris
1909 1997 1965 2035 cou-

267 2066 430 2135 dedcritaae
446 2063 474 2117 ei
491 2062 617 2117 libatiam
636 2063 753 2132 repudii
770 2071 795 2116 ct
814 2064 954 2117 dimiserit
973 2065 1008 2116 de
1021 2065 1103 2116 domo
1114 2066 1119 2175 Ι
1126 2065 1204 2135 jugis
1222 2063 1409 2120 dimissionem
1433 2081 1516 2135 quam
1548 2064 1662 2121 alterius
1682 2081 1716 2119 ac
1733 2081 1825 2121 novae
1845 2065 1966 2137 conjugis

267 2151 378 2205 suaset
398 2157 471 2204 certe
488 2157 613 2203 mortuns
629 2151 730 2214 fuerit,
749 2167 774 2202 v.
788 2156 812 2206 4.
831 2167 887 2203 non
902 2150 1007 2218 poterit
1019 2151 1104 2219 prior
1116 2182 1119 2231 ι
1133 2151 1298 2207 ductionem.
1331 2156 1358 2208 3.
1376 2152 1542 2207 invertimus
1555 2151 1642 2222 igitur
1653 2150 1817 2206 Bellarmini
1836 2152 1966 2207 ἔνστασιν.

268 2236 389 2290 maritas
408 2235 534 2307 recipere
552 2253 613 2289 cam
635 2235 665 2288 in
682 2252 809 2304 acorem,
835 2253 868 2290 ex
891 2236 993 2306 quibus
1014 2234 1119 2290 verbis¹
1133 2236 1258 2292 Christus
1276 2254 1294 2292 a
1311 2238 1436 2309 generali
1462 2237 1574 2292 divortii
1594 2236 1784 2308 prohibitione
1802 2253 1901 2292 casum
1918 2237 1966 2292 ior-

270 2320 416 2378 maniieste
436 2320 587 2392 colligitur,
604 2321 694 2393 legem
711 2320 788 2376 illam
806 2338 862 2377 non
874 2322 975 2393 punire
991 2321 1104 2392 nuptias
1132 2322 1277 2378 nicationis
1285 2323 1425 2393 excipiens
1436 2328 1584 2394 utrumque
1599 2322 1736 2393 exprimit,
1756 2322 1853 2391 unius,
1867 2324 1967 2380 scilicet

269 2407 477 2478 repudiatarum
504 2422 567 2460 cum
593 2406 655 2460 aliis
680 2406 761 2471 viris,
790 2407 889 2478 quodsi
907 2407 973 2462 illae
992 2408 1106 2479 nuptiae
1117 2446 1120 2473 ,
1133 2407 1286 2473 adulterae,
1299 2408 1485 2463 dimissionem
1498 2414 1527 2463 et
1540 2408 1654 2463 alterius
1667 2407 1762 2463 uxoris
1772 2409 1967 2479 acceptionem,

270 2512 333 2551 cum
358 2492 507 2564 repudiata
530 2491 648 2547 fuissent
674 2509 724 2562 pro
749 2492 893 2548 adulteriis
910 2493 1037 2562 habitae,
1061 2492 1106 2546 lar
1134 2510 1201 2564 ergo
1219 2493 1329 2563 reipsa
1347 2493 1435 2558 docet,
1457 2500 1571 2564 propter
1594 2493 1806 2550 fornicationem
1831 2495 1874 2550 its
1891 2494 1968 2550 heere

269 2581 414 2637 tolerasset
438 2578 551 2650 publica
570 2584 598 2634 et
616 2579 748 2634 conanus
767 2578 913 2634 adulteria.
958 2579 1108 2634 Praeterea
1135 2580 1291 2634 adulteram
1309 2580 1457 2647 dimittere,
1477 2586 1509 2634 ut
1529 2579 1613 2634 hccat
1632 2580 1715 2635 eham
1728 2579 1842 2636 ducere.
1876 2580 1967 2636 ldsttls.

270 2666 315 2721 lex
344 2664 490 2736 prohibet,
522 2682 558 2720 ua
588 2665 735 2735 repudiata
764 2671 829 2736 post
857 2670 972 2719 mortem
993 2664 1108 2719 secundi
1138 2671 1177 2733 ts,
1197 2683 1221 2720 v.
1240 2671 1272 2720 9:
1293 2665 1350 2729 Qut
1369 2667 1510 2720 dimiserit
1523 2682 1637 2720 sanorem
1654 2683 1742 2733 suam,
1759 2667 1819 2720 nisi
1836 2668 1872 2722 ob
1883 2667 1967 2732 forsi-

271 2751 363 2807 mariti
381 2766 399 2805 a
417 2751 507 2821 priore
526 2749 554 2805 in
573 2753 666 2805 torum
682 2750 840 2820 recipiatur,
860 2748 918 2806 der.
934 2756 958 2815 3,
977 2768 1004 2806 v.
1025 2755 1052 2805 l:
1074 2750 1109 2804 Si
1135 2752 1287 2819 cntionem,
1307 2760 1331 2804 ct
1351 2752 1440 2805 aliam
1468 2752 1594 2816 decerit,
1619 2751 1786 2807 moechatur.
1825 2751 1913 2808 Marc.
1932 2758 1967 2815 le,

274 2839 413 2892 dimiserit
435 2838 479 2890 nir
499 2853 614 2891 acorem
631 2853 711 2889 arsam
730 2844 756 2889 et
773 2839 906 2890 recedens
918 2837 954 2889 ab
971 2853 1003 2890 eo
1023 2839 1108 2889 dnae·
1134 2853 1160 2890 v.
1182 2842 1226 2892 tl:
1251 2837 1306 2900 Qni
1330 2836 1470 2890 dimiserit
1488 2853 1601 2891 acorem
1618 2854 1700 2891 snam
1716 2845 1741 2891 et
1755 2838 1851 2892 aliam
1862 2837 1968 2892 dmrt't

270 2926 309 2978 rit
326 2924 418 2978 airam
441 2924 539 2991 alium,
556 2923 693 2991 namquid
708 2929 860 2977 reverterer
877 2925 919 2976 ad
937 2939 999 2975 eam
1012 2922 1110 2977 adrat
1135 2921 1326 2993 (subintellige
1357 2936 1390 2975 ex
1419 2920 1575 2989 Matthaeo,
1609 2923 1690 2992 cujus
1726 2922 1897 2993 epitomator
1929 2928 1968 2977 est

270 3016 300 3066 at
308 3011 332 3065 si
344 3026 395 3081 per
406 3010 551 3080 repudium
564 3025 619 3063 uon
637 3009 735 3064 fuisset
747 3008 865 3063 solutum
880 3009 1004 3079 conjugii
1015 3009 1109 3064 viucu-
1136 3007 1260 3074 Marcus,
1288 3015 1401 3078 eccepto
1424 3007 1626 3072 fornicationis
1644 3007 1766 3076 cansa),
1799 3008 1968 3064 adstiterint

269 3099 344 3165 lum,
363 3114 419 3153 non
437 3097 538 3151 fuisset
553 3103 698 3166 peccatum
718 3112 769 3150 uec
788 3094 1003 3166 prohibendum,
1029 3113 1109 3165 repu-
1138 3095 1282 3150 committit
1300 3111 1385 3164 saper
1401 3111 1471 3148 sam.
1508 3093 1576 3148 Luc.
1599 3099 1645 3163 tt,
1673 3108 1700 3146 v.
1720 3099 1765 3151 18:
1797 3094 1899 3150 Omnis
1924 3094 1969 3163 qui

272 3183 505 3253 distamapriore
518 3183 616 3237 marito
624 3182 719 3252 repeti.
734 3181 800 3237 Lev.
817 3187 859 3249 tl,
870 3198 896 3235 v.
909 3187 946 3237 lt.
954 3182 1054 3236 Erech.
1067 3189 1108 3248 tt,
1135 3180 1253 3234 dimittit
1278 3198 1391 3234 acorem
1415 3199 1495 3233 snam
1518 3189 1543 3233 at
1564 3182 1654 3235 aliam
1679 3181 1758 3234 ducit
1780 3181 1968 3252 (subintellige

271 3288 298 3324 v.
312 3274 352 3325 22.
370 3267 534 3339 prohibetur
548 3267 677 3322 sacerdos
690 3267 790 3323 ducere
799 3268 984 3338 repudiatam.
1003 3268 1043 3322 At
1056 3240 1232 3349 nisiiitidem
1260 3284 1293 3322 ex
1328 3266 1484 3336 Matthaeo,
1520 3273 1585 3337 post
1613 3283 1695 3338 quem
1726 3265 1822 3322 Lucas
1852 3266 1967 3338 scripsit,

276 3353 1248 3439 aliialicitumfuissetperlegemsorensemhiosaicamducere{ncepta
1269 3353 1472 3419 fornicationis
1495 3358 1600 3418 caasa)
1630 3353 1803 3410 moechatur.
1854 3352 1930 3421 Ergo
1951 3367 1968 3405 a

274 3439 1108 3510 repudiatam,trustraspecialiteridprohiberetursacerdoti.
1135 3439 1271 3496 contrario
1290 3455 1381 3508 sensu,
1400 3440 1447 3511 qui
1465 3439 1501 3495 ob
1520 3438 1730 3494 fornicationem
1749 3456 1867 3495 uxorem
1883 3440 1967 3494 dimit-

308 3530 366 3580 tit.
403 3524 546 3579 Praevidit
564 3524 763 3589 Bellarmiuus,
787 3524 856 3579 haec
873 3533 1037 3596 argumenta
1057 3542 1107 3596 pro
1134 3527 1168 3580 tit
1188 3531 1217 3581 et
1236 3525 1320 3580 aliam
1337 3525 1421 3591 ducit,
1440 3541 1496 3579 uon
1515 3524 1682 3579 moechatur.
1720 3529 1745 3579 t.
1765 3524 1851 3591 Quod
1869 3526 1968 3581 Bellar-

271 3618 366 3666 nostra
394 3611 578 3681 explicatione
611 3611 713 3664 adduci
740 3626 837 3680 posse,
866 3610 929 3665 ideo
954 3616 977 3668 t.
997 3612 1106 3682 excipit,
1120 3612 1224 3667 eminus
1242 3612 1329 3676 addit,
1351 3611 1493 3666 Christum
1509 3611 1623 3666 omnino
1640 3611 1788 3665 martam
1802 3620 1968 3681 potestaten

271 3697 444 3752 Pharisaeos
457 3697 570 3765 arsidcm
583 3696 772 3763 interrogasse
785 3699 821 3750 de
833 3697 997 3751 dimissione
1010 3700 1107 3766 quood
1119 3672 1258 3769 {descendi
1281 3699 1384 3766 aliam,
1416 3699 1468 3750 etsi
1498 3698 1665 3751 concesserit
1690 3704 1863 3766 potestatem
1881 3699 1968 3752 dinast-

269 3785 420 3852 oincnlnm,
442 3783 581 3838 Christian
602 3799 668 3836 cero
681 3785 715 3836 de
735 3784 899 3837 eademnon
916 3784 1106 3853 respondisse.
1133 3784 1213 3836 tendi
1239 3799 1352 3837 samem
1374 3789 1493 3851 proptor
1519 3799 1633 3835 cansam
1656 3783 1876 3848 fornicationis,
1903 3783 1968 3839 illud

272 3868 333 3926 Hoc
350 3887 415 3925 vero
432 3883 568 3941 perquam
586 3867 738 3922 absurdum
758 3875 818 3932 est,
836 3868 871 3922 de
890 3868 945 3922 alia
964 3886 994 3923 re
1012 3868 1108 3923 Phari·
1134 3875 1243 3940 pugnat
1260 3885 1323 3923 cum
1338 3867 1407 3938 ipsis
1423 3867 1583 3937 canonistis,
1603 3867 1652 3939 qni
1666 3868 1827 3924 concedunt
1838 3884 1968 3939 personae

273 3973 352 4012 saeos
364 3957 543 4026 interrogare,
562 3954 663 4009 dealia
677 3952 818 4008 Christum
830 3955 1012 4025 respondere!
1033 3955 1107 4020 Quo·
1134 3953 1272 4009 innocenti
1299 3952 1453 4009 adulteram
1472 3953 1622 4008 dimittenti
1643 3952 1781 4008 secundas
1799 3954 1921 4025 nuptias,
1946 3955 1967 4007 si

271 4043 352 4099 modo
383 4042 469 4113 igitur
498 4040 598 4112 probat
623 4039 809 4095 Bellarmiuus
841 4059 920 4095 suum
951 4041 1106 4096 somnium?
1134 4038 1300 4093 adulterium
1317 4037 1402 4093 suerit
1420 4039 1612 4095 incestuosam.
1649 4054 1673 4095 c.
1693 4038 1776 4103 Quod
1804 4039 1968 4112 proposuisti

272 4129 349 4193 Gnnr,
369 4128 468 4200 inquit,
489 4129 518 4182 in
539 4127 703 4182 dimissione
710 4127 844 4196 perfecta
858 4119 955 4195 quood
968 4127 1107 4181 vinculum
1134 4131 1187 4181 etc.
1207 4142 1230 4180 c.
1242 4123 1423 4180 concubuisti
1434 4131 1486 4179 stc.
1504 4140 1527 4178 c.
1546 4123 1690 4188 Quaedam
1699 4141 1763 4179 cum
1772 4123 1862 4182 fratre
1870 4132 1921 4182 etc.
1930 4128 1966 4180 ³2

271 4219 328 4270 duc
342 4200 546 4280 contineantur,
568 4213 696 4267 dimissio
710 4214 793 4265 unias
809 4220 834 4265 et
845 4221 973 4285 potestas
986 4214 1108 4266 siccandi
1133 4227 1159 4280 q.
1176 4217 1200 4264 i.
1225 4217 1247 4266 5.
1265 4209 1346 4274 Quod
1367 4209 1492 4265 Christus
1509 4209 1627 4279 repudia
1643 4209 1692 4264 illa
1707 4209 1840 4282 vulgaria
1863 4210 1968 4282 partin

269 4302 373 4370 aliam,
404 4301 544 4355 Dominus
572 4300 641 4355 baec
671 4301 727 4353 dno
771 4300 916 4369 separavit
952 4316 987 4352 ac
1021 4317 1107 4352 nnrrm
1133 4298 1350 4367 improbaverit,
1379 4295 1433 4349 hoc
1464 4302 1506 4350 est
1540 4295 1615 4367 quod
1638 4295 1829 4351 dimissionem
1860 4297 1967 4368 quiden

270 4390 382 4462 qsridem
399 4387 549 4449 concessit,
568 4385 761 4439 dimissionem
777 4385 907 4439 videlicet
926 4403 988 4439 cnm
1008 4387 1105 4439 restri-
1133 4382 1339 4454 approbaverit,
1359 4381 1409 4437 sed
1429 4382 1543 4437 alterius
1560 4383 1749 4454 acceptionem
1765 4382 1968 4453 improbaverit,

270 4477 360 4529 ctione
372 4476 413 4528 ad
426 4490 540 4527 causam
550 4472 760 4539 fornicationis,
773 4471 894 4525 alterum
906 4489 972 4525 asro
988 4473 1103 4527 omnino
1134 4470 1203 4524 illud
1216 4469 1317 4523 salsum
1332 4484 1393 4524 esee
1404 4468 1549 4524 manifeste
1568 4476 1676 4523 constat
1685 4484 1720 4524 ex
1737 4467 1839 4524 Matth.
1856 4475 1928 4534 19,v.
1938 4472 1966 4524 8:

270 4562 392 4629 sustulit,
413 4567 439 4614 ct
459 4559 527 4612 haec
546 4566 586 4612 est
602 4574 703 4622 carna,
729 4575 779 4610 cnr
790 4560 860 4625 fere
879 4574 988 4628 semper
1008 4559 1106 4612 Domi·
1132 4557 1183 4611 Ad
1201 4556 1336 4610 daritiam
1352 4557 1448 4609 cordis
1462 4555 1548 4608 castri
1558 4556 1674 4624 Moyses
1687 4556 1822 4625 permisit
1836 4556 1914 4609 nobis
1925 4554 1967 4608 di·

270 4665 322 4702 nese
347 4642 401 4701 iila
425 4647 482 4698 dno
511 4645 642 4698 distincte
661 4643 808 4712 posuerit,
846 4645 1000 4713 quicunque
1026 4629 1238 4733 dimi-insinere
1256 4646 1490 4705 acores'vcstrcs,
1512 4641 1549 4693 ab
1569 4641 1650 4695 initio
1667 4649 1760 4695 arruns
1779 4642 1907 4707 nonfuit
1922 4640 1967 4695 sia

269 4734 338 4788 serit
357 4742 382 4786 ct
401 4732 491 4786 aliam
513 4730 632 4798 dormit,
653 4737 683 4783 nt
701 4729 834 4784 nimirum
851 4730 1006 4799 replicaret
1026 4747 1107 4799 repa·
1171 4733 1227 4784 ter.
1265 4733 1289 4782 3.
1304 4726 1352 4780 Ad
1360 4732 1554 4798 argumentum
1563 4744 1597 4783 ex
1609 4726 1747 4782 contrado
1759 4744 1845 4782 sensu
1856 4727 1968 4782 ductam

271 4820 350 4871 diam
380 4818 410 4871 in
439 4818 498 4883 leae
530 4815 698 4887 pamniam
731 4822 757 4868 et
789 4817 897 4886 partim
927 4817 1108 4885 approbaret,
1133 4812 1319 4868 bellarminus
1331 4811 1371 4865 sic
1385 4811 1499 4882 excipit:
1521 4812 1736 4882 Sisaponamns
1748 4812 1836 4867 amba
1855 4811 1969 4867 Domini

267 4904 376 4973 partim
392 4903 571 4972 improbaret.
607 4899 831 4970 Respondemus:
854 4907 875 4958 l.
895 4903 929 4956 de
947 4908 1006 4956 tota
1024 4901 1184 4973 rapu-:hoc
1207 4900 1308 4953 modo:
1340 4899 1394 4961 Qui
1423 4898 1563 4952 dimiserit
1586 4915 1700 4953 neorsrn
1723 4915 1816 4964 snam,
1852 4899 1910 4952 nisi
1937 4898 1968 4953 od

272 4988 310 5041 dii
326 4988 401 5059 lego,
435 5005 507 5059 quae
536 5003 593 5040 nou
614 4986 703 5040 solum
721 4986 909 5041 dimissionem
927 4986 1023 5055 unius,
1055 4980 1121 5041 sed!
1133 4985 1359 5048 fornicationem,
1377 4991 1403 5039 et
1420 4983 1509 5038 aliam
1527 4985 1656 5049 dancrat,
1672 4984 1845 5054 moechatur,
1862 4985 1914 5041 hoc
1930 4990 1969 5039 est

271 5074 355 5130 etiam
380 5080 544 5142 potestatem
569 5072 689 5128 ducendi
718 5073 801 5127 aliam
832 5072 1037 5143 complectitur,
1065 5080 1107 5129 est
1135 5070 1294 5124 mosctatnr
1307 5071 1389 5124 itiam
1398 5070 1574 5136 dimittendo,
1586 5070 1654 5138 qnia
1659 5070 1740 5139 facit
1752 5087 1814 5124 eam
1824 5070 1969 5135 insectari,

271 5158 311 5214 ibi
334 5158 494 5228 disputatio,
511 5159 547 5214 de
568 5164 627 5213 tots
646 5158 756 5229 repudii
775 5158 837 5230 lege
855 5166 993 5228 quaerunt
1011 5158 1106 5213 Phari·
1119 5176 1121 5235 l
1135 5166 1161 5211 et
1180 5157 1341 5210 moechatur
1360 5157 1449 5210 aliam
1470 5156 1612 5222 ducendo,
1638 5156 1706 5227 pura
1720 5158 1844 5228 propris
1863 5158 1968 5212 adulte

272 5246 339 5315 saei,
359 5244 394 5299 de
409 5249 468 5298 tote
484 5243 611 5298 Christus
629 5244 696 5314 ipsis
708 5245 867 5315 respondet,
884 5245 953 5298 alias
965 5240 1206 5337 responsiolrinm
1232 5243 1389 5311 committit,
1417 5251 1501 5312 maras
1524 5243 1565 5295 ita
1595 5242 1637 5295 dis
1654 5242 1833 5312 noscaamr,
1860 5252 1925 5298 tunc
1940 5259 1970 5312 ‚a

271 5332 371 5388 suisset
395 5329 622 5401 trecassinam.
670 5329 797 5386 Clemens
820 5330 900 5386 Alex.
921 5329 969 5387 lib.
989 5335 1012 5383 3.
1038 5331 1277 5384 stro-'comrario
1297 5346 1379 5384 sama
1396 5329 1577 5394 inferendam
1604 5336 1660 5381 cst.-
1702 5345 1770 5398 crgo
1788 5330 1840 5400 qni
1853 5338 1969 5402 propter

272 5428 338 5477 mat.
355 5415 462 5483 scribit,
480 5417 531 5470 lroc
546 5417 729 5487 faisseqrsod
741 5416 1106 5486 roaantcsseircrolebant,
1126 5415 1352 5481 fornicationem
1373 5416 1490 5470 dimittit
1511 5423 1668 5470 uxoremst
1686 5415 1778 5470 aliam
1796 5417 1891 5481 dmin,
1917 5434 1971 5473 non

271 5505 298 5558 si
313 5505 410 5559 liceret
424 5503 514 5556 aliam
528 5505 639 5557 docere.
670 5509 694 5558 ².
708 5502 840 5567 Quamvis
858 5503 887 5557 in
899 5499 992 5556 verbis
1004 5500 1107 5556 Christi
1134 5501 1294 5555 moechatur
1313 5503 1363 5571 bis,
1380 5504 1549 5556 sedtantnm
1562 5501 1655 5568 semsi,
1674 5502 1707 5555 id
1720 5511 1760 5557 est
1776 5521 1836 5558 non
1847 5504 1988 5560 moseia·-
