4028 6030
812 262 864 317 DE
881 259 1080 317 CONJUGIO.
1736 267 1794 326 tua

94 416 205 474 easdem
229 434 395 491 repugnare.
437 420 492 475 Sed
512 416 727 474 Bellanniuiaua
754 415 801 469 illa
818 412 1060 491 assertioltalem,
1098 417 1189 473 afferri
1228 423 1320 488 potest
1348 417 1435 485 ratio,
1470 416 1544 487 quod
1581 413 1796 499 incoqtinentias

99 510 121 558 l.
133 503 233 559 nititur
244 506 391 575 hppotlrsss'
400 507 489 574 scrico,
504 504 578 578 quod
594 504 701 558 scilicet
712 518 806 556 omncs
819 501 933 571 nuptiae
944 498 948 527 '
960 504 1072 574 majoris
1091 504 1264 558 accusandus
1282 504 1332 571 sit,
1362 505 1409 575 qui
1428 504 1456 557 in
1478 502 1569 573 priore
1587 500 1719 571 conjugio
1744 518 1796 570 per

99 607 118 644 a
139 592 240 661 prioris
266 593 395 663 conjugis
422 600 509 647 morte
534 592 618 645 initae
638 605 670 642 ex
688 588 886 642 incontinentia
905 586 1062 642 etiannum
1095 588 1167 644 sorte
1197 608 1282 645 arnum
1312 596 1396 662 atque
1427 590 1545 644 alterum
1579 588 1648 642 vixit
1673 604 1706 640 ae
1732 592 1795 657 post

95 675 132 729 ad
157 676 387 747 restinguendum
416 677 539 730 lrbrdnns
568 677 699 746 impetum
724 648 1065 746 contralrantnr,⁸aliqnot
1088 692 1222 729 annorum
1248 676 1394 731 decursum
1419 676 1446 729 in
1467 674 1565 728 timere
1581 672 1632 727 nei
1657 673 1693 726 ad
1718 671 1795 726 aliud

96 780 159 815 eum
189 766 285 817 tamen
313 764 419 833 possint
447 780 505 817 esse
535 762 581 815 alii
610 762 692 824 lines,
725 769 837 830 propter
864 775 933 829 quos
960 761 1164 816 matrimonium
1194 762 1307 827 transit,
1338 778 1422 832 quum
1442 761 1479 827 is,
1521 758 1567 829 qni
1598 775 1648 828 per
1678 758 1794 813 totidem

97 847 304 902 matrimonium
323 865 340 901 a
359 848 450 901 viduis
469 854 622 919 expetatur,
643 846 808 918 propagatio
828 845 934 899 scilicet
959 864 1054 910 annos,
1075 848 1177 918 quihus
1196 848 1399 902 matrimonium
1418 847 1504 917 prius,
1523 852 1631 915 tempus
1650 844 1794 899 viduitatis

92 933 205 1003 generis
240 950 274 987 ac
316 939 441 987 mutuum
471 935 649 1004 adjutorium.
698 934 740 987 De
771 920 984 1027 Abrahamolet
1018 934 1171 989 secundum
1203 934 1365 1004 conjugium
1398 933 1512 987 alterius
1543 933 1639 993 durat,
1679 931 1706 985 in
1739 948 1794 983 une

94 1018 213 1089 cogitari
234 1020 345 1090 nequit,
378 1020 500 1090 quoder
521 1020 719 1075 incontinentia
738 1024 932 1090 postmortem
960 1020 1112 1090 eodemque
1131 1020 1305 1074 matrimonio
1324 1018 1516 1073 consenescit?
1549 1017 1592 1071 vel
1618 1023 1648 1069 ut
1677 1018 1792 1087 propius

95 1104 182 1160 Sarae
209 1105 320 1161 aruerit
344 1104 507 1174 thturarn,
536 1106 638 1161 (lenes.
658 1112 705 1169 25»,
736 1124 760 1159 v.
783 1112 805 1162 l.
842 1106 932 1170 Adsit,
960 1107 995 1159 ad
1022 1106 1179 1160 liellarmini
1206 1106 1356 1160 alrsrudum
1384 1104 1591 1176 pronuntiatum
1616 1104 1791 1169 accedamus,

99 1190 191 1261 inquit
210 1191 388 1262 Augustinus
414 1190 476 1247 lihr.
508 1197 546 1246 lt'»,
572 1191 607 1245 de
636 1191 748 1245 civitate
769 1191 829 1245 Dei.
848 1209 871 1244 c.
891 1196 932 1245 at.
959 1209 1041 1264 qnam
1072 1194 1185 1247 tandem
1203 1192 1436 1247 Anti-christiana
1462 1208 1607 1262 synagoga
1634 1188 1791 1259 contingere

94 1275 122 1329 in
147 1275 238 1345 princ.
265 1286 295 1330 ut
317 1278 546 1330 incontinentium·
570 1279 615 1330 ln'e
633 1279 821 1346 scorpiacum,
849 1293 930 1345 prnc-
944 1276 947 1319 ῗ
961 1286 1053 1347 potest
1072 1279 1246 1333 verisimilem
1264 1278 1407 1342 rationem,
1426 1277 1501 1347 quod
1518 1278 1630 1330 asaeris
1648 1274 1790 1329 ordinibus

95 1362 193 1415 sertim
213 1364 242 1415 in
263 1363 316 1416 illc
332 1364 394 1430 inas
413 1372 503 1417 aetate
521 1373 547 1417 ct
566 1366 595 1416 iu
615 1366 667 1417 illu
679 1366 753 1433 Jidcs'
777 1365 932 1415 scarrrrtitnte.
960 1372 1075 1434 propter
1093 1368 1224 1435 rnajmem
1243 1364 1469 1418 incontinentiam
1489 1369 1611 1427 arcetur,
1633 1362 1679 1433 qni
1698 1360 1790 1414 matri·

97 1447 130 1500 ln
160 1464 228 1517 rege
246 1448 354 1502 Davide
372 1448 480 1519 Abisag
507 1450 707 1504 Sunmnitidem
738 1451 766 1501 in
792 1447 933 1516 decrepita
959 1450 1080 1503 monium
1100 1450 1245 1519 repetivit,
1264 1467 1314 1505 nec
1335 1455 1426 1504 tamen
1444 1455 1554 1505 arcetur
1572 1447 1790 1513 concubinarius,
1804 1455 1850 1495 xv.
1865 1454 1909 1497 tta

96 1540 240 1588 senectute
265 1532 318 1587 sibi
347 1536 495 1604 copulante
515 1536 627 1606 majoris
653 1536 867 1590 incontinentiae
888 1552 931 1587 su·
959 1537 1006 1605 qui
1028 1536 1144 1589 totidem
1165 1534 1244 1589 annis
1264 1535 1401 1590 continuis
1419 1535 1475 1589 tuit
1495 1534 1721 1596 concubinarius,
1748 1531 1791 1585 vel

96 1620 186 1689 spicio
204 1618 300 1675 itidem
320 1620 408 1674 lecum
426 1638 480 1675 non
501 1622 593 1690 lrahct,
625 1630 646 1677 l.
664 1624 772 1693 llegum
805 1627 830 1689 l,
861 1639 885 1673 v.
908 1626 931 1675 3.
959 1623 1006 1694 qui
1033 1622 1201 1676 concubinas
1224 1623 1335 1692 saepius
1358 1622 1548 1692 permutavit?
1598 1619 1728 1690 Conjngii
1750 1635 1791 1673 re-

95 1722 161 1760 cum
179 1722 308 1775 erprcsse
325 1714 443 1777 negetur
468 1726 529 1762 carn
549 1710 720 1775 copus-lass,
735 1727 760 1763 v.
779 1714 801 1762 q,
834 1714 857 1762 2.
880 1706 933 1759 La-
959 1708 1055 1778 petitio
1075 1708 1253 1762 diuturnioris
1272 1716 1299 1763 et
1316 1708 1443 1762 firmioris
1456 1706 1669 1762 incontinentiae
1682 1707 1791 1775 siguum

97 1792 177 1847 borat
210 1792 407 1862 dor-tiopsrrtq
435 1795 595 1856 nraar'sestn.
656 1796 760 1847 Demus
781 1794 862 1858 enim,
893 1772 1077 1849 sc-'habetur
1097 1813 1180 1865 quarn
1205 1795 1421 1850 concubinarum
1445 1793 1621 1865 permutatio.
1667 1792 1691 1845 Ο
1715 1808 1792 1862 egre-

98 1878 206 1935 cundas
224 1879 337 1949 nuptias
355 1896 485 1949 arguere,
510 1898 654 1950 personas,
679 1898 751 1951 quae
772 1880 833 1933 illas
851 1894 932 1949 erpe-
959 1883 1036 1952 giam
1066 1881 1201 1935 castitatis
1234 1882 1385 1936 doctorem!
1442 1880 1554 1945 Quanto
1593 1879 1695 1933 rectius
1726 1877 1792 1931 Hie-

97 1972 178 2031 tunt,
198 1982 259 2020 esse
277 1965 490 2029 incontinentes,
516 1966 568 2019 lnrc
588 1973 630 2019 cst.
648 1984 702 2019 non
722 1983 781 2019 csse
800 1964 930 2036 peculiari
959 1985 1089 2037 ronymus
1118 1968 1146 2021 in
1172 1973 1317 2022 comment.
1336 1967 1392 2021 'lit
1420 1975 1448 2023 l:
1479 1968 1574 2021 illas-lto
1600 1964 1792 2019 (tractabilius

95 2050 144 2105 illo
161 2051 349 2106 continentiae
366 2052 439 2106 deno
458 2054 622 2119 instructas,
648 2060 678 2107 at
696 2072 728 2107 cx
747 2072 779 2107 eo
799 2071 853 2106 non
872 2059 931 2121 pet·
958 2064 997 2108 cst
1022 2056 1198 2119 serraculum
1224 2072 1282 2108 esec
1305 2072 1367 2107 cerm
1386 2056 1519 2124 pluribus
1540 2070 1625 2123 qrrans
1648 2053 1792 2119 dipamum

94 2144 137 2191 est
164 2137 277 2205 inferri,
307 2139 381 2209 quod
418 2139 557 2192 sseundae
591 2140 704 2209 nuptiae
734 2139 770 2191 ob
798 2139 930 2193 rationem
958 2142 1095 2209 reperiri,
1124 2142 1193 2210 quie
1219 2142 1248 2193 iu
1274 2142 1333 2195 alie
1359 2141 1516 2209 infelicitas
1545 2138 1718 2191 rnatrimoat's'
1744 2143 1792 2205 est,

93 2224 218 2295 aliquam
247 2224 378 2279 moralem
404 2224 449 2279 vel
477 2225 598 2293 clericis,
627 2226 670 2279 vel
691 2226 767 2280 laicis
790 2226 846 2278 sint
868 2241 930 2295 prc-
958 2228 987 2279 r'n
1005 2228 1065 2281 ulio
1084 2230 1126 2279 aci
1140 2229 1312 2295 pecca-mlum
1326 2245 1421 2296 prona
1440 2226 1567 2280 lasciuia.

93 2310 253 2375 bibendae,
287 2310 353 2381 quia
376 2310 428 2364 hac
452 2311 558 2366 ratione
571 2320 689 2383 prrqucr·
709 2313 833 2365 numbram
852 2314 944 2383 ‹lrrrn-i
996 2319 1050 2369 lau.
1091 2318 1112 2370 7.
1132 2316 1178 2366 Er.
1193 2314 1332 2382 [resultatis
1348 2310 1468 2367 ratione(
1497 2310 1640 2381 Quidquid
1655 2325 1789 2364 commen·
1803 2302 1918 2395 {itffflj

91 2404 211 2449 arrrctrsr
228 2398 381 2450 remed-iarn
401 2397 535 2450 diuinitas
552 2398 704 2451 institutum.
717 2407 742 2451 ct
760 2400 930 2452 ordinatum.
942 2390 945 2460 l
959 2399 1007 2453 dut
1020 2400 1122 2469 prinms
1137 2400 1256 2469 nuptias,
1270 2400 1299 2452 id
1311 2399 1401 2469 ipsum
1413 2398 1496 2453 etiam
1510 2396 1654 2452 secundas.
1682 2394 1790 2449 Primae
1804 2408 1875 2446 stone.

91 2481 261 2535 lnvcrtimus
290 2482 382 2553 potius
409 2490 610 2554 argumentum.
658 2483 825 2555 Oonjugium
853 2503 930 2555 prae·
958 2487 1073 2556 nuptiae
1091 2485 1216 2556 gaudent
1235 2485 1328 2539 divina
1348 2485 1527 2549 institutione,
1545 2482 1642 2536 cadem
1661 2479 1791 2535 secundis

91 2567 226 2622 scribitur
252 2568 321 2637 illis,
354 2569 401 2639 qui
418 2586 447 2621 sc
470 2588 527 2622 raon
552 2572 706 2635 continent,
738 2571 787 2625 sed
810 2572 930 2627 ustiones
959 2573 1090 2645 denegari
1109 2573 1213 2643 nequit,
1234 2572 1303 2626 alius
1322 2571 1356 2625 ad
1376 2571 1521 2624 viduarum
1542 2567 1717 2622 matrimonia
1735 2582 1791 2620 non

92 2654 253 2724 patiuntur,
284 2660 417 2724 tanquam
437 2655 603 2719 remedium,
634 2657 708 2723 qued
733 2657 791 2710 sine
816 2663 930 2727 peccato
959 2668 1052 2729 posset
1076 2659 1278 2715 accommodari
1298 2658 1366 2711 illud
1387 2657 1489 2711 Christi
1508 2655 1606 2709 lllutth.
1637 2660 1682 2717 19,
1710 2671 1736 2706 r.
1758 2658 1791 2706 6.·
1852 2702 1857 2709 .

91 2738 220 2795 adbiberi
252 2746 352 2809 puteat.
405 2746 426 2795 1.
452 2741 571 2798 Corinth.
602 2750 629 2809 7,
662 2761 687 2795 v.
719 2750 746 2799 8:
778 2745 854 2797 Dico
877 2763 929 2797 rson
961 2750 1044 2808 terrori
1072 2749 1151 2801 Ilcrrs
1176 2748 1333 2816 conjunxit,
1366 2746 1446 2797 honre
1469 2763 1525 2796 aron
1550 2750 1669 2811 reptaret,
1688 2746 1716 2794 et
1743 2757 1792 2809 per

90 2826 187 2896 asiptis
206 2833 234 2880 et
253 2828 364 2891 cr'rlns's,
399 2828 499 2881 horsum
517 2836 556 2880 cst
576 2830 648 2898 illis,
675 2830 702 2881 si
713 2832 931 2899 peraranserr'nt,
957 2850 1128 2905 consequens
1158 2833 1305 2888 divortium
1333 2832 1362 2885 in
1389 2830 1518 2885 secundis
1541 2827 1644 2899 nuptiis
1671 2826 1792 2880 humano

89 2913 165 2965 sicut
188 2920 215 2965 tt
243 2928 312 2979 e90,·
344 2930 369 2969 v,
392 2922 417 2972 9.
438 2916 542 2983 quorlas'
560 2935 614 2969 raon
639 2916 790 2983 continent,
819 2918 931 2980 orabunt,
958 2920 1072 2975 arbitrio
1095 2919 1200 2973 institui
1230 2923 1331 2987 posset.
1381 2916 1518 2969 hlirabilis
1543 2915 1594 2969 Dei
1619 2912 1793 2980 providentia

91 2998 194 3052 melius
214 2999 290 3051 anim
305 3007 345 3052 cst
362 3001 464 3054 scribere
481 3018 566 3069 qurum
585 3003 638 3055 uri.
674 3002 779 3057 t.'l'im.
801 3008 824 3069 5,
844 3022 869 3058 v.
886 3009 931 3059 tt:
958 3007 987 3059 iu
1007 3004 1199 3059 conciliatione
1219 3002 1299 3073 primi
1318 3001 1484 3055 matrimonii
1503 2999 1608 3063 elucet,
1625 2997 1723 3053 cadem
1748 3014 1790 3050 se·

96 3086 183 3154 Volo,
211 3085 343 3153 juniores
366 3088 468 3139 vr'rtsres
492 3088 603 3143 uerbere.
651 3088 725 3159 Ergo
751 3088 787 3143 ab
815 3090 866 3144 hoc
890 3061 1111 3193 in-lcnndarum
1139 3089 1297 3160 nuptiarum
1323 3087 1496 3141 occasionem
1522 3084 1676 3139 mirabilem
1700 3082 1791 3137 viduis

89 3171 282 3227 continentiae
306 3177 334 3227 et
358 3171 473 3226 ustionis
502 3174 623 3228 remedio
646 3174 778 3230 divinitus
802 3177 1087 3231 institutoerhibcrc
1119 3175 1229 3245 saepius
1263 3174 1447 3243 conspicitur,
1478 3178 1590 3242 propter
1620 3186 1689 3241 quos
1720 3169 1791 3223 fines

90 3266 121 3313 et
148 3254 279 3313 ordinate
307 3258 437 3329 qnodque
464 3261 523 3313 sine
541 3266 656 3329 peccato
675 3261 802 3317 adhiberi
828 3268 930 3333 potest,
957 3265 1062 3335 primae
1085 3264 1198 3333 nuptiae
1229 3261 1440 3328 contrahuntur,
1470 3263 1582 3330 propter
1607 3256 1719 3312 cosdem
1748 3272 1790 3311 ae·

91 3361 149 3397 nrm
175 3350 244 3397 suut
272 3343 392 3399 arcendi.
444 3350 468 3399 3.
486 3345 595 3399 Deduci
622 3353 715 3415 potest
739 3351 779 3400 nrt
796 3352 1064 3406 ‹sasnra1.·cundas
1084 3349 1210 3404 contrairi
1227 3348 1348 3402 salutare
1366 3354 1422 3415 est,
1455 3345 1621 3416 quandoque
1641 3344 1725 3398 etiam
1744 3360 1790 3397 ne-

90 3430 123 3485 Si
147 3430 221 3484 cuim
254 3430 393 3486 secundae
417 3431 532 3502 nuptiae
555 3441 621 3487 sunt
639 3434 754 3505 'signum
773 3437 884 3505 majoris
904 3444 943 3507 et,
957 3438 1114 3493 cessarium.
1164 3435 1241 3488 Finis
1269 3432 1392 3503 conjugii
1424 3438 1467 3486 est
1490 3432 1594 3484 scholis
1618 3430 1790 3502 procreatio.

92 3516 279 3570 diuturnioris
298 3517 513 3573 incontinentiae
526 3536 608 3589 quam
621 3521 828 3590 concubinatus,
846 3523 930 3577 fucrit
960 3525 1036 3577 Idem
1055 3523 1118 3576 finis
1138 3523 1229 3575 locum
1247 3520 1350 3574 habere
1365 3524 1456 3589 potest
1476 3518 1504 3570 in
1525 3517 1615 3570 viduis
1643 3517 1738 3570 sobole
1756 3532 1790 3570 ex

92 3618 287 3673 consequens,
317 3603 400 3658 etiam
425 3604 527 3673 priuras
555 3607 667 3677 nuptias
685 3623 745 3661 esse
772 3610 884 3678 majoris
903 3618 931 3665 ct
958 3612 1044 3680 primo
1074 3607 1246 3663 matrimonio
1285 3605 1432 3661 destitutis.
1494 3604 1599 3668 erodsi
1625 3621 1692 3673 ergo
1726 3610 1791 3657 ante

92 3687 279 3743 diuturnioris
296 3688 511 3745 incontinentiae
531 3692 640 3762 signum
688 3693 770 3747 Ratio
789 3703 845 3764 cst,
865 3696 944 3766 quia.
958 3698 1065 3767 lapsum
1084 3696 1113 3750 in
1131 3700 1205 3749 statu
1224 3693 1397 3748 innocentiae
1411 3692 1447 3745 eb
1467 3690 1576 3762 generis
1593 3689 1707 3744 humaui
1729 3706 1790 3758 pre·

92 3774 200 3845 primae
222 3775 337 3844 nuptiae
355 3776 522 3847 quandoque
542 3778 644 3833 durant
663 3797 714 3849 pcr
745 3797 832 3834 urrrros
851 3752 1135 3854 quin-lpugatienem
1163 3781 1270 3850 absque
1303 3779 1360 3832 ulla
1391 3776 1604 3831 incontinentiae
1635 3774 1792 3845 suspicione

92 3861 242 3931 quaginta,
261 3860 406 3930 sexaginta
424 3861 467 3914 vel
488 3861 590 3931 plures,
609 3880 671 3917 cum
690 3884 708 3919 a
727 3867 930 3920 concubinariis
957 3868 1081 3922 homines
1101 3866 1304 3921 matrimonium
1323 3864 1485 3918 contrahere
1510 3862 1680 3933 potuissent,
1709 3877 1791 3915 eccur

92 3946 270 4001 concubinae
297 3946 378 4000 citius
399 3947 580 4003 dimittantur.
628 3951 668 4004 At
693 3968 865 4022 consequens
884 3971 929 4023 op·
957 3954 1011 4023 illi,
1040 3954 1087 4024 qui
1111 3959 1175 4023 post
1198 3954 1306 4022 lapsum
1325 3950 1361 4005 ob
1380 3950 1482 4004 sobolis
1501 3948 1720 4019 procreationem
1745 3946 1789 4001 vel

93 4032 163 4104 pido
181 4032 343 4099 absurdum,
361 4049 423 4086 cum
437 4032 555 4103 Spiritus
572 4043 683 4091 sanctus
698 4038 750 4107 piis
763 4039 930 4109 conjugibus
957 4042 1069 4111 prirnas,
1087 4042 1130 4093 vel
1150 4038 1285 4093 secundus
1305 4037 1419 4107 nuptias
1433 4036 1599 4099 desiderant,
1618 4034 1790 4089 incontinen-

93 4119 363 4183 saactr'fr'cats'oncm,
395 4121 563 4186 restitutens,
595 4123 727 4177 lrouorcns
745 4129 798 4179 etc.
818 4125 930 4194 tribuat,
958 4128 1012 4182 tiae
1039 4126 1197 4197 suspicione
1223 4125 1315 4178 statim
1346 4123 1519 4194 gravantur?
1572 4121 1650 4175 Finis
1668 4119 1790 4190 conjugii

93 4212 195 4259 centra
212 4220 279 4259 vero
299 4204 492 4259 scortationem
518 4214 545 4262 et
564 4209 792 4273 concubinatum,
823 4212 929 4266 etiamsi
957 4222 999 4268 est
1027 4213 1116 4265 rrsutur'
1142 4211 1245 4263 nutritii
1268 4211 1436 4279 praestatio.
1484 4208 1573 4278 Atqui
1597 4204 1791 4260 matrimoniali

93 4290 198 4363 exigno
225 4290 307 4345 duret
334 4298 472 4360 tempore,
501 4293 537 4346 ad
562 4311 655 4349 orcum
674 4296 785 4365 penitus
812 4298 929 4353 damnet.
957 4300 1004 4353 illo
1030 4298 1132 4352 arixilie
1158 4296 1235 4350 vidui
1267 4297 1435 4366 quandoque
1452 4294 1541 4364 magis
1563 4293 1690 4362 indigent
1707 4307 1790 4360 quam

91 4376 296 4433 Concludimns
316 4394 382 4447 crgo
402 4376 454 4431 hoc
471 4379 561 4433 mode.
609 4380 661 4447 llli,
680 4381 728 4451 qni
746 4398 800 4435 nen
819 4401 849 4437 sc
867 4400 930 4437 cou-
956 4384 1083 4439 coelibes.
1136 4383 1214 4435 Finis
1243 4381 1366 4451 conjugii
1404 4387 1445 4433 est
1472 4380 1651 4432 scortationis
1684 4376 1789 4432 citatio.

91 4465 193 4528 tinent,
212 4462 236 4515 si
254 4462 400 4517 consilium
418 4465 601 4533 apostolicum
620 4467 709 4522 secuti
728 4469 929 4524 matrimonium
942 4488 945 4501 ³
956 4468 995 4523 At
1013 4469 1077 4524 huie
1095 4469 1217 4538 periculo
1237 4468 1315 4521 vidui
1331 4485 1386 4521 non
1404 4465 1503 4533 minus,
1523 4465 1689 4535 quandoque
1706 4463 1790 4517 etiam

91 4550 266 4605 contrahunt
291 4550 477 4604 restaurante
496 4553 627 4623 conjugio
647 4561 759 4609 munient
778 4555 870 4610 adhue
889 4557 929 4610 iu·
957 4556 1044 4625 magis
1071 4570 1155 4624 quam
1183 4553 1303 4608 coelibes
1335 4559 1399 4607 sunt
1421 4551 1540 4605 ohnoxii.
1597 4551 1693 4620 Neque
1717 4548 1790 4603 enim

89 4636 285 4700 continentes,
316 4643 365 4690 suut
396 4637 466 4692 tales
497 4654 557 4691 csse
586 4637 724 4693 desinunt.
783 4641 812 4696 Si
843 4642 928 4712 prius,
955 4658 1005 4711 pcr
1023 4648 1137 4695 mortem
1155 4640 1283 4709 conjugis
1304 4638 1443 4708 peculiare
1468 4637 1536 4691 illud
1558 4641 1708 4707 perpetuae
1726 4651 1789 4689 con-

92 4722 181 4777 etiam
210 4722 316 4792 primae
341 4723 455 4792 nuptiae
484 4729 564 4777 amnt
588 4726 783 4780 concubinatni
814 4732 928 4797 postpo·
955 4727 1088 4781 tinentiae
1121 4726 1223 4779 donum
1252 4725 1393 4795 superstiti
1421 4724 1494 4793 parti
1525 4722 1678 4790 confertur,
1699 4738 1791 4793 neque

93 4808 215 4877 suendae,
235 4807 302 4878 quia
319 4814 397 4863 tanto
416 4808 519 4863 diutius
533 4809 746 4865 incontinentiae
759 4812 787 4865 in
798 4815 928 4884 conjugio
941 4810 943 4825 '
956 4813 1076 4883 conjuge
1101 4819 1210 4866 mortua
1229 4827 1314 4866 causa
1331 4812 1429 4880 prioris
1449 4809 1571 4881 conjugii
1591 4825 1647 4862 una
1675 4808 1790 4864 moritur

90 4894 174 4948 t'rena
194 4895 303 4964 laxant,
333 4902 436 4966 quanto
456 4896 561 4950 diutius
581 4896 608 4949 in
629 4898 801 4951 matrimonio
824 4899 927 4967 vivunt,
940 4878 943 4923 ἶ
955 4906 982 4953 et
1003 4898 1197 4968 exstinguitur.
1222 4898 1404 4968 Nequaquam
1424 4912 1489 4951 vcro
1503 4894 1694 4965 judicandum,
1716 4895 1790 4966 <quod

88 4996 156 5033 cum
174 4979 363 5035 concubinarii
381 4980 462 5035 citius
479 4981 615 5050 abjiciant
632 4982 817 5053 concubinas,
834 4986 929 5057 sicque
956 4993 1063 5038 teritum
1081 4986 1115 5037 ob
1134 4985 1364 5038 isscuntr'rseutr'um
1382 4990 1410 5037 ct
1429 4982 1602 5036 scortationis
1623 4982 1791 5036 evidentiam

89 5083 126 5121 ex
144 5064 294 5136 hypothesi
312 5065 472 5121 lelarmini
493 5067 548 5121 sint
568 5068 656 5138 magis
675 5070 854 5127 continentes.
900 5072 928 5127 Si
955 5071 1068 5140 nuptiae
1100 5076 1274 5140 repetantur,
1305 5071 1376 5123 sieut
1400 5068 1583 5122 Bellurmiuns
1613 5074 1791 5139 praepostere

88 5152 243 5225 posterius,
276 5153 373 5224 utiquc
401 5156 520 5210 eundem
552 5154 681 5209 eti'cetum
715 5156 831 5211 habebit
867 5176 928 5214 con·
953 5158 1074 5227 judicet,
1093 5158 1158 5212 dum
1179 5157 1391 5211 incontinentiae
1408 5160 1503 5209 notam
1516 5155 1791 5211 omnibnasccundas

82 5240 199 5311 jugium
214 5239 243 5293 in
264 5238 365 5307 viduis,
385 5257 466 5311 quem
488 5240 573 5295 hahet
590 5240 709 5311 primum
728 5244 930 5299 matrimonium
956 5244 1068 5314 nuptias
1098 5243 1326 5300 contrahentibus
1349 5243 1456 5312 jndicio
1489 5248 1619 5313 corrupto
1650 5249 1678 5295 et
1711 5258 1789 5311 prae-

87 5328 118 5381 in
138 5324 272 5397 ἀγάμοις,
292 5330 320 5381 ct
336 5342 508 5397 consequens
526 5343 580 5381 nen
598 5332 641 5381 cst
658 5344 709 5396 pro
730 5327 810 5399 signo
823 5331 929 5386 diutur-
955 5335 1067 5400 postcro
1085 5331 1176 5397 inurit,
1195 5331 1242 5385 sed
1261 5329 1399 5384 interdum
1420 5327 1589 5383 conciliatrix
1606 5330 1788 5405 secundarum

87 5412 179 5467 nioris
198 5417 228 5467 et
244 5410 352 5465 firmius
363 5411 524 5468 adhaerenti
541 5412 759 5469 incontinentiae
771 5414 929 5471 habendum
955 5418 1113 5487 nuptiarum
1146 5422 1189 5470 est
1219 5416 1279 5486 ipsa
1319 5415 1483 5482 necessitas,
1520 5415 1648 5470 educatio
1684 5416 1791 5472 scilicet

86 5516 176 5571 qnam
202 5495 415 5554 concubinatus.
466 5499 503 5553 Et
526 5516 612 5569 quae,
641 5516 692 5569 per
711 5498 802 5556 Dcnrn
820 5500 929 5557 immor·
955 5502 1120 5574 liberorum,
1148 5502 1302 5575 amplitudo
1319 5501 1359 5556 rei
1376 5500 1535 5570 familiaris,
1564 5500 1677 5556 mades
1697 5502 1790 5556 dome·
