4020 6022
702 240 705 247 ·
803 220 856 279 na
874 218 1075 284 coltilltilo.
1696 234 1757 293 349

61 372 256 454 Hieronymus
272 379 446 453 inspolpro
463 378 640 438 libn’oontra
651 378 744 437 Josin.
763 396 819 435 non
836 376 1044 439 ideolMotoct
1079 382 1133 435 deo
1159 380 1260 445 fictido
1285 396 1376 435 conen
1399 380 1547 450 dederant,
1567 380 1646 449 cuod
1662 382 1760 437 mum

62 466 177 537 exponit
192 466 223 521 ri
242 466 284 523 uri
301 483 352 539 per
368 467 520 535 fornicari,
538 466 618 540 quasi
636 466 747 522 omnino
763 465 838 523 idem
854 466 899 535 ait,
910 462 981 535 ‘sart
1000 467 1053 520 deo
1070 466 1177 529 fictitio.
1205 469 1277 521 Tum
1293 466 1460 536 larpiumar,
1477 465 1554 537 ipsos
1566 483 1654 537 neone
1676 484 1760 538 spon·

63 552 126 623 ipse
145 552 219 608 euim
237 551 341 608 ibidem
358 552 485 609 ardorem
503 552 634 621 hbrdmrs,
654 552 683 608 in
703 570 758 625 quo
774 534 1006 611 morantiaco
1028 554 1137 623 attrsta
1161 570 1250 623 nomae
1267 554 1368 609 incitor
1393 570 1486 609 semea
1504 555 1622 625 effusam
1642 556 1759 610 Molaria

62 640 147 707 mtto,
164 656 183 694 ι
200 638 383 696 fornicatione
399 639 555 711 mangot,
572 640 622 695 nu
642 640 709 714 qun
724 640 856 712 pecare
870 622 1046 715 niceana,
1072 639 1149 693 ruas
1173 641 1273 695 man
1301 658 1358 695 nm
1381 640 1497 710 meana
1514 657 1625 711 ncnc,
1654 641 1759 696 canc.

63 724 275 781 fornicationem
302 725 340 781 ab
364 724 474 781 ustione
499 725 595 798 lapsus
618 734 668 796 cat,
695 726 747 782 nisi
767 725 984 799 {conjugiieere
1001 727 1149 795 mandrae,
1166 728 1193 780 ri
1210 729 1274 797 φάε
1290 743 1383 781 semen
1407 728 1437 780 in
1460 734 1566 781 terram
1590 728 1635 782 oet
1651 736 1758 790 omem,

62 811 186 869 remedio
203 816 372 867 occurratur.
395 812 571 884 Augustinus
589 813 638 870 lib.
658 813 694 867 do
709 813 771 868 bon.
788 802 963 884 conjug.lait
979 812 1068 868 bonor
1093 814 1216 878 auribua,
1241 821 1369 883 rpurpat,
1395 830 1479 882 qaam
1508 815 1536 866 ei
1558 830 1620 867 cum
1643 814 1759 870 malim

60 915 124 969 cap.
148 904 188 955 to.
205 898 274 954 nibil
294 899 387 968 babet,
408 899 483 970 quod
507 899 587 954 nobis
611 899 779 955 adversetur.
815 898 900 967 arnt,
926 900 1135 968 conprcdiatar.
1162 899 1391 953 Abominandum
1410 907 1451 953 est
1467 900 1560 953 reciae
1575 901 1656 971 apud
1665 900 1759 955 Deam

61 986 164 1058 inquit,
187 986 299 1040 oidctar
321 988 372 1039 icoc
397 993 528 1058 tempore,
552 985 629 1041 coloe
650 1004 706 1056 eor,
731 988 782 1056 qui
796 1004 826 1040 re
846 1003 900 1039 non
919 987 1045 1054 jactatio
1063 987 1176 1042 caninat
1206 987 1236 1041 in
1259 994 1372 1051 terram
1395 988 1477 1056 cujac
1502 987 1570 1041 baec
1591 994 1656 1041 runt
1675 987 1759 1041 cerba

60 1075 210 1143 continent,
221 1074 358 1143 conianpi
368 1082 504 1143 oportere,
516 1077 668 1129 amandam
679 1074 761 1127 illrum
778 1072 902 1143 apoatoli
929 1072 1000 1129 Gen.
1022 1076 1075 1127 38.-
1106 1071 1162 1128 na
1178 1075 1221 1127 ad
1242 1090 1356 1129 carmem
1374 1074 1481 1139 fratria
1505 1073 1641 1129 introiens
1667 1090 1759 1129 aeman

61 1160 240 1228 contentam&
277 1159 388 1223 Qrtodri
410 1175 440 1215 se
467 1178 522 1215 noa
539 1162 687 1223 emoneo,
712 1160 824 1228 nubant,
845 1175 900 1212 me·
919 1161 1063 1227 sanabat
1080 1160 1110 1213 in
1128 1167 1241 1228 terram
1261 1178 1295 1215 ne
1314 1160 1396 1215 tiberi
1412 1161 1518 1225 fratm's
1536 1161 1647 1215 nomine
1662 1177 1759 1215 narce·

62 1246 122 1301 lists
142 1254 184 1301 est
201 1248 275 1301 enim
291 1248 395 1302 nabere
411 1264 496 1317 quem
515 1248 569 1304 ari.
604 1246 817 1318 Cbrysostomus
838 1250 901 1301 tan·
926 1254 1023 1300 rentur
1040 1254 1065 1301 et
1083 1246 1193 1301 idcirco
1206 1248 1347 1316 perctarit
1363 1263 1425 1301 earm
1443 1247 1592 1314 Dominae,
1609 1249 1687 1316 qaod
1699 1262 1759 1302 rem

64 1339 126 1389 tum
143 1333 232 1402 abest,
250 1340 282 1390 ut
302 1334 384 1390 uobis
406 1334 451 1389 bic
472 1333 641 1403 adversetur,
666 1340 697 1389 ut
718 1333 791 1388 idem
808 1332 900 1403 potius
926 1332 1117 1388 ddertabtlem
1140 1333 1255 1395 faceret
1289 1332 1365 1388 Ecce
1388 1333 1538 1406 Scriptura
1563 1350 1623 1389 rem
1639 1335 1759 1388 detecta-

63 1418 209 1475 nobiscum
249 1426 362 1478 statuat.
411 1421 561 1492 Sipnifieat
598 1420 708 1492 (inquit)
746 1420 900 1491 apostolus,
924 1419 1008 1473 bilem
1030 1427 1110 1473 coeat
1134 1419 1249 1473 ceminio
1275 1420 1436 1490 effationem
1459 1421 1490 1475 in
1513 1428 1693 1477 terremotu
1721 1421 1759 1474 iis
1862 1461 1870 1483 ,

63 1513 172 1576 quanta
204 1506 242 1561 sit
273 1507 514 1578 eonmspiacentiae
547 1506 681 1575 tyrannm.
717 1506 779 1559 Hoc
806 1513 899 1559 aaron
925 1513 999 1560 certe
1014 1523 1107 1562 remen
1125 1508 1188 1575 dae,
1206 1524 1324 1575 mamam
1343 1522 1440 1561 amore
1457 1506 1564 1561 coelebs
1587 1524 1624 1576 ee,
1647 1508 1760 1561 etiamsi

15 1600 49 1643 ta
63 1598 114 1659 est,
139 1594 215 1661 qnod
238 1593 317 1657 dicit,
345 1595 374 1647 ci
397 1606 529 1664 maenam
553 1593 717 1648 violentiam
738 1592 849 1662 poteris
874 1599 900 1645 et
924 1593 1030 1661 ararit,
1062 1600 1088 1646 et
1116 1608 1208 1647 censen
1231 1593 1346 1661 fundit.
1382 1593 1467 1648 Aliae
1496 1600 1597 1665 raptus
1626 1594 1758 1648 inoersdio

64 1676 184 1733 libidine
202 1679 370 1748 incenderit,
387 1680 531 1734 laborabat
548 1687 574 1733 te
592 1687 618 1734 et
633 1678 785 1733 ruderibus
797 1678 898 1740 libera,
925 1679 1164 1749 conmpiscentioe
1175 1695 1265 1749 pecata
1290 1680 1403 1751 ntbipit,
1426 1688 1457 1734 tu
1477 1680 1615 1735 rimrlibnc
1634 1680 1759 1751 flammis

64 1781 99 1819 ne
128 1768 244 1835 quondo
274 1768 399 1822 decidua
433 1768 467 1822 In
498 1766 604 1822 Graeco
636 1772 686 1834 est,
711 1765 738 1818 si
760 1765 899 1819 contineat
924 1774 1001 1821 mass
1018 1774 1119 1821 certem
1137 1769 1431 1838 semineeonrparcar.
1455 1767 1555 1821 Adbuc
1570 1768 1758 1836 cirpinitutem

61 1856 130 1920 βίαν
156 1855 203 1905 eal
220 1851 354 1923 niceam,
384 1852 561 1923 ἀπαλλάγηθι
584 1848 678 1906 πόνων
704 1854 752 1905 scal
775 1848 899 1924 ἱδρώτων
924 1862 950 1909 cl
967 1854 1161 1908 catiimcnt'am
1171 1855 1323 1918 desendet?
1340 1855 1485 1910 womrt't
1502 1854 1643 1919 fratribus
1657 1855 1757 1926 didici,

60 1937 169 2011 pinara
195 1941 241 1991 ret
257 1938 431 2013 περντρᾰπῃς.
459 1939 650 1996 Theodoretus
663 1938 693 1994 in
710 1934 808 1995 comm.
822 1936 898 2004 dicit,
924 1942 1070 1995 innumera
1083 1940 1162 1994 mala
1174 1959 1194 1994 a
1205 1940 1374 1996 moniaicbm
1385 1942 1547 2011 excapitari,
1560 1941 1758 2011 quibuscomes

64 2042 112 2079 eor
132 2044 189 2080 non
206 2027 354 2093 continere,
373 2027 423 2095 qui
439 2044 495 2079 non
512 2027 613 2079 babent
629 2026 728 2081 alacre
750 2033 775 2080 et
793 2025 898 2078 ardena
925 2035 1081 2095 emanpnnt,
1101 2034 1130 2080 nt
1146 2028 1311 2081 coelibatum
1327 2029 1495 2093 matodiant,
1518 2027 1677 2081 meretriceo
1692 2034 1757 2082 rant

61 2111 154 2166 animi
164 2113 352 2183 propositum,
372 2113 471 2181 comcs
484 2112 658 2166 matrimonii
669 2111 822 2166 remedium
831 2115 1006 2185 pro-‚opud
1030 2115 1124 2167 Deam
1142 2118 1192 2169 etc.
1220 2112 1298 2169 Haec
1321 2113 1376 2168 illc.
1411 2112 1534 2170 Similem
1559 2112 1699 2184 quarelam
1722 2111 1758 2169 dc

61 2200 155 2269 ponit,
175 2198 249 2254 idem
269 2205 298 2254 ct
314 2216 364 2253 nos
382 2198 509 2255 dicimus.
909 2176 1124 2271 lpollutiouibus
1151 2199 1365 2255 monasticarum
1392 2215 1571 2270 personarum
1593 2199 1657 2255 ride
1681 2200 1758 2270 apud

99 2290 159 2344 533.
195 2285 250 2342 sca
269 2284 342 2340 enim
360 2285 436 2340 videt
460 2285 654 2355 Bellurmiuus,
676 2284 793 2356 primum
816 2284 896 2339 istam
924 2285 1078 2341 Lutherum
1104 2286 1133 2341 in
1159 2286 1260 2358 postill.
1290 2285 1387 2353 eccles,
1415 2285 1445 2341 in
1471 2285 1534 2340 iest.
1562 2285 1701 2357 Epiphan.
1729 2285 1757 2339 in

63 2373 231 2428 solutionem
251 2389 307 2427 non
324 2389 385 2428 esse
403 2371 597 2427 sufficientem.
633 2372 663 2428 Si
682 2372 755 2428 enim
773 2371 809 2426 ad
827 2389 897 2442 nup·
925 2372 1121 2429 vetustioribus
1138 2372 1314 2428 editionibus.
1348 2372 1448 2444 Neque
1472 2379 1522 2437 est,
1547 2372 1623 2442 quod
1647 2370 1758 2428 illusae

65 2460 121 2514 tias
138 2458 174 2513 ab
194 2457 320 2529 apostolo
339 2466 472 2514 vocantur
490 2475 593 2522 omnes,
612 2458 660 2530 qui
677 2457 852 2514 consentiunt
869 2424 1056 2521 inldetcstari
1086 2477 1120 2515 ac
1151 2459 1298 2531 probibere
1330 2466 1460 2532 regerent
1488 2458 1576 2514 coacti
1606 2457 1758 2514 coelibatus

61 2544 208 2600 libidinem
227 2545 331 2618 quique
353 2545 445 2600 calore
458 2545 497 2600 ita
514 2544 726 2609 labefactantur,
744 2548 776 2598 ut
792 2543 899 2615 flagitia
926 2545 1093 2611 defensores,
1118 2554 1146 2602 et
1170 2546 1252 2618 longo
1269 2553 1334 2603 aute
1362 2546 1513 2602 Lutberum
1531 2545 1710 2601 Berahardus
1728 2545 1758 2601 in
1770 2550 1830 2592 ΠΙ·
1842 2550 1876 2594 tt

62 2631 245 2695 committant,
268 2636 345 2687 certo
373 2632 453 2687 multi
472 2649 505 2687 ex
524 2630 693 2700 sacrificulis,
710 2630 851 2687 monachis
869 2637 898 2686 at
925 2650 1002 2690 serm.
1022 2633 1057 2690 de
1076 2649 1200 2692 convers.
1218 2633 1256 2688 ad
1274 2633 1365 2689 cleric.
1388 2650 1450 2704 cap.
1469 2638 1512 2690 29.
1529 2632 1758 2688 monasteriorum

65 2718 233 2775 monialibus
258 2717 295 2772 ad
321 2719 481 2789 conjugium
507 2722 587 2773 erunt
604 2717 777 2786 admittendi,
796 2723 897 2789 quotus
924 2720 1097 2792 impuritates
1116 2720 1229 2777 taxavit.
1263 2720 1298 2775 Si
1309 2721 1396 2790 jncto
1409 2720 1566 2775 &cottae
1578 2721 1757 2790 prophetiam

65 2806 141 2861 enim
159 2805 276 2876 quisquc
295 2805 490 2861 monachorum
509 2820 543 2860 ac
566 2803 781 2861 sacrificulorum
804 2813 847 2860 est
865 2822 899 2860 ac
923 2807 1038 2878 (iuquit)
1055 2807 1192 2879 parietem
1209 2807 1364 2873 fodiamaa,
1382 2814 1412 2861 ut
1429 2807 1459 2861 in
1476 2808 1558 2861 domo
1583 2807 1644 2861 Dei
1659 2807 1760 2861 uideo-

64 2896 280 2964 quotaquaeque
307 2891 465 2948 monialium
499 2892 662 2957 votivorum,
687 2892 788 2964 quibua
816 2893 898 2948 ardor
924 2912 986 2948 naua
1004 2895 1184 2963 torrendum,
1198 2890 1326 2965 pentima
1342 2895 1419 2959 forte
1442 2894 1592 2965 apparebit
1615 2892 1688 2949 inter
1703 2912 1757 2967 pa·

63 3071 208 3121 exteruum
235 3064 410 3121 consentiant
440 3081 474 3121 ac
505 3082 606 3136 corpus
636 3083 715 3120 suum
751 3065 897 3137 polluant?
924 3069 1005 3131 teria,
1020 3076 1088 3139 post
1108 3067 1238 3131 incestae,
1256 3082 1291 3120 ne
1310 3065 1391 3135 iprae
1409 3067 1522 3136 wdem
1543 3070 1625 3137 apud
1646 3067 1758 3137 aliquot

62 3151 214 3207 Annotabo
233 3150 285 3206 bac
305 3152 340 3207 de
356 3168 387 3207 re
404 3152 495 3208 locum
513 3169 546 3208 ex
562 3158 675 3208 auctore
699 3152 819 3224 quodam
842 3151 897 3208 title
924 3154 1095 3225 ipnominiae
1110 3152 1259 3225 porciones
1276 3161 1303 3208 et
1324 3154 1512 3224 turpitudines
1534 3170 1638 3223 operae
1659 3156 1759 3208 derant

62 3239 151 3311 digno
168 3239 368 3309 utpoteaurito
384 3244 464 3309 teste,
484 3239 530 3309 qui
544 3239 572 3293 in
586 3239 701 3310 praefat.
718 3239 736 3294 l.
750 3240 785 3295 dc
798 3239 896 3295 coalib.
924 3248 976 3297 etc.
1001 3246 1033 3296 ut
1056 3240 1129 3296 cuim
1149 3239 1368 3311 praetermittam
1387 3238 1416 3292 id
1434 3238 1507 3310 quod
1527 3238 1643 3294 Toletus
1662 3239 1709 3297 lib.
1731 3247 1755 3295 5.

61 3342 97 3381 ac
115 3324 240 3380 monach.
259 3342 323 3381 anu.
345 3332 417 3382 1521.
438 3326 513 3382 edito
529 3326 568 3381 sic
587 3325 698 3381 scribit:
722 3328 833 3380 Utinam
850 3329 896 3380 de·
908 3352 911 3365 ·
923 3328 1049 3383 instruct
1067 3342 1129 3398 cap.
1153 3333 1191 3382 te.
1210 3325 1278 3381 satis
1303 3325 1477 3397 impudenter
1503 3325 1611 3381 scribit:
1635 3326 1671 3381 sc·
1693 3326 1757 3397 aare

62 3414 150 3467 missa
176 3429 229 3466 ooo
256 3413 287 3465 in
315 3428 413 3467 acorem
439 3414 498 3482 :titt
523 3415 663 3482 comedam
690 3413 772 3483 loqui
791 3378 1065 3483 portet,lderideret
1078 3413 1429 3483 interpellationem
1441 3413 1578 3468 locandae
1591 3413 1756 3469 tentationes

60 3501 281 3554 nonencorte
299 3499 361 3569 clla,
379 3501 611 3569 quaeauditorec
629 3486 1027 3601 ctjudicespmca-ffcarnir,
1055 3501 1154 3570 quibua
1178 3499 1332 3569 afflicti-ar,
1353 3516 1409 3553 non
1433 3508 1474 3554 est
1494 3508 1651 3569 peccatam,
1676 3500 1756 3556 uobis

60 3595 162 3649 torum,
180 3604 249 3656 qaas
267 3588 441 3653 consecrares
460 3595 568 3651 occant,
581 3586 803 3650 aconnitentiboa
820 3587 896 3641 didi·
922 3590 967 3645 hic
993 3588 1105 3653 sufficit,
1136 3587 1212 3660 quod
1239 3587 1268 3642 in
1293 3586 1384 3659 prima
1409 3587 1544 3643 solutione
1569 3587 1756 3643 Bellarminus

59 3684 159 3729 emant
179 3683 204 3729 et
224 3692 265 3729 me
283 3676 437 3728 docuerunt
455 3676 622 3729 dedocendo
633 3674 724 3743 macie
744 3691 827 3743 arcam
846 3674 895 3728 do·
922 3676 1062 3741 concedat,
1073 3676 1133 3731 itta
1149 3675 1200 3743 qui
1215 3674 1250 3728 ob
1261 3674 1492 3729 incontinentium
1504 3675 1621 3744 staps'tia
1633 3676 1755 3730 commit-

59 3763 161 3815 conda.
197 3761 364 3830 opinantur,
383 3777 414 3814 ae
431 3778 487 3815 non
503 3760 676 3829 delinquere,
695 3778 757 3814 eum
774 3760 804 3814 in
819 3761 895 3814 cuni·
922 3770 991 3826 tant,
1009 3763 1170 3833 conjapiom
1184 3778 1244 3815 esee
1257 3762 1483 3831 permittendam.
1507 3760 1570 3816 Jam
1587 3776 1652 3817 vero
1671 3762 1753 3817 iuter-

58 3850 134 3906 eulia
153 3858 179 3903 et
195 3848 276 3903 cellia
292 3855 320 3901 et
337 3847 490 3902 colitndine
502 3847 582 3901 baad
597 3847 657 3903 reio
675 3848 747 3918 qnid
768 3848 897 3914 efficiant
907 3836 910 3855 '
922 3854 1021 3921 rogent
1037 3848 1274 3916 confessionarios,
1288 3847 1464 3915 sacrificulos,
1477 3848 1592 3904 abbatae
1606 3854 1658 3904 etc.
1684 3864 1753 3919 quos

59 3936 276 4003 confricatione.
313 3934 454 4004 Deospitia
470 3934 584 4004 micton
607 3952 665 4005 noa,
691 3937 783 3989 Deum
802 3941 893 3989 autem
922 3936 1121 4011 tiaratpnyptic
1146 3939 1193 3989 ant
1220 3934 1353 4006 ἐκκρίσεις
1382 3940 1432 3989 τοῦ
1457 3940 1616 4008 σπέρματος
1647 3952 1753 4007 quaeve

66 4040 252 4095 marmenem,
270 4039 327 4076 non
345 4022 411 4076 estis
429 4021 471 4075 rie
489 4020 619 4090 circinos,
642 4038 699 4076 non
725 4022 896 4077 continenter
921 4023 1029 4095 flagitia
1045 4022 1190 4079 occasione
1209 4021 1297 4077 coacti
1321 4020 1474 4079 coelibatus
1497 4021 1642 4078 commista
1661 4040 1680 4077 a
1696 4038 1753 4077 mo-

58 4127 149 4182 naque
166 4111 248 4178 catti,
265 4126 327 4164 cam
345 4107 463 4163 arimini
472 4114 499 4163 et
509 4122 543 4163 aa
553 4108 684 4163 incendio
695 4110 896 4179 ermenjacitia
907 4162 909 4167 ,
922 4110 1017 4165 nachis
1035 4114 1064 4165 et
1080 4108 1246 4164 monialibus
1265 4108 1294 4163 in
1307 4124 1402 4164 eorum
1421 4125 1501 4165 aures
1518 4108 1705 4174 demittantur,
1725 4115 1753 4164 et

58 4198 103 4254 oet
117 4198 147 4250 in
166 4203 279 4264 terram,
298 4196 343 4250 oet
359 4195 557 4252 continuantem.
587 4195 763 4268 Perpdratis
785 4196 836 4251 boc
853 4214 895 4251 re·
922 4215 965 4253 res
984 4196 1038 4252 erit
1054 4196 1083 4250 in
1101 4195 1257 4267 propatulo.

58 4284 145 4339 minio
156 4285 241 4353 jacta
258 4284 362 4337 crimen
381 4290 407 4337 et
425 4283 615 4350 fornicatione
635 4290 661 4337 et
688 4282 831 4337 auctare
854 4284 894 4337 in·
960 4289 1019 4340 534.
1054 4283 1179 4338 Alteram
1196 4282 1283 4354 igitur
1294 4282 1460 4339 solutionem
1471 4280 1654 4336 Bellcrmiuus
1666 4280 1753 4349 addit,

58 4370 291 4442 comparabiliter
306 4371 391 4440 pejor
411 4370 497 4441 (quod
516 4369 608 4442 ipsum
625 4368 841 4425 etiameomas
860 4370 896 4426 de
922 4386 993 4443 quae
1019 4368 1060 4424 sic
1089 4369 1187 4424 habet:
1216 4371 1343 4424 Tametsi
1364 4384 1420 4439 per
1448 4367 1583 4422 astionem
1610 4367 1753 4437 apostolae

57 4457 174 4530 Aquino
192 4461 266 4512 recte
284 4456 400 4525 asserit),
419 4466 578 4513 nontamen
590 4463 791 4530 tpmnteoectra
811 4457 894 4521 deaii,
921 4458 1096 4513 tentationem
1113 4456 1296 4527 ripnificaret,
1328 4454 1400 4511 nibil
1422 4462 1514 4509 tamen
1532 4454 1694 4509 Maereat-ii
1710 4455 1755 4509 ob·

56 4546 112 4601 ced
129 4560 265 4615 peruersa
291 4544 482 4598 liontonoram
508 4544 672 4614 pontificum
697 4544 829 4599 doctrina
853 4560 894 4597 se·
906 4548 910 4639 j
922 4546 1049 4609 tinerertt,
1066 4561 1133 4599 nam
1149 4544 1179 4598 in
1196 4543 1275 4599 nullo
1296 4559 1391 4597 eoram
1413 4541 1537 4597 locorum
1556 4541 1694 4595 inuenitur
1710 4557 1755 4595 oe-

57 4631 143 4686 ducti.
178 4631 226 4684 De
244 4628 295 4684 itte
315 4616 432 4684 erimine
448 4631 489 4683 cic
506 4631 621 4684 detonet
635 4630 787 4700 Scriptura
803 4629 892 4685 chit.
906 4644 984 4687 tram
1015 4639 1197 4703 praeceptam
1226 4629 1357 4694 nubendi,
1388 4631 1440 4682 aed
1467 4630 1567 4683 coliem
1592 4627 1754 4698 permrbeio.

56 4734 120 4790 cap.
143 4722 188 4774 18:
218 4718 254 4771 Si
279 4717 343 4788 pois
370 4718 482 4770 dederit
512 4718 548 4772 dc
575 4715 678 4770 semine
702 4734 752 4771 cao
770 4708 1148 4789 Motocb,!ltespondemus:
1173 4717 1227 4771 imo
1253 4732 1319 4772 roro
1341 4714 1427 4771 rerba
1450 4714 1568 4786 apostoli
1586 4719 1652 4770 sunt
1669 4715 1755 4770 mani·

57 4804 207 4869 moriatur,
223 4803 348 4875 populas
368 4812 461 4858 terrae
488 4802 628 4872 lapidabit
656 4820 725 4858 eam.
760 4802 799 4856 Ar
817 4790 1001 4860 ibsmt⁵feata
1032 4804 1080 4860 nt
1107 4803 1154 4866 τὰς
1183 4808 1313 4875 πορνείας
1343 4802 1425 4874 ἐχέτω
1453 4802 1565 4863 ἕκαστος
1595 4800 1645 4869 τὴν
1671 4803 1756 4861 toarci

58 4891 181 4961 injiciat,
211 4891 261 4961 qui
277 4891 457 4960 hymenaeum
485 4908 571 4943 mnu
591 4896 703 4956 canant,
729 4904 758 4942 se
778 4836 1040 4989 Molocblyoraira
1058 4897 1118 4948 ml.
1139 4895 1164 4946 cl
1178 4888 1212 4948 tis
1230 4888 1448 4964 ἐγκρατεύονται,
1465 4887 1673 4963 γαμησάτωσαν
1690 4894 1755 4947 nt.

58 4982 139 5036 dare.
175 4978 255 5048 Erpo
273 4978 336 5047 quis
356 4985 395 5030 ott
413 4976 551 5031 Molocbi
569 4976 685 5031 Molocb
704 4978 772 5031 dem
789 4974 894 5045 ult'qm't
907 4994 910 5035 t
922 4984 949 5035 al
966 4999 1003 5040 τις
1025 4976 1196 5051 ἀσχημονεῖν
1220 4978 1265 5031 inl
1280 4974 1329 5046 τὴν
1341 4979 1486 5051 παρθένον
1503 4976 1574 5034 circi
1589 4981 1692 5049 νομίζει
1703 4984 1755 5034 etc.

53 5065 174 5139 fictitiae
193 5071 241 5134 cat,
261 5065 318 5120 sice
337 5065 374 5117 sit
389 5070 522 5117 creatura
541 5063 571 5116 in
588 5062 666 5117 coelo
683 5064 741 5119 sice
759 5063 790 5118 in
807 5040 1099 5141 terralycpetroaar
1129 5083 1155 5123 t.
1189 5070 1230 5122 36.
1262 5063 1364 5136 quibus
1395 5063 1527 5137 conjungi
1560 5068 1655 5136 potest
1685 5064 1756 5121 illud

56 5154 116 5208 aioe
142 5159 264 5216 canctus,
291 5152 348 5206 sinc
369 5153 523 5222 profanae,
551 5153 635 5205 modo
657 5151 694 5206 rit
721 5153 810 5221 fictor,
840 5130 910 5205 non!¹
923 5161 946 5213 1.
966 5154 1038 5210 'I'ina
1059 5160 1083 5222 5,
1105 5170 1131 5209 v.
1155 5158 1201 5209 14:
1230 5155 1303 5207 θέλω
1327 5152 1460 5225 νεωτέρας
1482 5157 1592 5222 γαμεῖν.
1628 5151 1672 5205 Ac
1694 5169 1757 5223 per·

57 5256 140 5296 omna
156 5241 246 5307 Deae,
267 5240 314 5294 cai
330 5256 420 5295 semen
438 5240 596 5307 fundator.
632 5239 716 5293 Nunc
739 5239 894 5306 elabantur,
906 5230 909 5301 Ι
921 5256 1004 5314 quam
1017 5239 1168 5295 absurdum
1184 5244 1227 5295 est
1243 5245 1373 5308 statuere,
1392 5237 1468 5311 quod
1481 5236 1622 5308 apostolos
1638 5236 1755 5294 libcmm

57 5328 84 5382 ri
101 5334 231 5398 portant,
258 5328 307 5397 qai
329 5343 358 5381 cc
383 5326 457 5381 diois
475 5326 536 5381 db'r
553 5326 717 5395 irenaceo,
742 5324 894 5380 Dominim
906 5352 909 5371 ι
920 5327 1064 5401 permittat
1079 5326 1144 5392 illia,
1168 5327 1216 5399 qui
1235 5344 1265 5383 sc
1286 5342 1342 5383 non
1360 5342 1442 5398 posse
1466 5324 1608 5381 continere
1625 5325 1755 5394 scabunt,

58 5423 109 5470 cat
134 5415 248 5470 sitorum
273 5414 412 5469 similibus
440 5416 610 5471 dediderant
636 5422 663 5469 et
694 5414 753 5467 dib
782 5413 894 5468 interim
920 5415 1116 5480 sedarentur,
1144 5430 1179 5468 an
1196 5414 1283 5469 velint
1301 5414 1353 5470 sub
1376 5414 1448 5486 jugo
1475 5428 1508 5467 ac
1529 5412 1679 5485 tyrannide
1704 5410 1754 5467 illa

58 5501 165 5558 semina
181 5518 243 5573 rna,
267 5501 332 5557 licet
353 5509 551 5573 reprconantes,
573 5502 738 5569 tribuerunt,
758 5501 893 5571 profesto
906 5534 910 5561 r
922 5499 1162 5573 concupiscentiae
1188 5516 1299 5557 mauors
1328 5505 1357 5556 et
1379 5499 1416 5557 ob
1443 5498 1570 5571 spiritum
1588 5497 1696 5557 ustione
1713 5496 1754 5554 in-
