4020 6022
807 338 860 394 DE
878 336 1078 397 OONJUGIO.
1721 346 1783 405 set

88 498 209 551 melesio
228 495 419 565 praedicare,
441 495 509 548 laec
532 502 597 547 sunt
619 496 777 548 sanationis
799 492 923 546 medica·
951 494 1025 548 nobe
1053 494 1228 565 impensare.
1271 496 1319 548 Ila
1346 494 1418 547 enim
1446 495 1583 549 nonanus
1605 494 1785 548 inmanitates

88 591 182 637 menta
201 587 254 636 etc.
297 579 400 635 Durior
416 580 528 652 quidem
545 578 616 634 haec
636 587 679 635 est
697 579 848 652 Epiphanii
864 594 924 633 sen·
951 579 1032 649 longe
1055 581 1263 649 praeferuntur
1285 582 1421 634 mndata
1447 582 1512 635 Dei.
1554 580 1637 635 adde
1658 580 1733 652 quod
1752 599 1784 635 er

88 669 177 724 tentia
195 684 278 740 quarn
305 665 453 737 Cypriani,
477 665 543 737 quia
555 674 704 735 peecatum
723 671 805 722 vocat
822 667 925 719 nssbere
952 681 1000 733 eo,
1019 666 1094 736 quod
1110 667 1190 737 virgo
1209 664 1259 721 illa
1276 666 1351 722 domi
1368 682 1435 721 suae
1454 665 1583 737 privatim
1598 666 1710 730 vixerit.
1729 684 1784 722 non

85 764 261 824 postratum
280 752 405 807 etmulti
424 752 556 823 temporis
581 753 782 822 poenitentiam
800 751 925 824 imponit,
937 742 940 815 Ι
951 751 1041 822 possit
1059 751 1163 815 inferri,
1181 767 1242 806 eam
1260 768 1315 806 non
1334 751 1420 806 fuisse
1436 752 1623 823 virginitatem
1635 751 1785 808 solenniter

37 842 74 885 tt.
89 841 199 897 interim
218 847 312 895 tamen
324 856 380 895 non
393 838 554 909 simpliciter
571 838 711 909 improbat
721 840 792 894 tales
804 838 926 910 nuptias,
937 820 941 893 i
950 836 1111 907 professam,
1129 844 1237 893 constat
1254 837 1327 893 enirn
1346 838 1374 892 in
1402 837 1488 892 veteri
1508 837 1624 893 molesia
1641 838 1784 910 virginita-

88 927 138 982 scd
166 926 266 982 melius
294 942 356 981 esse
381 924 449 980 dicit
471 924 571 979 hebere
596 930 682 995 κρῖμα
707 941 741 979 ac
771 925 880 995 lapsum
908 940 926 979 a
950 929 1006 978 tem
1018 924 1168 978 solenniter
1180 923 1318 994 professes
1328 923 1357 978 in
1371 923 1498 978 domibus
1513 923 1630 996 propriis
1644 925 1784 978 mansisse.

89 1030 173 1069 cumn
192 1015 285 1084 palam
304 1011 357 1066 sibi
369 1028 482 1067 uxorem
496 1010 622 1082 accipere
630 1013 713 1082 juxta
725 1010 823 1082 legem,
841 1026 925 1083 quarn
953 1007 1112 1080 Cyprianus
1132 1009 1180 1064 lib.
1202 1016 1223 1064 1.
1243 1009 1321 1080 epist
1345 1016 1384 1065 tl.
1403 1027 1427 1064 c
1446 1010 1481 1064 de
1497 1010 1589 1064 viduis
1607 1016 1648 1066 27.
1661 1027 1689 1082 q.
1710 1017 1732 1067 l.
1751 1027 1785 1066 er

90 1099 247 1173 κατάκριμα
269 1103 298 1154 et
315 1097 440 1169 quotidie
459 1095 575 1151 occultis
598 1097 703 1167 jaculis
728 1097 848 1152 sauciari
872 1104 925 1152 etc.
950 1095 1066 1150 coneilio
1074 1095 1218 1151 Toletano.
1237 1095 1323 1152 Videt
1335 1095 1525 1165 Bellarminus,
1538 1095 1611 1150 hanc
1619 1096 1784 1151 solutionem

89 1186 212 1256 (Excipit
224 1183 409 1239 Bellarminus
420 1189 442 1239 1.
455 1183 642 1255 Epiphaniam
655 1200 783 1255 expresse
795 1199 924 1247 asserere,
951 1181 1073 1236 nondum
1093 1180 1230 1249 sufficere,
1248 1181 1311 1236 ideo
1326 1181 1403 1236 addit
1420 1182 1519 1250 aliam,
1536 1182 1718 1252 Hieroymum
1734 1183 1785 1236 loe

89 1271 165 1344 quod
184 1272 221 1325 sit
237 1270 342 1324 malum
359 1270 464 1325 nubere
481 1277 543 1340 post
561 1277 664 1326 votnm.
699 1269 925 1340 Respondemus:
951 1287 1007 1321 :son
1027 1269 1069 1321 ita
1086 1283 1209 1337 monere,
1228 1269 1311 1337 masi
1327 1276 1471 1338 peecatum
1483 1286 1539 1322 non
1557 1269 1594 1323 sit
1609 1276 1676 1338 port
1693 1276 1785 1323 uotum

89 1357 201 1412 interim
219 1356 320 1411 diserte
333 1355 429 1423 adut,
448 1354 547 1409 melius
558 1372 618 1410 esse
634 1365 805 1425 postratum
824 1356 925 1409 nubere
951 1356 1067 1423 nubere,
1094 1357 1146 1408 sed
1162 1356 1231 1424 quia
1249 1356 1341 1408 minue
1359 1363 1505 1425 peceatum
1523 1355 1561 1408 sit
1578 1372 1613 1408 aa
1630 1356 1786 1425 prudentia

89 1460 173 1511 qoam
187 1442 313 1511 qrsotidie
326 1442 557 1511 ocmltssjacslis
570 1443 706 1497 sarreiari.
737 1440 818 1505 Quod
831 1446 924 1495 autem
952 1443 1068 1498 doceat.
1100 1457 1133 1495 ea
1162 1442 1272 1495 onoma
1303 1441 1388 1495 nain
1413 1441 1504 1494 minus
1531 1456 1591 1495 esse
1619 1442 1785 1511 eligendum.

90 1529 195 1584 nubere
213 1534 294 1583 voest
311 1533 470 1596 peccatum,
500 1527 528 1581 id
552 1543 585 1583 er
605 1528 760 1599 apostolice
776 1527 925 1582 traditione
950 1528 1174 1599 Respondemus:
1188 1526 1291 1582 sufficit
1302 1525 1391 1589 uobis,
1404 1527 1478 1600 quod
1492 1528 1574 1595 juxta
1585 1527 1785 1600 Hieronymum

91 1614 259 1669 descendere
282 1613 449 1668 animavit
471 1618 498 1667 et
523 1614 561 1668 sd
588 1614 764 1669 violationem
788 1613 924 1667 seticum
951 1613 1039 1668 satius
1052 1613 1090 1668 sit
1106 1618 1171 1684 post
1184 1619 1278 1667 votum
1297 1612 1402 1667 nubere
1420 1629 1502 1683 quem
1522 1612 1661 1682 impudice
1683 1614 1784 1670 visere.

95 1698 227 1756 scandalo
258 1698 391 1755 eeclesiae
417 1700 592 1770 conjunctam
624 1704 779 1769 respectum
817 1697 924 1754 habuit.
953 1701 992 1754 At
1015 1707 1230 1772 quotaqueeque
1258 1716 1291 1754 er
1316 1698 1481 1753 monialibus
1511 1697 1623 1753 roteriis
1640 1706 1694 1763 est,
1712 1718 1784 1770 qrsoe

92 1790 119 1842 2.
141 1784 294 1839 Probabile
325 1802 398 1849 esee,
428 1787 503 1855 quod
520 1785 702 1855 Epiphanius
726 1802 782 1838 non
804 1785 925 1839 :soluerit
951 1787 1080 1855 corporeis
1098 1794 1124 1840 ct
1142 1787 1261 1854 spiritus
1277 1785 1454 1839 sanctitatem
1480 1790 1508 1840 et
1524 1801 1623 1855 puram
1641 1785 1783 1858 virginita-

91 1871 200 1939 rlicere,
216 1871 308 1924 minue
327 1872 433 1925 malum
452 1887 509 1925 esse
526 1872 630 1926 nubere
645 1877 819 1941 postratum
840 1887 924 1938 ossam
951 1879 1008 1927 tem
1035 1871 1142 1943 absque
1168 1872 1281 1943 spiritus
1311 1870 1419 1925 ustione
1445 1874 1473 1924 et
1494 1870 1617 1940 corporis
1634 1870 1785 1941 pollutione

92 1957 228 2021 seman,
246 1957 455 2011 :adhortatum
473 1972 530 2011 esse
547 1959 589 2011 asi
599 1957 713 2026 nuptiae
724 1973 779 2024 eos,
799 1957 848 2026 orsi
865 1957 926 2009 sine
951 1957 1082 2013 tueatur?
1106 1957 1161 2011 illis
1186 1973 1253 2027 ergo
1272 1956 1434 2020 dicendum,
1457 1962 1489 2010 ut
1501 1963 1566 2027 poet
1581 1961 1676 2011 votum
1693 1958 1785 2028 potius

92 2052 155 2098 roto
171 2045 388 2115 perseverabant
415 2043 446 2095 in
463 2043 600 2097 coelibatu
626 2051 763 2097 ettamen
785 2043 926 2110 flagitiose
951 2045 1154 2115 nubantquam
1167 2043 1497 2113 nonsineimpudicitise
1508 2043 1667 2113 suspicione
1682 2044 1783 2099 vivant.
1796 2056 1850 2099 m.
1864 2055 1908 2098 tlt.

94 2131 227 2185 sinebant.
264 2127 488 2198 Respondemus:
511 2129 566 2182 imo
589 2144 655 2183 vero
673 2128 745 2183 hanc
762 2128 925 2198 interprete·
952 2131 1078 2187 Tandem
1118 2130 1197 2185 addit
1228 2128 1426 2197 Bellarminus,
1471 2129 1537 2182 licet
1570 2130 1685 2199 nuptiae
1720 2138 1785 2198 post

93 2217 196 2272 tionem
213 2214 301 2269 serbe
318 2213 469 2285 Epiphanii
483 2220 625 2285 respuunt,
646 2232 777 2287 quorsum
791 2214 864 2269 euim
884 2213 925 2267 di·
951 2226 1045 2272 votum
1063 2217 1183 2287 simplex
1201 2224 1360 2270 contractae
1380 2215 1436 2269 rint
1456 2231 1539 2269 verae
1556 2217 1670 2285 nuptiae
1688 2224 1714 2269 et
1731 2216 1785 2269 ali-

93 2307 176 2365 cerct,
193 2301 255 2356 illos
271 2299 376 2355 habere
392 2306 486 2373 κρῖμα,
498 2299 546 2370 qni
559 2300 671 2371 nuptias
683 2300 857 2363 contrshunt,
874 2299 928 2353 nisi
953 2321 1008 2373 qno
1025 2305 1108 2357 morlo
1133 2303 1227 2357 minus
1248 2302 1353 2356 malunt
1379 2300 1417 2355 sit
1435 2303 1536 2355 nubere
1558 2309 1625 2370 post
1648 2302 1787 2371 ejusmodi

94 2388 267 2459 propositum
286 2404 321 2442 ac
339 2386 475 2456 professio
491 2385 660 2456 virginitatis
678 2387 881 2457 praecaneret,
900 2392 928 2441 et
952 2398 1044 2443 nomm
1061 2407 1146 2460 quom
1170 2389 1285 2443 aradus
1302 2387 1456 2453 fos-nicasi,
1480 2396 1538 2440 tum
1559 2389 1593 2442 ob
1617 2389 1700 2450 fidon
1723 2406 1785 2444 eon·

95 2476 163 2547 quid
181 2480 224 2529 est
246 2473 358 2527 ἀθετεῖν
379 2476 450 2527 Θεοῦ
474 2478 642 2545 παρθενίαν,
668 2473 862 2543 καταισχύνειν
879 2471 928 2527 τὸν
947 2476 1035 2546 jugit,
1054 2483 1112 2528 tum
1130 2476 1163 2528 ob
1178 2475 1293 2543 prolem
1309 2474 1478 2543 legitimam,
1497 2481 1555 2528 tum
1572 2475 1606 2528 ob
1624 2474 1687 2528 alia
1705 2476 1784 2543 bona,

96 2561 203 2631 ἀγῶνα,
222 2566 332 2614 ntnrsss
349 2557 407 2613 ind
427 2559 534 2632 δρόμου
553 2557 628 2612 aliud
647 2577 730 2631 quem
749 2560 891 2615 discedere
909 2575 928 2613 a
953 2570 1045 2617 tamen
1070 2561 1156 2614 ctiam
1179 2560 1278 2629 aliquo
1304 2560 1389 2613 modo
1415 2575 1475 2614 esse
1496 2561 1591 2628 maius
1614 2560 1719 2613 malms
1745 2559 1786 2614 sic

97 2646 265 2719 virginitatis
290 2644 481 2716 professione?
526 2644 582 2699 Per
607 2660 717 2701 cursum
742 2647 772 2700 in
796 2652 856 2701 toto
878 2644 926 2700 illo
954 2646 1055 2701 nubere
1072 2663 1158 2716 quam
1176 2646 1309 2714 morteri,
1328 2645 1397 2714 guia
1417 2646 1466 2715 gui
1483 2646 1526 2699 ita
1543 2645 1630 2714 nubit,
1646 2647 1744 2699 reddit
1756 2664 1786 2700 se

97 2739 219 2789 mactatu
232 2732 379 2803 'intelligit
405 2738 507 2787 statum
537 2730 703 2802 virginitatis
727 2737 880 2788 assumtum
899 2737 928 2786 et
954 2733 1105 2787 inhabilem
1122 2735 1164 2787 aci
1178 2740 1270 2787 uotum
1289 2733 1467 2799 aenoandron,
1485 2733 1627 2801 aoodnon
1638 2732 1721 2802 facit,
1738 2734 1788 2802 qui

96 2821 270 2891 professum.)
314 2818 502 2888 Hieronymus
532 2818 562 2873 in
587 2816 667 2888 epist
695 2820 729 2872 ud
757 2818 927 2875 Demetriud.
949 2820 1128 2889 fornicatur,
1156 2818 1265 2890 dequo
1288 2816 1505 2873 Antichristisno
1522 2817 1700 2888 pronuntiato
1718 2819 1786 2890 quid

95 2912 205 2962 tamt.
235 2925 262 2976 p.
288 2911 328 2961 n.
380 2905 514 2960 Sanensm
534 2904 674 2972 circinum
700 2907 873 2974 propositum
901 2912 928 2959 st
953 2906 1131 2962 statnendum
1151 2905 1202 2973 sit,
1230 2903 1348 2959 diximus
1365 2904 1513 2975 superins.)
1559 2904 1734 2975 Augustinus
1751 2905 1788 2962 de

96 2993 223 3048 cademus
239 2993 457 3062 angelorumque
470 2989 734 3059 familiaeyloriam
748 2994 928 3060 cumunilam
953 3012 975 3047 s.
1000 2992 1099 3064 virgin.
1123 3008 1148 3046 e.
1167 2997 1213 3048 34:
1244 2992 1356 3045 Multas
1384 2999 1496 3045 reuocat
1528 3009 1547 3044 a
1576 2992 1703 3046 nubendo
1731 3010 1787 3047 non

95 3097 153 3133 non
172 3080 237 3133 bene
254 3096 284 3133 se
301 3079 443 3146 agentium
457 3078 697 3145 omniasemel,
714 3079 813 3145 guibrss
830 3086 928 3147 aperte
954 3097 1034 3134 amor
1060 3079 1211 3150 praeclari
1239 3078 1394 3148 propositi,
1430 3079 1482 3131 sed
1511 3079 1606 3148 aperti
1640 3080 1787 3134 meroris

97 3168 248 3220 dicendum
265 3174 320 3229 eet,
350 3173 380 3218 ut
411 3171 461 3217 urst
489 3164 605 3225 nubant,
636 3161 663 3214 ss'
686 3178 715 3215 se
741 3180 795 3217 non
811 3170 928 3233 possunt
953 3167 1037 3219 umor
1054 3173 1103 3221 ete.
1128 3165 1181 3218 bae
1204 3164 1308 3233 igtur,
1337 3158 1536 3233 quae'nubere
1557 3165 1653 3218 volunt
1676 3171 1703 3218 et
1720 3166 1787 3219 idco

99 3252 249 3319 corstinere,
268 3259 318 3304 aut
337 3248 515 3313 contineant,
534 3250 562 3302 si
580 3246 678 3300 nolunt
694 3249 801 3305 nubere.
836 3249 928 3318 (Exci
953 3270 1010 3307 non
1029 3253 1142 3318 nument,
1164 3250 1232 3320 quia
1250 3251 1363 3320 impune
1379 3268 1436 3306 non
1450 3258 1579 3320 possunt,
1599 3266 1671 3321 guae
1687 3251 1788 3306 malim

98 3340 140 3410 pit
157 3338 350 3406 Bellarminus,
379 3337 459 3407 logui
483 3337 684 3401 Hieronymum
710 3352 766 3388 non
792 3337 826 3389 de
858 3336 927 3400 illie,
954 3341 1101 3409 nuberent,
1131 3354 1216 3407 qaam
1244 3344 1409 3404 urerentur,
1438 3338 1472 3392 id
1494 3345 1534 3390 est
1561 3353 1647 3405 guam
1678 3340 1789 3393 ocadto

98 3442 170 3505 quae
198 3433 290 3480 rotem
315 3424 466 3489 habebant,
497 3423 547 3475 sed
576 3421 610 3473 de
641 3420 755 3473 ancillis
783 3436 927 3476 samonem
953 3428 1070 3496 tiammo
1091 3424 1333 3493 ammoneantur
1357 3424 1389 3476 in
1413 3424 1478 3493 ipsa
1502 3424 1725 3492 concupiscentia
1740 3442 1787 3478 ra·

98 3512 241 3582 snrpinum
257 3510 401 3564 nobilium.
445 3506 666 3578 Respondemus:
690 3505 759 3560 nihil
777 3505 927 3578 quidquem
954 3521 1111 3576 alerentur,
1131 3528 1189 3581 pro
1214 3512 1331 3564 mortuis
1355 3510 1535 3580 ἀφαὶααᾱαα
1553 3516 1624 3562 sunt.
1665 3508 1788 3580 (Excipit

98 3597 200 3666 obstat,
227 3596 373 3668 quominus
391 3594 508 3665 deipsis
530 3590 667 3648 nobilibus
688 3591 843 3663 virginibus
859 3593 929 3648 soci·
953 3598 1154 3662 Bellen-minus,
1186 3598 1374 3665 Augustianos
1405 3597 1457 3650 boe
1481 3596 1568 3657 uelle,
1594 3598 1672 3664 quod
1698 3597 1788 3650 minsas

99 3685 202 3755 piatur,
221 3684 286 3754 quia
305 3683 409 3738 dictum
428 3680 563 3752 apostoli,
583 3677 656 3749 quod
676 3677 863 3749 Hieronymus
882 3679 929 3732 sd·
955 3686 1059 3738 malum
1087 3686 1125 3739 sr't
1149 3691 1246 3753 aperte
1274 3683 1376 3736 nubae
1402 3684 1443 3749 ei,
1475 3682 1526 3751 orsi
1550 3680 1667 3749 nmpkn
1695 3689 1788 3737 sotum

100 3771 189 3838 ducit,
213 3775 257 3825 est
279 3767 424 3841 generale,
454 3782 488 3820 ac
506 3765 571 3820 illae
585 3764 663 3833 ipsae
681 3762 812 3832 mullas,
833 3762 856 3816 si
873 3780 929 3819 non
955 3772 1142 3839 teletarum
1157 3775 1297 3840 perpetuo
1315 3768 1588 3837 camitejorns'cari.
1627 3767 1787 3839 Responde

100 3856 213 3929 publice
236 3860 264 3911 el
284 3853 446 3917 solenniter,
472 3858 564 3907 tmen
595 3849 723 3921 Psilstfim
742 3847 929 3919 virginium
955 3874 1030 3913 mus:
1055 3855 1165 3923 demus,
1183 3855 1374 3926 Augustinum
1396 3869 1452 3908 non
1469 3853 1544 3908 alind
1564 3869 1716 3925 agnoscere
1732 3856 1784 3909 vir·

100 3943 231 3998 videntur
253 3941 338 3996 fuisse
356 3939 513 4012 professae,
536 3935 604 4007 quia
626 3936 704 3990 addit
729 3934 927 4005 Hieronymus:
954 3940 1079 4016 ginitatis
1101 3946 1196 3996 votum
1225 3957 1309 4011 qnam
1338 3939 1456 3995 liberum
1485 3938 1556 3993 illud
1588 3938 1785 3995 continentiam

100 4029 207 4083 Prodit
225 4028 335 4082 ancilla
354 4027 456 4096 uirgo)
499 4023 576 4079 idem
597 4022 677 4092 epist.
695 4028 737 4078 tl.
764 4021 929 4076 devitando
954 4028 1114 4102 eligentium
1160 4033 1188 4081 et
1238 4025 1426 4098 profitentium
1469 4026 1656 4096 propotitum‚
1710 4027 1784 4098 quod

100 4120 230 4186 suspecto
250 4111 446 4169 contubernio:
467 4111 501 4166 Si
517 4118 597 4178 uirgo
615 4126 656 4173 ee,
676 4110 747 4177 quid
763 4109 843 4162 limes
862 4106 928 4160 dili·
954 4122 1045 4169 ootum
1076 4114 1197 4186 simplos:
1225 4112 1364 4169 Pontificii
1400 4121 1508 4167 vocant
1557 4111 1587 4168 si
1624 4128 1690 4184 ergo
1722 4118 1786 4183 post

101 4210 209 4272 gentem
238 4199 417 4254 custodiam!
446 4199 473 4250 si
501 4203 651 4264 compta,
679 4212 729 4248 eur
748 4209 803 4246 non
829 4191 930 4262 palam
955 4204 1049 4252 votnm
1066 4200 1183 4271 simplex
1201 4200 1266 4256 licet
1283 4199 1397 4268 nubere,
1417 4199 1514 4271 utique
1533 4197 1635 4265 etiam
1652 4198 1675 4253 si
1692 4214 1786 4254 necm-

100 4288 207 4344 nubis!
240 4285 362 4356 (Excipit
378 4282 569 4348 Bellerminus,
586 4282 786 4349 Hieronymum
803 4278 929 4347 mauide
956 4283 1024 4339 sitas
1041 4282 1080 4336 ite
1097 4287 1205 4359 exigat,
1230 4292 1294 4358 post
1318 4285 1444 4353 solenne,
1470 4300 1534 4339 oum
1556 4283 1741 4338 essentialiter
1757 4290 1786 4339 ot

101 4375 222 4444 virgine,
250 4389 322 4443 guae
348 4390 403 4427 non
429 4371 460 4422 s'n
480 4368 648 4424 monasterio
669 4366 779 4437 publice
791 4365 930 4434 professo
955 4384 1048 4425 corum
1064 4364 1119 4421 Dei
1135 4366 1242 4437 judicio
1259 4388 1316 4426 non
1335 4370 1472 4427 different.
1504 4367 1578 4434 Quia
1596 4369 1671 4440 qnod
1684 4369 1785 4424 diserte

101 4470 177 4529 nat,
194 4461 246 4513 sed
270 4474 341 4529 qums
355 4456 491 4527 priuatim
507 4462 621 4509 rosnat
640 4453 841 4509 abstinentioris.
876 4450 930 4505 Bs-
955 4451 1033 4510 addit
1050 4450 1241 4523 Augustinus,
1259 4466 1329 4522 quas
1348 4456 1473 4522 poenitet
1487 4453 1675 4526 professionis.
1710 4455 1785 4527 argo

100 4548 281 4619 spondemus:
299 4548 393 4598 votum
412 4541 525 4596 solenne
541 4556 559 4594 a
576 4537 695 4611 simplici
710 4555 766 4592 non
784 4536 929 4608 distingui·
955 4536 1077 4607 loquitur
1094 4536 1218 4601 devoto,
1236 4536 1282 4591 oui
1299 4536 1448 4606 conjuncta
1464 4539 1607 4611 professio.
1644 4539 1705 4596 Nec
1717 4539 1787 4596 dicit

100 4640 145 4688 tur
164 4631 356 4696 essentialiter,
372 4626 422 4682 sed
438 4631 545 4682 tantum
563 4623 784 4690 mcidentaliter,
800 4622 839 4677 sic
857 4621 929 4678 enim
954 4622 1141 4694 Augustinus,
1158 4626 1300 4694 praestare
1324 4624 1426 4677 nubere
1453 4639 1537 4694 quem
1562 4625 1705 4697 fornicari,
1735 4628 1785 4683 sod

100 4718 262 4775 maenius
279 4713 358 4771 VIII.
377 4714 406 4769 in
423 4730 446 4768 c.
464 4712 536 4768 unio.
557 4712 593 4768 de
609 4717 665 4768 vot.
682 4715 711 4765 et
727 4713 785 4766 vot.
799 4708 929 4764 redemt:
953 4727 1037 4782 quam
1056 4711 1117 4779 uri,
1139 4708 1194 4764 hoo
1217 4714 1260 4764 est
1279 4709 1388 4764 occulte
1410 4707 1650 4780 nneupisesnsiss
1673 4712 1786 4769 flemma

108 4806 169 4860 Voti
193 4802 347 4859 solennitas
370 4817 402 4855 ea
426 4800 490 4855 sola
515 4798 711 4854 ammiratione
736 4793 871 4851 sociatae
889 4801 928 4847 est
952 4795 1074 4862 vastari)
1095 4795 1131 4852 de
1150 4794 1215 4852 bon.
1233 4795 1332 4852 viduit
1350 4813 1374 4851 a
1394 4802 1438 4852 to:
1459 4796 1508 4849 eis
1523 4812 1579 4865 per
1592 4796 1785 4855 αἀαοωίααω.

102 4893 220 4945 inuenta.
266 4885 372 4954 Quodsi
395 4900 462 4959 ergo
486 4891 552 4956 post
573 4891 667 4941 votnm
692 4882 807 4953 simplex
825 4877 927 4934 licium
951 4890 1009 4937 tam
1021 4882 1095 4937 lane
1111 4882 1277 4953 opinionem,
1298 4900 1369 4953 quae
1384 4888 1477 4953 putat,
1496 4882 1672 4951 lapsannna
1688 4897 1784 4944 saneto

101 4983 145 5034 est
163 4975 365 5032 matrimonium
391 4972 475 5039 inire,
498 4988 549 5026 cur
570 4988 626 5026 non
645 4972 755 5040 etpost
773 4971 868 5020 votnm
887 4981 926 5021 s>-
947 4969 1098 5040 proposito
1107 4969 1328 5038 feminas-remei
1338 4946 1560 5039 nupserintinon
1573 4986 1633 5026 esse
1644 4975 1784 5047 conjugia,

101 5063 192 5129 lenna,
209 5062 232 5116 si
251 5060 358 5116 scilieet
376 5057 524 5115 necantes
543 5061 657 5127 proptor
671 5053 794 5110 ustiones
811 5057 841 5106 et
858 5051 926 5121 pei.-
951 5072 1006 5110 non
1019 5072 1141 5124 paruum
1160 5054 1273 5110 nidum.
1306 5053 1395 5125 Epist
1414 5059 1455 5110 70.
1475 5053 1571 5119 docet,
1589 5059 1705 5127 raptim
1717 5070 1784 5129 post

100 5149 195 5204 culum
219 5144 394 5203 scortationis
417 5144 457 5200 its
478 5141 591 5215 exigat?
636 5141 671 5197 ss·
689 5147 781 5193 sotum
800 5139 927 5207 perpetu*
950 5148 1042 5197 samm
1065 5148 1227 5196 contractae
1250 5157 1309 5194 erse
1332 5156 1415 5194 serm
1437 5159 1471 5196 aa
1494 5148 1587 5212 ratas,
1611 5161 1662 5199 nee
1688 5147 1785 5201 debaee

102 5236 255 5289 rodimur
285 5241 343 5287 tam
370 5231 466 5286 stricte
494 5231 555 5283 sine
579 5229 643 5282 alla
670 5222 879 5292 dispensatione
901 5238 927 5277 ss
952 5227 1083 5296 diremi,
1111 5243 1183 5296 quse
1207 5225 1360 5298 Angusn'ni
1384 5227 1522 5283 sententie
1546 5228 1651 5285 citatur
1675 5231 1703 5285 in
1719 5233 1783 5302 jure

101 5323 237 5377 mandato
257 5320 316 5375 Dei
329 5319 435 5389 obligat
453 5315 557 5386 (inquit
572 5308 747 5367 Chsmnicius
765 5308 826 5363 loco
843 5307 934 5377 ᾱίοίο),
951 5330 1049 5371 canon
1067 5330 1091 5368 e
1117 5311 1237 5378 Quidam
1264 5312 1327 5367 dist.
1354 5316 1395 5369 27.
1418 5329 1443 5369 c.
1463 5313 1631 5387 Nuptiarum
1654 5322 1695 5371 nt.
1714 5333 1740 5387 q.
1759 5322 1782 5371 i.

101 5411 218 5479 impium
235 5423 305 5462 sane
323 5413 364 5459 est
379 5406 410 5457 s'n
428 5408 490 5453 soto
510 5396 634 5467 simplici
652 5396 818 5464 :impensare
836 5401 935 5451 eontra
950 5401 1082 5457 laudatur
1113 5416 1131 5454 a
1159 5400 1300 5471 Polydoro
1318 5398 1417 5472 Virgil.
1439 5408 1461 5456 7.
1490 5402 1526 5458 de
1554 5419 1606 5458 rer.
1633 5403 1736 5457 invent
1757 5408 1781 5459 2,

102 5497 163 5551 Dei
180 5494 352 5556 mammen,
368 5487 398 5541 in
410 5485 520 5540 soknni
535 5491 674 5539 verorum
692 5489 802 5537 tantum
813 5490 935 5553 propter
946 5482 1074 5601 ,Excipit
1096 5484 1296 5554 Bellsrminns,
1320 5486 1508 5555 augustinum
1533 5490 1645 5559 pudens
1662 5488 1783 5544 uolsim

101 5586 229 5634 murnai
246 5576 385 5647 maedam
397 5571 578 5629 solennitates
590 5570 628 5625 ab
640 5568 795 5625 bonnns'brss
806 5570 936 5639 adiectas
957 5574 1068 5645 nuptias
1088 5581 1156 5644 post
1180 5580 1269 5628 rotans
1291 5580 1449 5629 contractas
1472 5590 1530 5628 esse
1553 5591 1634 5628 ueras
1656 5575 1779 5646 nuptias,
