4020 6022
806 334 860 391 Dii
878 329 1078 390 OONJUGIO.
1724 339 1784 399 293

87 491 174 547 etiam
199 489 341 561 legitimus
369 507 424 546 uon
444 488 533 561 possit
550 504 609 544 esse
626 488 734 554 vitalis,
763 505 847 569 quarn
867 504 927 543 seu·
954 486 1056 542 adsunt
1074 501 1183 550 causae,
1203 501 1275 555 quaa
1294 484 1401 541 foetum
1421 490 1571 556 morantur,
1589 486 1686 557 quidni
1705 487 1788 543 etiam

88 576 207 632 tentiam
224 583 256 631 ut
276 575 413 631 mitiorem
430 575 543 646 plurimi
570 591 603 629 ex
630 574 746 630 eruditis
765 579 928 646 sequuntur,
954 588 1026 642 quae
1044 570 1220 628 accelerent?
1258 572 1410 643 Fingamus
1427 571 1570 628 mulierem
1582 571 1736 645 viraginem
1754 588 1787 628 ac

87 678 161 735 quos
178 667 304 718 recenset
321 660 502 734 Tirsquollus
519 660 548 715 iu
565 660 584 716 l.
621 660 651 718 Si
670 677 802 733 unquam.
821 678 848 716 n.
869 667 927 717 305.
954 658 1091 728 puellam,
1118 674 1191 730 quae
1207 657 1289 713 citius
1309 659 1337 713 iu
1356 664 1435 714 utero
1453 656 1567 713 formari
1585 659 1673 727 solet,
1701 659 1738 714 ab
1755 674 1790 713 ea

87 747 121 806 C.
159 749 195 804 de
226 747 373 804 revocaud.
406 748 501 802 donat.
556 746 600 802 De
636 748 807 802 remimestri
845 753 928 819 partu
954 743 1066 812 editam,
1085 745 1147 816 quis
1166 743 1314 814 dubitabit,
1333 744 1488 816 legitimum
1504 760 1567 800 7777
1576 750 1688 816 partum
1705 742 1789 800 etiam
1895 794 1899 799 .

89 834 213 889 omnium
239 833 357 889 maxime
382 831 536 890 dubitetur.
590 830 660 888 Cum
692 834 766 889 enim
790 832 927 904 Ulpianus
954 829 982 883 in
1013 836 1090 885 sexto
1118 829 1231 887 menae?
1283 830 1408 884 1777777777
1431 830 1462 883 ia
1488 837 1597 885 7777777
1617 830 1790 899 Sopaotinsss

88 918 230 991 siceleg.
248 920 389 983 intestato,
409 920 927 988 centesimumoctaapesimamsecuo-
955 916 1071 984 insons,
1099 916 1191 987 inquit
1208 914 1315 971 Plinius
1332 915 1381 973 lib.
1401 922 1425 973 7.
1444 932 1468 971 c.
1495 921 1519 972 3.
1538 915 1791 987 quodpertorium

89 1009 159 1061 aiam
184 1007 273 1075 diem,
306 1005 354 1077 qui
379 1005 408 1060 in
432 1004 541 1060 initium
564 1006 675 1077 septimi
693 1005 795 1061 mensis
820 1005 929 1075 incidit,
949 1002 1011 1068 fuit
1033 1002 1203 1072 insequentis
1220 1002 1352 1073 publicos
1378 1002 1564 1071 catzmisase;
1594 1001 1691 1074 quidni
1714 1019 1790 1074 ergo,

84 1092 214 1163 primam
247 1092 367 1163 legitimi
392 1100 498 1161 portua
533 1098 641 1162 tempas
676 1096 797 1158 statuat,
831 1109 865 1148 ex
896 1108 928 1148 eo
955 1087 996 1142 ait
1016 1086 1165 1158 Speroniua
1202 1087 1232 1140 in
1259 1086 1390 1159 dialogis,
1416 1087 1545 1158 publicae
1570 1087 1693 1144 laetitiae
1710 1104 1789 1158 prae-

89 1177 220 1243 Pelinna,
252 1176 430 1250 Titoquellus
461 1185 489 1233 et
521 1177 568 1233 alii
594 1175 788 1250 jurisconsulti
815 1178 929 1233 immota
955 1172 1156 1245 significandae
1175 1188 1242 1244 ergo
1256 1173 1338 1229 citius
1357 1175 1466 1230 exsilire
1484 1174 1593 1246 possit?
1612 1181 1637 1231 5.
1654 1173 1790 1245 Exempla

91 1264 225 1335 colligere
242 1262 385 1334 laborant,
413 1281 531 1335 puerum
545 1270 622 1320 sexto
640 1281 734 1321 meuse
756 1270 854 1321 natum
874 1281 929 1319 non
956 1265 1054 1330 partus
1072 1258 1253 1315 sextimestris
1273 1259 1428 1315 afferuntur
1445 1259 1482 1317 ab
1501 1259 1645 1316 Ariconua
1672 1259 1745 1315 libro
1763 1266 1788 1316 3.

92 1367 156 1407 ease
188 1366 240 1421 pro
271 1350 396 1422 legitimo
430 1349 600 1405 habendum.
658 1349 737 1405 idem
774 1349 929 1406 confirmari
957 1345 1084 1400 medicin.
1106 1352 1217 1402 tractat
1245 1351 1271 1403 2.
1295 1344 1352 1402 fen.
1378 1352 1419 1402 21.
1440 1362 1465 1404 c.
1485 1353 1507 1403 t.
1550 1346 1697 1418 Augeuius
1715 1346 1790 1402 dicto
1847 1364 1854 1373 ·

89 1441 186 1508 potest
206 1435 364 1492 testimonio
378 1434 536 1492 Aristotelis
550 1435 620 1493 libro
634 1442 656 1491 7.
667 1434 803 1492 historiar.
819 1436 929 1491 animal.
957 1432 1008 1487 loc.
1026 1448 1089 1502 cap.
1108 1438 1150 1488 20.
1171 1437 1290 1504 quatuor
1313 1449 1379 1488 ase
1403 1432 1552 1489 observata
1569 1450 1630 1489 esse
1649 1438 1790 1488 memorat.

90 1522 185 1593 capite
203 1528 229 1579 4.
259 1520 345 1577 Plinii
364 1520 412 1576 lib.
431 1528 455 1577 7.
476 1526 566 1577 natur.
585 1521 673 1577 histor
698 1522 790 1592 capite
809 1528 833 1579 3.
858 1522 928 1594 Hip·
958 1518 1036 1583 Quae
1056 1535 1120 1573 cum
1139 1518 1180 1573 ita
1198 1519 1270 1588 sint,
1303 1525 1420 1574 careant
1439 1519 1574 1575 ecelesiae
1596 1509 1728 1584 ministri,
1755 1534 1792 1573 ne

90 1607 215 1680 pooratis
245 1605 306 1663 libr.
341 1606 376 1661 de
408 1606 531 1663 aliment.
556 1613 585 1662 et
617 1614 688 1679 part.
714 1609 823 1679 soptim.
875 1606 931 1663 Sed
957 1604 986 1659 in
1003 1604 1081 1660 hisce
1104 1605 1186 1661 nimis
1213 1606 1313 1660 morosi
1331 1623 1365 1661 ac
1388 1606 1506 1678 rigorosi
1527 1605 1668 1677 sint,'sed
1686 1606 1710 1659 si
1727 1620 1790 1660 con·

93 1698 195 1749 conta
210 1692 285 1748 hanc
299 1692 482 1749 communiter
500 1692 536 1747 ab
563 1692 690 1748 omuibus
712 1700 852 1765 recentem
870 1710 930 1749 777-
957 1696 1064 1746 stanter
1089 1691 1154 1746 nori
1179 1693 1313 1763 conjuges
1326 1697 1455 1764 negent,
1484 1708 1502 1747 a
1526 1708 1556 1747 se
1573 1691 1726 1764 quidquam
1745 1690 1792 1745 hic

90 1780 210 1836 tentiam
242 1779 368 1850 dispth
397 1777 530 1833 Horatius
560 1778 705 1850 Augenius
736 1778 807 1836 libro
845 1787 866 1837 l.
896 1780 930 1835 de
957 1783 1103 1847 peccatum
1122 1794 1199 1842 esse,
1230 1778 1414 1834 conscientias
1432 1778 1544 1836 turbare
1562 1785 1591 1835 et
1608 1777 1730 1834 dissidiis
1747 1794 1792 1834 oc·

92 1874 177 1939 partu
195 1881 254 1936 cap.
276 1870 315 1921 le.
336 1870 365 1920 et
381 1881 458 1937 seqq.
478 1864 524 1920 eui
541 1881 685 1922 assensum
692 1866 809 1937 praebet
821 1866 931 1922 elberi-
957 1864 1096 1920 essiones
1111 1864 1246 1934 praebere
1264 1865 1399 1921 desinant.

39 1963 79 2007 77.
93 1971 145 2009 cus
162 1950 283 2009 Gentilis
301 1949 348 2007 lib.
369 1951 405 2007 do
423 1956 549 2021 tempore
568 1952 711 2007 nascendi.
747 1951 932 2024 Distinguunt
992 1956 1051 2007 478.
1086 1950 1129 2004 Ex
1146 1951 1245 2006 iisdem
1261 1951 1415 2007 rationibus
1432 1951 1515 2007 facile
1534 1950 1708 2022 intelligitur,
1737 1965 1793 2004 uon

91 2055 217 2095 mensem
244 2043 352 2094 sextum
378 2036 408 2092 in
432 2036 619 2106 principiam,
647 2039 769 2092 mediam
793 2045 820 2092 et
834 2039 930 2108 fissam,
957 2051 1017 2091 esse
1046 2037 1083 2092 ad
1113 2037 1255 2108 publicam
1272 2037 1471 2110 poenitentiam
1494 2037 1658 2115 cogendam·
1671 2036 1793 2106 viduam,

91 2124 210 2180 cuilibet
225 2123 300 2195 parti
325 2122 482 2178 attribuunt
510 2122 568 2177 dies
591 2122 688 2178 decem
720 2139 755 2179 ac
779 2123 809 2178 in
826 2123 930 2179 ultimis
958 2140 1029 2195 quae
1058 2129 1122 2195 post
1151 2124 1243 2180 marih'
1273 2129 1389 2180 mortem
1419 2124 1449 2180 in
1484 2123 1621 2195 principio
1654 2121 1793 2178 undecimi

92 2209 192 2265 decem
222 2208 322 2264 diebus
350 2206 507 2279 legitimum
533 2214 562 2262 et
588 2207 700 2264 vitalem
725 2207 803 2264 nasci
819 2213 931 2279 partum
958 2211 1059 2266 mensis
1076 2211 1182 2268 foetum
1200 2211 1267 2268 edit.
1298 2211 1438 2283 Ulpianus
1456 2211 1569 2284 quidem
1588 2209 1700 2265 indi
1720 2209 1794 2264 Inte·

93 2300 230 2363 statuunt,
247 2293 469 2349 rationibusnixi
487 2294 675 2365 sequentibus.
719 2301 741 2352 t.
766 2295 855 2364 Puer,
882 2293 931 2365 qui
957 2300 1038 2352 stato.
1056 2294 1084 2367 ξ.
1112 2303 1151 2353 11.
1172 2306 1239 2368 post
1264 2301 1359 2353 decem
1382 2316 1491 2354 names
1516 2298 1614 2353 mortis
1638 2306 1736 2351 aotam
1753 2297 1795 2350 od

94 2379 418 2452 postoouiormationem
431 2378 517 2450 duplo
534 2385 657 2451 tempore
670 2378 795 2434 sensibili
806 2383 931 2434 movetur
957 2383 1110 2451 legitimam
1128 2384 1310 2440 teodemiri
1329 2386 1534 2440 admissariam
1555 2400 1612 2438 erae
1631 2389 1733 2454 negat,
1759 2397 1793 2437 ac

94 2472 174 2521 motu
193 2483 227 2521 ac
242 2465 327 2537 triplo
345 2466 374 2520 in
395 2465 484 2521 lucem
503 2467 604 2531 editur,
619 2469 696 2538 justo
708 2472 830 2536 tempore
849 2471 931 2521 uatus
957 2468 1146 2539 Leotychidas
1174 2471 1254 2542 regni
1278 2471 1453 2526 successione
1473 2470 1599 2542 privatus
1620 2469 1687 2538 fuit,
1716 2468 1792 2539 quod

94 2552 213 2618 dicitur;
243 2557 274 2607 at
296 2551 345 2623 qui
371 2557 448 2607 serto
473 2568 569 2608 mense
595 2552 653 2607 fere
677 2556 774 2607 exacto
798 2551 931 2620 nascitur,
958 2560 1046 2611 mater
1063 2560 1128 2626 post
1151 2555 1247 2611 decem
1270 2572 1378 2612 menses
1401 2572 1420 2611 a
1435 2556 1487 2610 viri
1510 2555 1638 2611 absentia
1655 2571 1719 2611 eum
1735 2553 1789 2609 edi·

95 2637 183 2709 duplo
210 2644 274 2709 post
296 2636 488 2692 formationem
515 2642 639 2709 tempore
666 2637 769 2693 moveri
798 2645 827 2694 et
847 2637 931 2708 triplo
959 2642 1051 2710 derat,
1080 2647 1113 2697 ut
1128 2641 1297 2698 Plutarchus
1321 2643 1350 2698 in
1376 2642 1510 2713 Agesilao
1534 2647 1674 2698 memorat
1722 2640 1792 2710 Hip-

95 2725 126 2778 in
144 2725 235 2779 lucem
255 2723 301 2779 edi
318 2729 420 2794 potest,
438 2722 505 2795 quia
522 2722 645 2778 Galenus
665 2723 724 2794 ipse
737 2724 813 2788 dicit,
831 2724 930 2779 ostici-
957 2732 1085 2799 pocrates
1117 2727 1200 2784 etiarn
1227 2728 1256 2782 in
1283 2727 1345 2784 libr.
1371 2728 1406 2783 de
1434 2734 1523 2785 natur.
1552 2728 1632 2799 pueri
1655 2726 1794 2782 deciam

89 2828 167 2881 pore
183 2827 268 2880 posse
284 2829 370 2865 onam
389 2811 463 2864 dicos
480 2810 664 2874 formationis
682 2819 796 2879 tempas,
814 2810 889 2881 quod
908 2810 932 2864 si
960 2832 1077 2869 mensem
1097 2815 1245 2869 terminum
1264 2815 1428 2884 gestationis
1444 2814 1645 2885 ‘leopissimrsm
1671 2817 1794 2869 statuere

98 2900 257 2951 statuamus
276 2913 363 2950 unum
380 2895 427 2951 vel
445 2895 515 2951 duee
528 2895 572 2951 vel
591 2901 648 2951 tres
665 2896 738 2961 dice,
767 2902 863 2968 partus
881 2895 933 2952 erit
959 2899 1078 2970 videtur,
1097 2900 1127 2955 ἰν
1139 2901 1209 2955 δέκα
1219 2905 1297 2975 μησί,
1310 2900 1408 2971 inquii,
1420 2905 1526 2970 γίνεται
1546 2902 1630 2954 ταῦτα
1642 2900 1673 2954 τὸ
1684 2895 1793 2973 μακρό-

95 3000 145 3040 sex
162 2981 307 3040 meusium
344 2986 369 3038 2.
387 2981 552 3038 Aristoteles
570 2983 677 3037 7777777
693 2985 757 3048 fere
782 2982 932 3038 armati
958 3006 1058 3057 seror,
1082 2988 1114 3040 iss
1136 2989 1230 3042 7777777
1258 2985 1412 3056 messibus,
1438 2988 1515 3055 qaod
1531 2986 1726 3055 &episimone
1743 2992 1792 3050 777,

95 3070 147 3124 bar
176 3068 354 3124 coandatmo
385 3085 446 3124 esre
474 3087 493 3122 o
524 3077 629 3124 actore
665 3077 768 3124 cenam
796 3070 934 3142 pariendi
958 3074 1086 3128 77777777
1102 3074 1205 3137 foetare.
1240 3072 1296 3129 esd
1312 3072 1387 3128 idem
1402 3072 1463 3144 ipse
1474 3070 1660 3143 Hippocrates
1673 3069 1703 3125 iu
1720 3069 1792 3126 libro

95 3164 205 3229 tempus
225 3164 251 3210 et
267 3163 357 3210 statos
375 3156 542 3226 pacationis
560 3158 631 3226 dies,
647 3157 699 3211 eoi
715 3164 808 3211 nutem
826 3157 935 3212 homini
959 3159 995 3215 de
1031 3164 1103 3231 part.
1141 3159 1291 3214 octimestr.
1329 3158 1412 3214 etiam
1454 3157 1632 3213 undecimum
1668 3172 1793 3213 mensem

93 3244 179 3297 corsis
204 3242 367 3306 foetcts'oais
404 3250 431 3296 at
464 3251 568 3312 portas
602 3251 730 3313 temporo
765 3244 875 3298 latiore
899 3261 933 3298 oo
959 3244 1081 3315 agnovit,
1099 3261 1182 3318 quam
1199 3244 1399 3300 sententiarum
1417 3243 1578 3299 vadentem
1597 3243 1711 3315 quidam
1738 3241 1792 3298 hoo

95 3330 230 3383 liberiore
245 3329 307 3399 ispe
326 3345 458 3383 cesoma
472 3345 539 3398 esse,
557 3333 689 3384 testatum
709 3328 827 3400 reliquit.
850 3328 932 3400 Apud
960 3331 1041 3388 modo
1062 3330 1226 3400 conciliant,
1255 3330 1331 3403 quod
1357 3330 1486 3386 undecim
1506 3347 1615 3386 menses
1640 3329 1793 3401 completos
1807 3349 1912 3397 mre

96 3415 234 3487 quosdam
258 3413 414 3485 Hispaniae
443 3415 562 3486 populos
592 3414 675 3471 etiam
697 3417 934 3487 quinqueremes
960 3417 1103 3473 mulierem
1114 3422 1225 3488 gestare
1242 3415 1642 3489 possenegetprimisautem
1654 3414 1795 3471 undecimi

95 3508 195 3574 partus
223 3499 322 3557 vitales
354 3499 409 3570 edi,
436 3499 522 3556 refert
539 3500 733 3556 Perdiuandus
759 3501 856 3572 hiena,
889 3501 934 3557 cui
961 3502 1062 3559 mensis
1080 3503 1180 3558 diebus
1197 3504 1358 3575 contingere
1374 3519 1456 3573 posse
1468 3506 1704 3574 partumstatuat,
1723 3517 1796 3573 quae

95 3603 241 3643 assensum
271 3586 388 3657 praebet
401 3584 542 3642 Valleaius
572 3587 697 3656 ejusdem
725 3587 877 3660 discipulus
897 3587 934 3642 'in
961 3587 1119 3645 conciliatio
1138 3589 1274 3661 probatur
1295 3606 1329 3645 ox
1347 3588 1416 3660 ipsis
1434 3587 1527 3642 verbis
1546 3586 1726 3659 Hippocratis
1746 3585 1794 3641 lib.

96 3678 245 3731 comment.
267 3672 384 3743 epidem.
429 3670 500 3728 (ium
519 3690 586 3744 orgo
613 3673 642 3727 in
666 3673 720 3729 hoc
737 3679 796 3730 toto
819 3682 935 3731 naturae
961 3675 997 3730 de
1014 3682 1084 3746 part.
1106 3674 1240 3730 octimest
1258 3674 1333 3729 cirea
1348 3673 1410 3730 fin:
1429 3672 1499 3727 0777
1511 3673 1591 3727 altro
1604 3672 1796 3744 plenilunium

96 3758 232 3832 mysterio
250 3756 320 3813 nihil
337 3762 467 3813 conatam
483 3774 516 3814 ac
532 3766 699 3830 perpetuum
720 3760 756 3814 sit
782 3777 815 3815 ac
834 3760 935 3816 medici
960 3760 1369 3830 muliercmscipit,sseoasseest
1381 3766 1610 3828 essmoonceptam
1619 3758 1796 3812 sedecim

98 3854 128 3902 et
145 3843 302 3916 philosophi
324 3844 353 3899 in
377 3843 435 3900 suis
453 3844 638 3899 decisionibus
658 3845 710 3900 sibi
735 3846 935 3916 contradicant,
961 3865 1080 3902 messem
1099 3849 1236 3915 crispare
1254 3862 1289 3900 ac
1300 3844 1520 3916 apprehendere,
1539 3862 1594 3915 quo
1612 3846 1654 3898 od
1667 3845 1797 3900 ahimam

97 3931 166 3987 olim
200 3930 273 3985 euim
297 3935 394 4002 partus
425 3935 490 3985 ante
512 3947 616 3986 nonum
640 3931 686 3986 rel
711 3938 775 4002 post
797 3931 934 3987 decimum
961 3936 1108 3990 circuitam
1128 3933 1284 4003 perveniet.
1334 3935 1452 3986 Amatus
1481 3929 1635 3986 Lusitanus
1663 3935 1735 3987 7777
1772 3937 1795 3988 7.

97 4034 221 4073 mensem
252 4033 308 4073 non
339 4016 527 4087 probabatur,
560 4034 625 4072 mox
652 4016 791 4089 frequenti
820 4034 934 4074 7777777
961 4029 1048 4079 curat.
1068 4027 1109 4078 27.
1127 4020 1296 4075 mentionem
1314 4018 1383 4074 facit
1400 4018 1624 4089 consanguineae
1650 4016 1796 4090 cujusdam
1842 4028 1851 4044 ·

98 4104 185 4160 etiam
205 4102 387 4174 septimestris
407 4108 553 4174 exceptus,
572 4104 635 4159 ideo
652 4104 767 4159 matites
784 4106 934 4176 conjugum
961 4126 1041 4180 suae,
1070 4124 1142 4180 quae
1167 4123 1230 4163 cum
1248 4110 1344 4161 exacte
1362 4111 1473 4177 tempus
1491 4105 1679 4177 conceptionis
1703 4104 1796 4165 ohser-

98 4192 127 4246 in
158 4190 236 4246 hisce
266 4189 376 4244 casibus
407 4194 510 4246 7777777
542 4207 598 4245 non
622 4198 665 4246 est
696 4191 725 4245 iu
749 4191 934 4262 suspicionem
960 4200 1066 4265 resset,
1086 4197 1150 4265 post
1167 4192 1264 4248 decem
1282 4207 1388 4247 menses
1407 4196 1436 4247 et
1454 4191 1593 4248 undecimi
1608 4197 1664 4247 tres
1683 4198 1795 4248 exactos

97 4277 231 4334 vocanda
276 4282 299 4333 3.
319 4275 451 4331 Facultas
468 4277 621 4349 generandi
649 4283 677 4333 et
694 4277 868 4349 concipiendi
886 4277 935 4332 sli-
961 4282 1022 4337 dies
1038 4296 1155 4354 puerum
1167 4280 1284 4352 peperit,
1302 4278 1351 4334 ubi
1363 4278 1480 4333 adducit
1497 4279 1588 4335 locum
1600 4278 1683 4333 Plinii
1695 4276 1758 4334 libr.
1772 4285 1796 4334 7.

97 4363 212 4437 quando
236 4362 346 4417 duobus
371 4368 422 4417 aut
448 4361 537 4419 tribus
562 4362 643 4418 annis
669 4363 811 4434 audcipat.
859 4363 935 4435 Ergo
961 4385 984 4423 e.
1005 4375 1028 4424 5.
1048 4367 1123 4439 quod
1143 4367 1223 4421 tomo
1241 4381 1328 4435 usqae
1347 4367 1389 4419 od
1400 4365 1485 4420 initiis
1503 4366 1646 4422 7777777777·
1662 4373 1796 4420 ementur

97 4452 197 4508 eadem
214 4448 333 4505 tremiss
351 4449 380 4503 in
397 4447 563 4505 formatione
582 4450 674 4505 foetus
693 4455 722 4505 et
739 4457 822 4520 partu
836 4450 935 4506 diebus
962 4457 1072 4512 mamb.
1118 4454 1252 4511 Forestus
1280 4451 1342 4509 libr.
1374 4458 1415 4509 28.
1447 4452 1669 4509 observationum
1700 4468 1725 4508 c.
1753 4457 1795 4510 62.

103 4539 263 4613 quindecim
281 4540 434 4612 anticipare
452 4545 553 4613 potest.
596 4541 812 4613 Anhoipationis
834 4558 936 4599 777777
961 4542 1035 4598 idem
1064 4541 1184 4613 probare
1207 4545 1324 4596 conatur
1360 4555 1393 4595 ex
1420 4536 1486 4609 Sap.
1515 4544 1547 4606 7,
1576 4556 1600 4595 v.
1627 4544 1657 4595 ²:
1686 4541 1793 4593 Decem

97 4632 217 4699 possunt
236 4643 297 4683 esse
315 4627 423 4696 variae,
451 4631 550 4698 utpote
573 4627 707 4683 seminum
732 4626 832 4693 robur,
863 4627 936 4683 uteri
962 4629 1096 4684 mmm
1117 4635 1242 4698 tempore
1272 4627 1438 4696 coopaiotus
1456 4643 1517 4679 aum
1544 4626 1574 4679 sis
1605 4625 1742 4694 sangoinis
1764 4641 1797 4679 77

98 4714 239 4786 angustia,
259 4714 382 4769 alimenti
400 4712 534 4779 defectus,
552 4714 683 4785 quodque
700 4717 795 4768 uterus
813 4714 935 4768 nondum
962 4717 1065 4771 remise
1084 4715 1213 4770 hominio.
1252 4713 1285 4767 In
1303 4712 1411 4769 Graeco
1429 4718 1472 4768 est
1490 4713 1678 4783 δεκαμηνιαίῳ
1691 4711 1796 4785 χρόνῳ.

99 4801 224 4857 77777νί7
255 4806 366 4873 gestare
392 4799 484 4856 foetus
512 4806 564 4856 etc.
616 4799 741 4856 Infantes
770 4800 937 4871 quandoque
963 4803 1019 4860 Sed
1038 4802 1108 4858 illud
1128 4801 1322 4873 accipiendum
1341 4806 1456 4855 estnon
1479 4798 1513 4854 de
1534 4799 1630 4855 decem
1655 4800 1796 4857 mensibus

98 4904 163 4945 cunr
185 4887 315 4944 dentibus
334 4886 410 4943 nasci
429 4886 549 4958 Solinus,
567 4886 734 4942 Plutarchus
753 4892 781 4942 et
796 4887 937 4945 tricenna
962 4890 1115 4962 eompletis,
1132 4885 1227 4945 reru'm
1246 4887 1338 4943 adhuc
1357 4887 1543 4953 currentibus,
1563 4886 1605 4942 uti
1623 4887 1706 4943 etiam
1725 4887 1796 4945 illud

98 4979 251 5044 testantur,
290 4974 389 5047 quodsi
422 4974 451 5029 in
488 4973 641 5029 formandis
658 4972 789 5029 dentibus
807 4975 850 5029 ris
867 4982 937 5031 nie·
962 4977 1098 5034 hieronis:

99 5057 182 5130 esrai
209 5066 320 5133 tempus
344 5066 507 5117 consuetum
533 5058 686 5130 anticipare
703 5065 811 5130 potest,
840 5063 936 5133 quidni

98 5149 185 5205 etiam
223 5149 251 5204 in
287 5147 442 5203 formandis
478 5144 592 5217 reliquis
630 5145 778 5201 membris?
840 5147 952 5239 Potestl

97 5234 228 5309 generari
254 5250 272 5290 a
297 5249 365 5289 sene
388 5232 481 5291 infans
508 5230 705 5303 septimestris,
736 5232 832 5304 quidni
854 5235 987 5315 etiamle.
1004 5237 1130 5294 Maccab.
1154 5243 1185 5306 7,
1211 5252 1238 5294 v.
1257 5241 1303 5292 28:
1331 5235 1368 5289 ln
1394 5241 1476 5289 atero
1504 5241 1530 5289 te
1548 5237 1668 5306 portori
1691 5252 1797 5291 moses

98 5322 198 5380 diebus
218 5319 429 5393 quatuordecim
448 5327 559 5391 tempus
577 5320 765 5392 generationis
782 5318 1069 5419 praevenirilnooem.
1116 5328 1190 5378 Ante
1219 5323 1352 5376 Amatam
1386 5320 1552 5376 Lusitanum
1588 5328 1616 5378 77
1652 5323 1798 5378 Porestum

96 5414 193 5483 posset
216 5406 375 5479 ajurene?
430 5413 454 5465 t.
478 5407 601 5477 Tempus
630 5413 727 5478 partus
744 5407 820 5464 ultra
837 5412 1085 5468 consti-therinus
1107 5408 1239 5465 Lemnius
1267 5407 1315 5463 lib.
1342 5408 1379 5462 de
1404 5407 1504 5464 occult.
1522 5413 1637 5464 naturae
1657 5407 1798 5465 miraculis

95 5501 189 5553 tutum
211 5510 231 5550 a
245 5494 369 5551 medicis
385 5494 533 5550 torminum
554 5492 698 5559 differtur,
728 5500 759 5550 ut
773 5497 858 5567 paulo
876 5478 994 5570 postici
1024 5502 1089 5554 autc
1118 5495 1263 5552 [emnium
1288 5493 1454 5550 Aristoteles
1484 5499 1513 5550 et
1537 5492 1645 5550 Gellius
1672 5495 1798 5567 exempla

97 5579 341 5639 demonstrabitur.
380 5578 457 5653 Ergo
473 5579 559 5637 etism
587 5577 740 5651 mticipsre
765 5588 866 5659 potest.
909 5574 1074 5655 si¹esrum,
1103 5599 1174 5657 quae
1205 5582 1353 5638 7777777777
1383 5596 1474 5637 menae
1504 5584 1683 5652 pepererunt,
1712 5596 1798 5639 7777·
1884 5632 1901 5648 ,,

998 5098 1093 5155 fiatri
1111 5097 1197 5167 inope
1217 5097 1312 5151 7777777
1329 5095 1454 5151 tolerant
1466 5094 1598 5164 fastidio
1617 5113 1731 5152 manea
