4020 6022
214 282 274 339 448
794 270 917 330 Locus
934 270 1141 330 weaslnus
1159 271 1328 337 QUINTUS

214 427 342 484 omnibus
379 427 501 498 legitimo
539 425 712 482 matrimonio
750 426 907 497 conjunctis
942 426 1048 490 asserit,
1078 428 1199 482 monium
1217 436 1311 482 ratum
1328 430 1410 483 natet
1428 429 1519 484 solam
1535 429 1676 498 primam,
1709 443 1786 497 qrrae
1812 426 1916 495 sinnii

214 516 290 588 quod
318 514 450 569 divinitus
477 514 619 584 conjuncti
644 514 700 569 sint
725 514 754 569 in
774 513 901 585 copulam
929 514 1049 568 humana
1076 515 1149 567 catio
1167 516 1273 580 sufficit
1291 518 1331 568 act
1352 517 1574 569 constituendum
1587 525 1682 569 rerum
1697 521 1916 581 sacramentum,

214 601 379 656 auctoritate
399 600 627 665 indissolubilem,
650 616 739 671 neque
758 599 805 654 hic
819 599 891 656 inter
908 600 1049 655 matrimo-
1075 603 1126 655 sod
1144 617 1178 655 ca
1194 620 1251 656 non
1267 603 1343 669 facit
1359 603 1566 660 matrimonium
1585 601 1759 678 insoiubile,
1775 619 1846 655 nam
1866 597 1951 654 iiloll

214 689 291 743 nium
314 694 404 743 ratum
430 693 458 743 et
487 695 707 743 consummatum
734 686 961 759 distinguendum
990 704 1050 742 esse
1076 689 1236 756 conjunctio
1254 689 1361 743 Christi
1388 707 1451 742 cum
1476 689 1572 742 anima
1598 706 1654 742 non
1682 697 1726 742 est
1745 687 1914 755 incoluistis,

214 774 260 830 vel
292 773 407 829 verbulo
444 773 542 829 innuit.
603 778 626 828 2.
659 773 760 830 Nullus
794 774 974 845 interpretum
1005 774 1049 827 vel
1076 782 1106 827 ut
1119 783 1207 844 patet.
1243 777 1459 830 Matrimonium
1479 784 1572 830 autem
1591 783 1818 830 consummatum
1838 775 1914 827 babet

214 867 352 929 veterum,
380 861 426 916 rel
454 860 637 916 recentiorum
666 859 753 916 verba
770 860 872 916 Christi
896 861 932 914 ad
958 860 1050 915 matri·
1077 861 1153 914 alias
1170 861 1309 932 (reliquas)
1331 865 1422 927 duas,
1448 870 1478 915 ut
1492 871 1573 931 patet
1591 879 1623 915 ea
1643 862 1741 915 Paulo
1765 861 1874 930 Eptu.
1891 863 1914 913 t.

214 947 336 1003 monium
373 952 596 1002 consummatum
640 948 776 1003 duntaxat
811 947 955 1003 referenda
990 964 1050 1002 esse
1077 949 1127 1017 qui
1148 966 1204 1002 non
1231 949 1318 1014 dicit,
1346 957 1553 1004 sacramentum
1575 950 1627 1003 doc
1646 967 1782 1017 mopnum
1805 955 1848 1001 est
1867 953 1913 1000 etc.

215 1035 318 1090 docuit
364 1033 555 1088 Alexandrum
582 1034 634 1089 111.
666 1034 758 1089 verbis
789 1033 891 1088 Christi
923 1033 979 1087 vim
1009 1033 1049 1087 in·
1076 1035 1135 1087 nisi
1155 1042 1307 1104 postquam
1335 1036 1464 1104 discret,
1493 1044 1572 1089 crunt
1601 1038 1658 1090 duo
1681 1036 1713 1089 in
1743 1050 1833 1088 earne
1852 1052 1913 1102 una,

215 1123 348 1178 ferentem
366 1138 423 1176 non
441 1137 588 1175 moramur.
621 1126 646 1177 3.
665 1119 872 1176 Matrimonium
885 1126 976 1175 ratum
994 1137 1049 1174 non
1077 1122 1152 1189 quod
1182 1129 1255 1174 certe
1278 1124 1316 1189 fit
1342 1139 1397 1194 per
1428 1123 1559 1191 copulam
1592 1131 1618 1176 ct
1649 1126 1838 1186 confirmatur
1868 1121 1913 1173 lucc

214 1208 305 1263 minus
339 1223 423 1280 quam
452 1211 673 1262 consummatum
704 1212 753 1262 est¹
775 1206 979 1261 matrimonium
1010 1205 1048 1259 di·
1076 1214 1163 1260 totum
1185 1225 1217 1260 ea
1236 1224 1278 1275 eo,
1296 1210 1373 1277 quod
1391 1209 1418 1261 si
1436 1209 1646 1263 matrimonium
1663 1216 1761 1263 ranam
1781 1227 1839 1261 non
1856 1225 1911 1260 con·

215 1295 318 1350 vinitus
344 1294 537 1364 conjunctum,
566 1292 677 1364 quando
701 1292 808 1347 scilicet
825 1298 869 1346 est
888 1291 1049 1363 legitimum.
1076 1302 1241 1346 summatum
1272 1295 1446 1364 sipnificaret
1475 1296 1604 1348 unionem
1639 1294 1746 1347 tisristi
1781 1312 1845 1347 eum
1877 1311 1912 1347 cc·

216 1381 276 1435 Aut
294 1397 361 1452 ergo
382 1380 539 1449 negandum
558 1378 650 1449 fuerit,
678 1379 768 1434 Deum
787 1377 849 1432 illos
866 1378 1049 1448 conjunxisse,
1076 1381 1172 1447 clema,
1188 1389 1363 1450 sequeretur,
1392 1398 1452 1434 csse
1470 1382 1627 1449 aponum,
1659 1381 1710 1451 qui
1741 1383 1801 1434 diro
1820 1380 1910 1433 matri·

214 1468 262 1540 qui
292 1468 320 1521 in
346 1466 519 1521 matrimonio
545 1473 606 1520 rato
623 1465 736 1532 vivunt,
763 1471 813 1520 aut
833 1465 1049 1532 concedendum,
1075 1467 1169 1520 monia
1187 1475 1254 1520 rata
1272 1467 1452 1533 contraierit,
1470 1468 1535 1520 lieet
1554 1485 1638 1520 unum
1656 1474 1766 1520 tantum
1786 1476 1836 1520 aut
1856 1467 1912 1519 nuri·

215 1556 325 1609 illorum
349 1553 576 1624 conjunctionem
602 1569 662 1606 esse
681 1552 803 1606 bumana
827 1551 992 1607 auctoritate
1009 1551 1049 1605 in·
1076 1555 1134 1607 tum
1154 1555 1392 1621 consummaverit,
1415 1555 1490 1624 quod
1504 1558 1655 1608 estcontra
1668 1570 1694 1608 c.
1714 1553 1852 1608 Debitum
1865 1560 1912 1610 etc.

215 1640 411 1696 dissolubilem.
474 1645 498 1695 4.
545 1639 660 1709 Ipsimet
703 1637 842 1693 Pontificii
887 1638 1049 1705 concedunt,
1077 1640 1112 1695 de
1131 1640 1257 1711 digamis.
1285 1641 1406 1711 Sequela
1417 1648 1511 1708 patet,
1536 1658 1601 1693 nam
1627 1640 1758 1707 dipamio
1777 1640 1914 1693 contrati-

216 1728 345 1799 copulam
366 1726 505 1782 carnalem
524 1744 580 1780 non
599 1725 736 1796 pertinere
759 1724 796 1778 ad
822 1725 968 1779 mentium
986 1741 1049 1778 con·
1077 1735 1122 1779 tur
1143 1743 1176 1781 es
1194 1727 1309 1788 defectu
1320 1727 1535 1795 sipnificationic
1552 1728 1634 1779 unius
1651 1727 1761 1781 ebriati
1781 1744 1844 1780 cum
1863 1745 1914 1779 uno

212 1814 298 1886 jugii.
327 1814 375 1867 sed
404 1812 540 1866 duntaxat
568 1812 605 1866 ad
632 1813 693 1881 ejus
712 1822 808 1879 usum‘,
841 1810 916 1866 unde
943 1810 1050 1880 injure
1078 1813 1211 1880 ecclesia,
1241 1829 1325 1882 quam
1352 1831 1408 1867 non
1432 1814 1532 1880 trahet,
1564 1814 1614 1882 qui
1641 1831 1703 1866 cum
1723 1814 1840 1868 duabus
1856 1831 1913 1866 eon-

197 1887 350 1956 'canonico
370 1899 542 1970 approbatur
560 1898 660 1970 regqu
674 1897 746 1968 juris
766 1897 862 1961 civilis,
891 1915 1051 1964 consensus,
1079 1901 1174 1955 trabit.
1210 1898 1436 1969 Respondemus:
1466 1905 1488 1955 l.
1508 1899 1715 1954 matrimonium
1744 1905 1853 1964 ratum,
1881 1899 1913 1954 sd

214 2006 271 2041 non
291 1987 450 2041 concrsbitus
467 1985 543 2050 facit
559 1985 680 2055 nuptias.
702 2002 725 2040 c.
745 1983 874 2039 Sufficiat
891 1989 943 2039 etc.
963 2002 989 2054 q.
1009 1989 1050 2039 27.
1081 1987 1155 2057 quod
1183 1986 1307 2041 nondum
1341 1986 1459 2041 accessit
1490 1988 1607 2057 copula,
1638 2003 1695 2041 non
1728 1993 1847 2057 propter
1872 1987 1913 2041 de

216 2094 243 2148 q.
257 2080 282 2129 2.
302 2091 325 2128 c.
339 2073 397 2130 Ubi
409 2090 465 2127 non
479 2080 521 2128 est
533 2079 587 2127 etc.
603 2077 643 2128 30.
659 2089 685 2143 q.
704 2078 728 2126 2.
754 2087 778 2125 c.
790 2070 867 2124 tuas
878 2070 982 2125 dudum
998 2074 1051 2126 etc.
1079 2073 1182 2127 fectum
1201 2072 1319 2143 alicujus
1336 2072 1425 2144 partis
1445 2074 1609 2142 integrantis
1630 2091 1684 2127 non
1697 2083 1914 2128 consummatum

217 2167 294 2216 extra
314 2160 349 2215 de
367 2175 469 2231 sponsa
486 2158 611 2212 duorum.
646 2155 778 2221 Quamvis
797 2156 883 2228 igitur
899 2156 936 2209 ad
956 2156 1051 2210 matri-
1079 2159 1180 2212 dicitur
1212 2159 1300 2229 (quod
1330 2158 1514 2214 Bellarminus
1553 2159 1582 2212 in
1620 2177 1672 2214 sua
1709 2160 1913 2230 comparatione

218 2247 339 2302 monium
370 2250 461 2300 ratum
491 2244 613 2299 nondum
642 2243 789 2298 accesserit
812 2243 925 2313 copula,
959 2248 1052 2296 umen
1078 2246 1299 2316 praesupponit),
1327 2246 1376 2302 sed
1395 2254 1507 2317 propter
1535 2246 1673 2302 deiectum
1692 2265 1760 2301 usus
1780 2247 1838 2302 sire
1855 2264 1913 2318 ope

219 2334 355 2390 essentiae
376 2334 436 2403 ejus
455 2332 491 2386 ad
509 2331 697 2402 integritatem
716 2335 744 2385 et
764 2328 960 2400 perfectionem
983 2328 1051 2383 nibil
1079 2333 1207 2399 rationis,
1236 2350 1307 2404 quae
1326 2333 1364 2389 ad
1381 2333 1420 2387 rei
1441 2333 1587 2388 essentiam
1604 2333 1771 2404 neutiquam
1791 2335 1913 2404 pertinet

218 2420 319 2476 delicit.
358 2425 380 2473 5.
406 2418 506 2474 Unitat
534 2417 624 2472 carnis
649 2416 678 2470 in
702 2415 834 2497 conjugio
858 2432 914 2469 non
943 2421 998 2469 tam
1019 2433 1051 2471 ex
1079 2418 1174 2472 Alber.
1195 2417 1314 2473 Gentilis
1328 2419 1377 2476 lib.
1398 2424 1421 2474 6.
1440 2418 1474 2472 de
1492 2426 1571 2489 nupt.
1589 2436 1612 2474 c.
1636 2425 1681 2475 18:
1696 2419 1914 2483 Cosmummatio,

217 2505 319 2576 copula
337 2505 442 2559 carnali
462 2521 545 2576 quam
564 2520 597 2558 ex
616 2502 710 2556 divina
731 2503 904 2557 institutione
918 2507 946 2559 et
963 2502 1050 2556 libero
1079 2525 1161 2576 qnam
1180 2507 1221 2560 sic
1240 2506 1394 2575 improprie
1415 2506 1542 2571 dicimus,
1561 2508 1723 2575 quatiente
1741 2508 1913 2562 concubitum

217 2609 250 2647 ac
272 2591 398 2663 legitimo
422 2608 558 2646 consensu
584 2589 729 2660 dependet.
779 2589 831 2645 Jus
855 2589 1051 2644 indissolubili·
1079 2593 1193 2661 aliquid
1228 2593 1300 2645 desit
1331 2593 1374 2645 ad
1397 2592 1572 2646 matrimonii
1595 2594 1819 2661 perfectionem,
1848 2593 1914 2646 aiiii

217 2679 283 2734 tatis
314 2679 401 2733 oritur
419 2695 475 2732 non
503 2693 536 2731 ex
565 2674 729 2743 concubitu,
759 2675 807 2746 qni
830 2681 871 2731 est
889 2674 963 2729 illius
979 2675 1051 2745 juris
1078 2679 1136 2731 nisi
1158 2696 1226 2732 nans
1246 2679 1372 2747 perfecti
1398 2678 1573 2732 matrimonii
1590 2685 1637 2735 cst.
1689 2678 1766 2734 Vide
1792 2680 1913 2750 superius

218 2770 307 2834 actus,
326 2764 376 2819 sed
393 2781 426 2819 ex
443 2777 580 2818 consensu
597 2766 702 2816 mutuo.
734 2763 757 2816 6.
769 2759 844 2825 Quid
862 2761 937 2832 quod
953 2761 1050 2815 eadem
1078 2783 1102 2820 c.
1121 2771 1146 2821 6.
1167 2762 1195 2839 ξ.
1217 2771 1276 2820 412.
1297 2783 1323 2835 q.
1345 2770 1368 2820 2.
1404 2770 1428 2819 2.
1448 2764 1642 2835 Recognoscat
1660 2764 1850 2821 Bellarminus
1867 2782 1913 2821 sua

217 2851 310 2921 verba,
329 2858 410 2904 erunt
429 2852 485 2903 duo
504 2849 535 2901 in
552 2864 638 2902 corne
656 2864 728 2917 una,
760 2847 790 2902 in
809 2847 921 2918 propria
943 2847 1050 2902 institu-
1078 2853 1163 2906 verba
1186 2850 1234 2907 lib.
1255 2851 1290 2906 de
1308 2851 1427 2906 matrim.
1449 2868 1472 2905 e.
1492 2858 1514 2905 5.
1531 2868 1602 2921 resp.
1620 2851 1656 2907 ad
1677 2856 1708 2906 6:
1740 2854 1791 2906 Dc
1814 2854 1912 2923 rapida

217 2938 300 2995 tionis
320 2937 385 2992 sede
404 2940 469 2992 Gen.
488 2941 513 3006 2,
531 2952 556 2990 v.
587 2940 628 2992 24.
646 2935 682 2989 de
701 2935 831 3006 conjugio
856 2938 963 2988 tantum
982 2940 1050 3004 rato,
1078 2939 1226 3008 conjupoli
1271 2946 1335 2992 sunt
1378 2939 1451 2991 duce
1496 2937 1640 3007 opiniones
1694 2939 1911 2995 Catholicorum.

217 3026 339 3082 nondum
357 3039 408 3096 per
423 3022 553 3094 copulam
573 3027 764 3076 consummato
782 3021 968 3091 proferuntur,
986 3023 1052 3093 quia
1081 3024 1202 3086 Quidam
1219 3026 1293 3079 enim
1311 3027 1424 3094 docent,
1452 3024 1583 3093 copulam
1602 3024 1684 3080 iilam
1709 3041 1803 3094 neqrae
1820 3043 1912 3079 sacra·

216 3113 343 3168 Adamas
368 3115 398 3166 et
417 3108 481 3166 Eva
503 3109 627 3164 nondum
650 3107 755 3163 cannah
777 3107 878 3178 copula
897 3109 983 3175 lerant
999 3108 1050 3163 usi.
1078 3120 1207 3181 mentum,
1224 3128 1312 3181 neque
1327 3120 1441 3181 partem
1459 3112 1631 3164 sacramenti
1648 3127 1723 3178 esse,
1751 3115 1807 3166 red
1825 3121 1912 3167 actum

216 3202 356 3273 Perquam
375 3197 460 3270 igitur
477 3195 628 3251 absurdum
646 3201 703 3264 est,
723 3195 798 3267 quod
816 3194 1000 3250 Bellarminus
1018 3213 1050 3250 ex
1078 3200 1169 3253 solum
1194 3201 1252 3252 sice
1280 3198 1407 3268 officium
1426 3197 1613 3260 matrimonii,
1630 3198 1758 3266 proinde
1780 3200 1852 3268 quid
1869 3217 1912 3253 ae·

216 3288 313 3342 ordine
339 3286 436 3340 horum
462 3284 608 3338 verborum
632 3282 708 3352 apud
728 3280 900 3336 Matthaeum
925 3284 1051 3339 evincere
1079 3287 1265 3339 cidcntoriam
1285 3303 1345 3339 csse
1361 3292 1487 3356 respectu
1506 3283 1695 3350 matrimonii,·
1729 3285 1790 3339 alii
1813 3287 1912 3353 uolunt,

216 3378 341 3439 conatur,
359 3387 392 3426 ea
411 3387 467 3424 non
485 3368 623 3439 pertinere
641 3368 678 3423 ad
696 3369 901 3424 matrimonium
918 3375 1015 3425 ratum.
1080 3374 1209 3442 copulam
1233 3373 1410 3443 conjugalem
1436 3387 1494 3424 esse
1519 3377 1632 3442 partem
1650 3372 1797 3438 quandam
1821 3391 1912 3427 sacra

252 3465 310 3516 att.
346 3455 550 3527 Expandamus,
563 3455 699 3526 quomodo
715 3456 745 3509 in
757 3456 847 3524 specie
861 3456 898 3510 ad
914 3456 1051 3526 triplicem
1079 3460 1166 3513 menti
1184 3477 1236 3513 non
1256 3459 1369 3528 quidem
1389 3458 1578 3521 essentialem,
1609 3458 1661 3510 sed
1680 3455 1869 3527 intepralcm,
1889 3467 1913 3512 ct

219 3549 295 3603 illam
333 3545 466 3599 rationem
502 3541 664 3597 assumtioni
697 3541 859 3613 principalis
896 3544 1051 3614 argumenti
1078 3549 1142 3601 ideo
1162 3553 1226 3600 arcte
1244 3545 1374 3614 copulam
1395 3543 1541 3613 appellari
1556 3546 1664 3612 ratum,
1697 3547 1829 3600 sednon
1854 3565 1913 3600 con·

217 3631 422 3690 confirmandae
461 3628 616 3683 adhibitam
659 3628 785 3697 excipiat
846 3626 892 3682 Ad
934 3629 1050 3699 primam
1078 3640 1248 3687 summotum.
1297 3633 1398 3684 Omnes
1429 3638 1521 3684 tamen
1553 3630 1583 3683 in
1613 3647 1645 3684 co
1675 3633 1858 3697 conueniunt,
1886 3640 1912 3685 ut

216 3721 349 3775 rationem
376 3733 393 3771 a
420 3721 522 3787 negato
546 3714 685 3770 essentiali
713 3714 870 3769 discrimine
888 3715 960 3770 inter
987 3732 1049 3770 con·
1079 3720 1176 3792 (quod)
1194 3718 1297 3786 copula
1316 3734 1372 3770 non
1389 3717 1426 3768 sit
1440 3733 1514 3787 pars
1533 3717 1700 3786 essentialis,
1719 3726 1747 3771 ct
1760 3727 1912 3789 propterca

213 3807 324 3880 jugium
355 3810 446 3858 ratum
480 3809 508 3857 et
525 3808 758 3868 {consummatum
795 3803 910 3872 petitam
941 3803 1051 3873 excipit,
1077 3813 1282 3860 sacromentum
1300 3803 1474 3856 matrimonii
1491 3811 1575 3857 totum
1596 3822 1630 3857 ae
1646 3805 1768 3873 plenum
1780 3815 1909 3876 quantum

216 3893 424 3948 matrimonium
452 3900 545 3945 ratum
569 3899 596 3944 et
613 3898 830 3945 consummatum
858 3910 914 3945 non
932 3894 1050 3962 defferre
1078 3896 1118 3947 ad
1140 3901 1240 3962 partes
1264 3891 1427 3944 essentiales
1451 3890 1610 3943 inveniatur
1635 3890 1664 3942 in
1689 3900 1838 3946 contractu
1861 3910 1910 3962 per

215 3981 306 4036 solum
338 3979 566 4047 accidentaliter,
594 3986 625 4031 ut
654 3995 713 4032 rem
743 3986 904 4047 operantem
939 3988 965 4032 et
994 3997 1049 4031 non
1077 3981 1161 4035 verba
1192 3980 1226 4031 de
1256 3977 1409 4047 praesenti.
1462 3976 1532 4029 Cum
1558 3974 1613 4029 illis
1641 3975 1731 4047 igitur
1764 3978 1908 4034 Catholicis

216 4073 385 4138 operantem,
405 4082 454 4119 nee
472 4073 565 4118 tamen
583 4064 701 4134 differre
715 4064 835 4135 proprie
855 4066 1048 4132 essentialiter,
1077 4067 1152 4137 prius
1177 4064 1326 4135 transigat,
1357 4064 1404 4135 qui
1429 4068 1549 4134 negant,
1580 4063 1709 4132 copulam
1727 4081 1790 4121 esse
1807 4073 1907 4137 partem

216 4153 300 4224 qisasi
322 4152 395 4206 desit
420 4150 598 4204 matrimonio
624 4157 687 4204 rato
706 4152 799 4204 altera
812 4169 886 4219 pars
904 4153 1048 4219 essentiae,
1076 4151 1240 4209 sacramenti
1259 4152 1452 4222 integrantem.
1485 4157 1508 4205 3.
1522 4149 1595 4205 Bato
1612 4149 1791 4207 matrimonio
1808 4153 1906 4224 aliquid

216 4241 354 4311 quomodo
386 4240 522 4308 disserunt
553 4238 634 4291 homo
665 4246 690 4293 st
723 4238 832 4301 anima,
863 4240 914 4290 sed
932 4239 1048 4308 differre
1076 4241 1172 4295 deuse
1204 4238 1379 4293 concedimus
1395 4237 1474 4303 (alias
1495 4253 1513 4290 a
1530 4244 1722 4291 consummata
1741 4256 1799 4293 non
1818 4240 1906 4294 distin·

216 4329 286 4381 sicsd
308 4326 468 4395 perfectum
506 4332 532 4377 et
568 4325 770 4392 imperfectum,
808 4324 880 4376 sicut
915 4324 1050 4394 differunt
1076 4328 1233 4398 queretur),
1261 4324 1309 4379 sed
1335 4323 1461 4378 delectus
1486 4322 1534 4377 ille
1558 4338 1610 4376 nec
1636 4324 1830 4395 essentialem,
1861 4343 1906 4380 nec

215 4416 310 4479 homo,
344 4412 391 4466 cni
408 4429 464 4464 non
483 4412 558 4464 deest
576 4411 639 4464 ulia
653 4429 727 4479 pars
745 4411 903 4479 inteprnlis,
922 4420 949 4465 et
968 4412 1048 4466 homo
1076 4413 1239 4484 integralem
1258 4410 1379 4481 aliquam
1399 4409 1523 4481 conjugii
1541 4415 1664 4480 partem,
1682 4410 1734 4465 sed
1753 4429 1835 4468 usum
1855 4413 1906 4467 sire

217 4516 344 4571 ataricus,
376 4499 480 4552 surdus
506 4498 549 4551 cel
577 4513 689 4561 coecus,
724 4498 756 4549 id
774 4499 851 4565 quod
875 4499 940 4567 ipsa
963 4500 1047 4552 certa
1076 4499 1263 4572 operationem
1299 4498 1435 4551 duntaxat
1471 4496 1618 4551 concernit.
1674 4496 1796 4562 Quando
1829 4499 1905 4572 igitur

216 4588 371 4642 ostendunt.
423 4585 480 4638 Cur
505 4585 578 4638 enim
601 4583 706 4636 dicitur
731 4584 938 4637 matrimonium
956 4594 1049 4639 ratum
1075 4586 1259 4642 Bellarminus
1291 4583 1331 4638 sic
1360 4582 1456 4637 insert:
1486 4584 1674 4638 Matrimonia
1705 4593 1774 4638 rato
1801 4587 1906 4655 aliquid

216 4681 242 4726 et
262 4692 318 4727 non
335 4678 560 4734 corisummatum,
580 4671 606 4722 si
623 4669 694 4722 nabit
712 4669 742 4721 ei
758 4672 835 4722 deest
846 4671 905 4724 nisi
922 4672 1048 4741 operatio
1076 4677 1158 4727 deest.
1190 4673 1270 4740 Erpa
1282 4671 1366 4738 illud,
1386 4672 1463 4738 quod
1483 4669 1510 4722 ei
1528 4671 1612 4735 deest,
1630 4678 1758 4739 estpars
1773 4675 1905 4742 qumdan

215 4761 272 4814 sive
291 4758 426 4830 effectus!
454 4765 480 4811 et
497 4775 546 4810 cur
563 4773 620 4809 non
637 4755 720 4809 etiam
739 4757 842 4809 dicitur
859 4760 1048 4813 sacerdotium
1076 4763 1228 4828 inteprans,
1248 4757 1407 4828 procedite
1428 4773 1483 4811 non
1502 4755 1649 4810 distributo
1674 4756 1711 4811 ad
1731 4757 1905 4815 distributum

215 4854 309 4899 ratum
339 4852 364 4898 et
394 4859 451 4897 non
470 4850 701 4909 consummatum,
730 4851 878 4912 antequam
900 4847 1049 4916 presbyter
1076 4844 1254 4912 affirmative,
1284 4843 1359 4914 quod
1391 4848 1434 4897 est
1451 4841 1660 4912 ἀσυλλόγιστον.
1712 4851 1739 4899 t.
1773 4845 1905 4902 Perfects‘o

215 4931 335 5000 incipiat
359 4946 485 4984 auersere
509 4946 606 4982 sacros
626 4928 755 4982 ordines?
802 4931 896 4984 Porro
923 4932 956 4985 id
975 4936 1052 5002 quod
1078 4931 1181 5003 duplex
1201 4934 1250 4993 est,
1271 4929 1429 4982 essentialis
1449 4935 1477 4983 et
1494 4928 1690 4985 accidentalis.
1742 4930 1772 4986 si
1798 4933 1833 4987 de
1852 4950 1905 5004 per

216 5021 292 5071 deest
317 5016 497 5071 matrimonio
517 5023 594 5078 rato,
628 5015 661 5067 id
686 5023 733 5079 cst,
770 5018 846 5085 quod
877 5018 950 5079 facit
977 5019 1196 5082 iiludfectione
1227 5015 1367 5072 essentiali
1397 5014 1552 5085 quaeritur,
1582 5013 1745 5087 conjugium
1776 5026 1867 5074 ratum
1893 5037 1906 5073 a

215 5105 342 5159 salubris.
388 5105 464 5157 Nam
489 5110 693 5155 sacramentum
718 5103 893 5157 matrimonii
912 5092 1267 5173 triplicemssconsummato
1287 5119 1342 5156 non
1362 5099 1456 5155 differt
1473 5106 1505 5155 ut
1530 5101 1724 5171 imperfectum
1744 5120 1763 5158 a
1781 5106 1905 5176 perfecto,

215 5192 296 5245 babet
328 5190 573 5260 siqnificationem.
624 5190 724 5243 Primo
751 5190 892 5257 sipnisicot
928 5193 1051 5257 qratiam
1079 5191 1144 5262 quia
1164 5188 1296 5259 conjugio
1313 5192 1374 5241 rato
1389 5185 1458 5240 nihil
1477 5186 1629 5258 quidquam
1647 5187 1758 5255 deficit,
1782 5191 1906 5262 quodsi

215 5278 381 5333 invisibilem
409 5277 465 5331 sive
483 5276 705 5346 conjunctionem
726 5275 833 5329 Christi
850 5293 912 5328 cum
940 5278 1051 5342 onima;
1080 5276 1254 5333 essentialem
1274 5273 1397 5344 conjugii
1415 5273 1615 5343 perfectionem
1633 5275 1795 5345 requiritur,
1812 5280 1906 5333 adsunt

215 5366 337 5419 secundo
369 5364 592 5433 conjunctionem
621 5360 730 5415 Christi
759 5380 820 5416 cnm
850 5362 968 5416 ecclesia
998 5382 1052 5433 per
1079 5363 1151 5418 enim
1180 5378 1274 5416 omnes
1303 5376 1418 5427 causae,
1444 5375 1477 5413 ex
1495 5359 1596 5431 quibus
1614 5361 1770 5418 essentialis
1795 5365 1836 5420 rei
1856 5381 1907 5437 per·

216 5452 377 5513 caritatem;
408 5450 491 5503 tertio
529 5449 752 5519 conjunctionem
785 5448 893 5503 Christi
920 5466 981 5502 cum
1010 5468 1051 5504 ec·
1078 5450 1161 5505 festio
1191 5447 1337 5518 dependet.
1386 5447 1463 5500 Inter
1489 5447 1604 5500 Mariam
1634 5454 1662 5503 et
1680 5448 1838 5521 Jcsepbum
1863 5451 1908 5506 luit

216 5537 304 5593 etesia
317 5554 372 5608 per
388 5542 507 5590 naturae
527 5536 766 5604 conformitatem,
786 5552 819 5589 ca
837 5534 936 5602 quitus
953 5538 1050 5590 matri·
1078 5554 1172 5591 verum
1206 5541 1234 5589 et
1270 5533 1423 5605 perlectum
1452 5533 1613 5603 conjugium
1644 5540 1717 5590 teste
1754 5538 1907 5611 Augustino
