4020 6022
816 324 1088 413 nnoououero.
1732 360 1792 422 aar

94 506 199 562 festum
228 509 335 577 evadit,
368 525 402 565 ea
427 525 499 580 quae
527 508 561 565 de
583 508 737 565 desertione
764 508 884 563 infidelis
902 508 931 562 in
945 511 949 545 ι’
962 514 1101 577 potestas,
1134 514 1282 581 antequam
1314 510 1484 567 desertorem
1513 511 1549 565 ad
1583 511 1705 567 munda
1729 516 1796 567 rota

94 599 174 647 textu
202 594 356 666 apostolico
384 595 527 659 dicuntur,
558 595 595 650 ad
612 595 737 666 quamvis
763 595 929 650 malitiosam
945 590 1103 651 ‘transiisse
1127 601 1280 662 constaret,
1309 597 1369 652 sine
1398 597 1483 667 culpa
1501 614 1552 651 sna
1568 596 1710 669 conjugali
1729 596 1794 652 sub·

95 678 297 745 desertionem,
328 681 433 753 quippe
465 697 499 736 ex
525 698 582 753 qne
605 682 721 754 aequale
747 682 878 737 damnum
905 687 933 736 et
960 680 1031 736 sidio
1060 682 1193 737 destituta
1228 688 1256 739 et
1283 682 1400 737 ustionis
1426 683 1548 739 remedio
1575 682 1684 754 private
1709 681 1795 737 iorni·

96 765 215 837 aequale
233 766 387 837 periculum
406 767 442 822 ad
464 767 601 823 deserum
620 768 699 836 redit,
729 730 1079 823 accommodari'cationis
1110 767 1233 839 periculo
1264 767 1411 824 manifesto
1442 769 1639 840 subjiceretur,
1670 768 1794 841 adeoque

96 866 187 921 posse.
236 850 313 917 Quae
331 854 360 908 in
380 855 547 909 contrarium
565 855 601 910 ab
620 855 681 909 aliis
700 854 870 923 afferuntur,
898 871 947 930 exi
963 853 1072 910 aheneo
1090 854 1276 926 improbitatis
1292 856 1364 927 jugo
1382 856 1580 927 captivaretur,
1598 856 1663 910 dum
1684 854 1794 910 interim

95 1023 202 1095 duplici
214 1024 403 1096 fundamento,
427 1033 449 1083 1.
467 1028 665 1098 quodPoulue
678 1031 930 1099 loquoturtcstum
957 1032 1036 1096 geret
1065 1033 1093 1082 et
1124 1044 1158 1082 ex
1189 1034 1304 1097 peccato
1335 1045 1385 1083 suo
1414 1028 1606 1100 impunitatem
1629 1028 1792 1083 lucraretur.

95 1112 132 1164 de
170 1113 335 1184 conjugibus
365 1116 533 1183 imparibus,
569 1115 619 1171 ubi
654 1131 772 1185 persone
801 1130 857 1170 uua
888 1118 931 1169 est
956 1112 1021 1171 Vid.
1041 1112 1181 1169 liutherus
1212 1121 1276 1170 tom.
1297 1122 1320 1170 5.
1351 1115 1415 1171 den.
1442 1114 1573 1172 German.
1603 1115 1633 1169 in
1661 1112 1723 1170 libr.
1742 1115 1792 1184 ,de

96 1196 203 1264 fidelis,
224 1198 313 1254 altera
330 1199 466 1268 infidelis,
485 1207 510 1257 2.
538 1202 613 1272 qnod
631 1202 727 1257 causis
744 1201 928 1256 divortiorum
956 1216 1032 1257 caua.
1059 1202 1214 1258 matrimon.
1241 1201 1289 1257 iol.
1317 1207 1376 1259 256.
1396 1201 1424 1257 b.
1454 1202 1502 1257 ubi
1520 1200 1689 1259 mahtiosnm
1717 1202 1790 1272 ejus·

95 1301 114 1337 ο
134 1285 248 1340 Christo
266 1293 293 1340 et
312 1288 441 1356 apostolo
459 1291 600 1358 expressis
618 1308 674 1344 noa
691 1290 729 1343 rit
746 1288 860 1358 aliquid
877 1291 928 1342 od·
958 1288 1032 1344 modi
1052 1288 1219 1344 desertorem
1236 1288 1370 1361 graphice
1386 1289 1520 1361 depingit.

96 1372 233 1440 dandum,
256 1389 319 1427 cnm
337 1373 441 1443 odiosa,
460 1374 532 1431 inter
549 1392 621 1447 quae
639 1383 682 1432 est
700 1376 858 1446 dironium,
874 1392 930 1430 non
992 1380 1051 1434 626.
1099 1375 1227 1443 Ceterum
1266 1394 1321 1432 non
1353 1376 1466 1447 quaeris
1493 1376 1627 1433 discessio
1665 1377 1710 1431 rel
1741 1376 1790 1430 ab·

95 1459 132 1513 sit
148 1458 315 1530 amplianda,
333 1461 383 1515 sed
394 1462 594 1532 restringenda,
613 1480 669 1534 que
686 1464 721 1518 de
739 1479 770 1519 re
789 1463 857 1536 quid
868 1479 929 1519 sen·
956 1463 1048 1516 rende
1065 1479 1115 1533 pro
1143 1462 1298 1519 desertione
1316 1462 1446 1519 habenda
1465 1468 1520 1533 est,
1549 1462 1599 1519 sed
1618 1462 1789 1534 distinguen-

94 1545 220 1600 tiendum
238 1547 282 1611 sit,
301 1563 335 1602 ex
352 1552 435 1603 antm
453 1548 535 1603 dictis
552 1547 700 1603 obscurum
719 1565 780 1604 esse
797 1550 902 1621 nequit.
957 1549 1023 1603 dum
1042 1550 1114 1605 inter
1133 1550 1288 1604 absentiam
1304 1549 1506 1617 necmsaricm,
1531 1549 1726 1619 prohabilem,
1743 1566 1790 1603 ec·

41 1626 69 1719 ᾗ
131 1636 191 1688 625.
225 1633 522 1705 Explicandumporro
541 1640 565 1690 2.
584 1635 772 1706 quidnomine
784 1638 930 1710 χωρισμοῦ
956 1636 1065 1691 molera
1084 1641 1184 1691 etc.·et
1200 1636 1273 1691 inter
1291 1637 1445 1691 ceremiam
1467 1637 1662 1699 temerariam,
1693 1636 1790 1691 noima·

41 1744 57 1765 s
98 1718 156 1774 sive
184 1718 366 1775 discrecionis
392 1721 421 1775 in
438 1726 517 1776 textu
543 1722 694 1792 apostolico
718 1722 929 1793 intelligendum
958 1723 1072 1791 terium,
1097 1723 1269 1777 malitiosam
1292 1730 1345 1782 etc.
1362 1723 1387 1777 is
1411 1722 1484 1778 enim
1509 1723 1619 1778 demum
1636 1724 1791 1779 censendus

41 1791 58 1823 ¹
98 1805 154 1861 sit?
192 1805 312 1871 Quidam
330 1808 453 1879 speciose
472 1808 623 1878 disputant,
642 1809 837 1865 discessionem
854 1809 929 1864 illam
958 1816 1001 1864 est
1031 1810 1169 1876 desertor,
1201 1810 1249 1882 qui
1282 1809 1374 1864 animo
1404 1808 1554 1878 malitioso,
1583 1826 1639 1864 non
1668 1810 1745 1880 justa
1762 1814 1791 1865 et

41 1896 65 1977 ζ·
99 1892 140 1947 sic
160 1892 353 1965 explicandam
371 1911 440 1958 esse,
459 1900 492 1949 ut
508 1910 598 1951 norae
617 1896 775 1951 desertricis
794 1913 930 1967 personae
957 1895 1074 1951 honeste
1098 1896 1192 1966 eliqua
1217 1912 1303 1950 cause
1328 1896 1473 1964 inductus,
1503 1895 1552 1952 sed
1577 1895 1622 1951 vel
1647 1895 1790 1967 religionis

41 2000 59 2031 r-
97 1980 212 2051 nuptiae
232 1980 417 2050 includantur,
443 1997 496 2035 nec
513 1982 591 2053 prius
619 1982 777 2037 discessisse
796 1982 930 2037 alterutra
956 1981 1034 2051 odio,
1061 1982 1106 2038 rel
1123 1981 1247 2051 levitate,
1279 1983 1324 2037 rel
1342 1982 1514 2053 impatientia
1532 1982 1603 2037 freni
1623 1982 1788 2054 conjugalis,

97 2083 162 2137 pars
193 2066 311 2139 intelligi
341 2067 442 2137 possit,
477 2067 530 2122 nisi
560 2067 596 2121 od
622 2067 698 2123 aliud
725 2069 929 2124 matrimonium
957 2068 1001 2123 rel
1018 2067 1081 2122 eliis
1107 2068 1198 2123 musis
1217 2086 1273 2123 non
1289 2068 1452 2125 necessariis
1473 2068 1609 2140 impulsus
1632 2086 1651 2124 a
1668 2069 1789 2140 conjuge

96 2153 246 2210 nensierit.
286 2153 380 2210 Alber.
398 2154 518 2210 Gentilis
535 2153 598 2209 libr.
617 2161 642 2211 6.
661 2156 697 2211 de
715 2163 792 2226 nupt.
812 2172 872 2227 cap.
888 2162 927 2211 11.
957 2154 1090 2222 discedit,
1120 2170 1172 2209 nec
1202 2154 1318 2225 privetis
1343 2154 1577 2211 admonitionibus
1607 2155 1652 2211 rel
1669 2153 1790 2224 publicis

41 2237 84 2282 Ν
97 2256 178 2311 quem
209 2239 258 2295 elii
281 2240 376 2312 plures
400 2247 562 2312 sequnntur.
610 2243 786 2313 Argumenta
817 2242 929 2297 illorum
956 2239 1134 2295 citationibus
1164 2257 1224 2296 sese
1254 2240 1378 2297 revocari
1412 2241 1529 2312 petitur,
1564 2241 1613 2296 sed
1633 2239 1699 2296 hinc
1725 2238 1791 2294 inde

96 2326 219 2381 adducta
248 2332 315 2381 sunt
342 2327 468 2397 superius
495 2325 524 2401 5.
552 2333 613 2384 606.
639 2345 711 2399 quae
737 2328 831 2384 omnia
858 2329 929 2384 illud
955 2333 1082 2396 regatur,
1100 2334 1150 2383 aut
1167 2327 1251 2399 plane
1268 2328 1297 2383 in
1315 2329 1384 2383 alies
1402 2329 1530 2400 regiones
1547 2346 1581 2384 ac
1600 2329 1661 2384 loca
1677 2328 1788 2400 longius

96 2413 233 2469 duntaxat
248 2413 376 2485 probant,
396 2414 470 2484 quod
489 2415 595 2485 species
608 2418 756 2489 χωριομοῦ
774 2432 808 2471 ac
826 2415 930 2470 disces-
957 2413 1053 2469 dissita
1080 2413 1279 2485 proficiscitur,
1310 2421 1342 2470 ut
1368 2415 1446 2471 nulla
1473 2431 1537 2485 spes
1561 2414 1667 2470 reditus
1695 2431 1728 2469 ac
1747 2432 1789 2470 re·

95 2499 183 2554 sionis
199 2500 251 2570 sit,
282 2500 305 2553 si
327 2500 461 2556 alteruter
485 2502 586 2572 conjnx
605 2502 716 2556 vivente
743 2508 824 2574 parte
842 2502 931 2558 altere
956 2500 1158 2578 conciliationis
1188 2500 1306 2572 amplius
1335 2501 1463 2573 supersit
1523 2508 1546 2557 1.
1563 2500 1710 2573 Colligitur
1736 2500 1789 2558 hoc

94 2588 167 2642 cine
184 2586 315 2643 adulterii
339 2605 433 2643 cesum
450 2587 487 2642 ab
510 2606 545 2644 ea
563 2606 624 2644 sese
641 2590 771 2661 sejungat
799 2597 827 2646 et
844 2606 929 2644 nores
955 2605 988 2642 er
1012 2596 1087 2642 tortu
1109 2589 1273 2657 apostolico,
1305 2607 1331 2644 r.
1353 2593 1393 2644 12.
1409 2588 1525 2644 dicitur:
1555 2588 1591 2643 Si
1616 2589 1678 2657 quis
1693 2590 1789 2653 frater

95 2673 208 2745 nuptias
234 2673 392 2743 contrahat,
423 2674 498 2746 quod
516 2673 635 2731 libenter
659 2676 851 2740 concedimus,
880 2673 928 2729 sed
955 2676 1037 2730 tebet
1063 2691 1179 2729 uxorem
1205 2675 1346 2741 infidelem
1375 2682 1402 2729 ct
1430 2676 1500 2729 boec
1516 2677 1693 2744 συνευδοκεῖ,
1725 2692 1788 2730 oon·

94 2759 240 2825 addimus,
273 2761 357 2816 etiam
385 2760 438 2816 hec
466 2761 642 2817 discessionis
670 2763 791 2834 speciem
818 2779 878 2818 esse
895 2778 928 2816 ac
954 2763 1042 2830 rentd,
1060 2761 1188 2816 habitere
1206 2779 1269 2815 eum
1285 2762 1347 2831 iilo,
1366 2779 1422 2816 non
1439 2763 1563 2817 dimittet
1582 2762 1682 2829 illam,·
1700 2780 1725 2819 r.
1746 2768 1787 2818 13.

94 2846 206 2903 nomine
219 2849 368 2921 χωρισμοῦ
388 2847 608 2919 intelligendum,
638 2850 662 2904 si
679 2849 813 2905 alteruter
829 2850 929 2920 conjux
954 2851 983 2903 ri
998 2866 1055 2919 quo
1073 2850 1175 2903 mulier
1191 2850 1272 2902 tedet
1288 2848 1379 2903 uirum
1396 2849 1553 2914 infidelem,
1583 2856 1608 2903 et
1631 2849 1676 2903 tic
1693 2867 1788 2905 συνεο-

95 2939 204 3003 portem
221 2934 338 2989 alteram
357 2932 496 2990 malitiose
514 2934 631 3000 deserat,
651 2936 680 2990 in
697 2935 845 3009 peregrina
867 2936 930 2991 loca
956 2936 1048 2999 desei,
1078 2935 1225 3004 comentit,
1254 2935 1384 2989 habiture
1407 2952 1468 2988 cum
1490 2935 1559 3003 dio,
1590 2951 1647 2988 non
1665 2935 1789 2989 dimittat

96 3024 201 3075 temere
226 3024 256 3075 et
284 3020 342 3074 sine
360 3020 505 3076 vocatione
522 3021 726 3093 proficiscatur,
757 3038 809 3077 nec
835 3021 929 3078 literas
955 3024 1053 3080 virum.
1079 3041 1106 3079 r.
1126 3029 1166 3079 15.
1205 3022 1258 3077 Sin
1276 3038 1342 3077 oero
1360 3022 1485 3089 infidelis
1503 3022 1633 3086 discedit,
1650 3022 1787 3077 dieesdm.

1802 1360 1891 1415 Duplex

1802 1414 1925 1461 discessio.

95 3122 149 3162 nec
168 3106 295 3161 nuntium
324 3106 449 3162 desertae
466 3124 602 3179 personae
619 3110 721 3175 mittat,
741 3126 849 3165 omnem
868 3110 929 3179 ejus
955 3110 1010 3165 Hic
1049 3126 1082 3165 ex
1118 3109 1181 3181 ipsa
1209 3108 1383 3180 oppositione
1413 3107 1592 3180 intelligitur,
1630 3106 1699 3179 quid
1737 3125 1787 3179 per

94 3210 192 3249 curam
222 3194 333 3265 penitus
365 3194 483 3265 abjiciet
513 3202 542 3250 et
571 3212 604 3250 ex
632 3196 726 3251 taedio
752 3205 836 3268 etque
865 3194 928 3250 odio
950 3196 1098 3271 χωρισμόν
1125 3197 1184 3252 sire
1212 3195 1407 3251 discessionem
1437 3194 1649 3267 intelligendum
1684 3195 1785 3263 veniat,
1798 3201 1853 3247 m
1864 3200 1912 3245 tti-

94 3279 224 3351 conjugis
243 3280 443 3336 matrimoniale
460 3282 610 3348 duculum,
631 3282 812 3354 quantumin
829 3299 859 3338 se
878 3287 928 3352 est,
954 3283 1083 3339 videlicet
1115 3282 1139 3336 si
1169 3280 1289 3338 infidelis
1316 3280 1386 3336 nolit
1417 3279 1592 3351 cohabitare,
1619 3281 1669 3337 sed
1694 3281 1786 3337 animo

94 3366 251 3422 desertione
278 3384 329 3423 sua
356 3367 461 3424 nefarie
481 3368 605 3434 dirimat,
637 3370 745 3426 etiamsi
770 3369 862 3424 adhuc
887 3368 927 3422 iu-
954 3370 1091 3425 malitioso
1120 3368 1267 3439 conjugem
1295 3367 1412 3423 deserat
1466 3366 1536 3423 Item
1567 3387 1594 3427 r.
1630 3374 1660 3424 5:
1690 3368 1788 3423 Nolite

93 3458 201 3508 certum
219 3454 269 3524 sit,
297 3471 333 3508 en
351 3453 389 3510 ad
408 3455 477 3509 ahos
494 3455 635 3510 transierit
651 3455 779 3527 nuptias,
806 3472 842 3511 an
862 3469 927 3510 vero
952 3458 1095 3522 fraudere
1126 3472 1175 3509 voe
1203 3454 1319 3508 inuicem
1347 3454 1405 3507 nisi
1427 3457 1508 3523 sorte
1535 3472 1568 3508 ec
1597 3472 1731 3509 consensu
1747 3457 1788 3509 ad

93 3540 131 3596 ab
156 3539 211 3595 illis
230 3540 321 3596 adhuc
340 3540 486 3598 abstineat.
534 3540 701 3596 Rationibus
725 3541 754 3597 id
778 3542 927 3612 probamus
954 3551 1069 3613 tempus.
1117 3541 1193 3612 Ergo
1215 3557 1234 3595 a
1252 3540 1390 3596 contrario
1406 3557 1502 3606 sensu,
1534 3541 1559 3596 si
1583 3542 1697 3596 maritus
1723 3558 1787 3597 cum

94 3627 245 3698 ejusmodi:
290 3631 315 3681 1.
353 3643 387 3681 en
427 3627 549 3697 proprio
584 3627 661 3681 oecis
697 3630 903 3697 significatione
915 3650 927 3696 ,·
954 3630 1048 3685 uxoris
1064 3645 1201 3684 consensu
1218 3627 1254 3682 ad
1272 3632 1382 3698 tempus
1400 3627 1533 3697 discedit,
1563 3646 1613 3698 pro
1631 3628 1787 3683 desertione

89 3718 219 3789 χωρίζειν
247 3713 276 3767 in
303 3713 425 3785 genuim
454 3729 488 3768 ac
513 3713 627 3785 propria
645 3712 848 3785 significatione
872 3733 927 3771 non
955 3715 1093 3772 malitiosa
1118 3730 1293 3785 nequaquam
1318 3714 1347 3768 id
1365 3712 1417 3768 erit
1435 3712 1602 3770 habendum.
1651 3719 1675 3769 2.
1701 3714 1787 3771 Utin
1823 3784 1827 3791 Ι

93 3806 138 3855 est
158 3816 260 3855 norum
280 3799 482 3854 matrimonium
498 3799 677 3865 contrahere,
708 3801 758 3855 sed
785 3802 927 3858 discedere
956 3802 1071 3875 reliquis
1098 3799 1269 3869 actionibus,
1301 3799 1342 3854 ita
1373 3816 1484 3872 queque
1513 3801 1542 3855 in
1572 3800 1739 3857 discessione
1759 3807 1788 3856 et

93 3887 124 3941 in
156 3887 240 3943 aliam
264 3886 361 3961 χώραν
390 3889 449 3943 sire
477 3887 619 3956 regionem
655 3892 684 3943 et
714 3886 806 3943 locum
833 3888 928 3960 ahum,
956 3890 1082 3945 absentia
1098 3887 1205 3944 animus
1224 3887 1383 3958 cumprimis
1401 3887 1591 3958 respiciendus
1614 3894 1666 3944 est.
1712 3888 1786 3958 Ergo

93 3975 189 4030 Actor.
219 3979 248 4039 1,
278 3992 305 4034 v.
322 3981 346 4030 1.
371 3992 393 4028 ο.
415 3980 453 4031 18.
473 3992 498 4027 v.
520 3982 543 4031 1.
563 3980 615 4030 eto.
653 3980 677 4032 2.
705 3975 754 4029 Er
769 3976 928 4046 apostoliea
956 3978 1005 4050 qui
1035 3976 1120 4032 officii
1147 3975 1254 4030 ratione
1280 3974 1360 4030 abed
1376 3981 1460 4046 atque
1485 3975 1607 4029 animum
1632 3974 1786 4030 revertendi

94 4062 181 4130 hujus
210 4061 342 4115 edentuli
366 4060 559 4129 ommatium.
594 4078 622 4117 v.
653 4066 693 4117 11.
721 4061 810 4132 ipsius
829 4061 928 4133 cepitis
954 4063 1052 4133 habet,
1066 4079 1117 4135 pro
1137 4063 1277 4117 desertore
1294 4061 1391 4116 haberi
1409 4061 1518 4132 nequit,
1546 4061 1600 4117 nisi
1619 4062 1786 4118 voluntatem

93 4148 188 4221 inquit
204 4148 358 4219 apostolos:
378 4147 415 4203 er·
430 4146 533 4202 mutim
548 4165 568 4201 o
587 4149 649 4201 siro
664 4150 801 4227 χωρισθῇ,
825 4151 927 4204 driem-
956 4168 1024 4223 erge
1041 4150 1189 4221 conjugem
1207 4147 1355 4203 mutaverit
1375 4153 1403 4203 et
1421 4147 1505 4203 iidem
1523 4147 1618 4203 datam
1634 4146 1785 4203 violaverit.

91 4237 172 4301 serit,
192 4243 304 4289 manent
323 4234 443 4305 innupto
460 4234 584 4289 autoire
605 4236 811 4293 reconcilietur.
852 4236 927 4309 Ergo
955 4238 1093 4296 Voluntas
1110 4236 1233 4292 actiones
1247 4234 1395 4306 distinguit
1412 4241 1553 4290 etcausac
1569 4234 1678 4291 iaciunt
1695 4252 1786 4290 rerum

93 4322 227 4394 intelligit
251 4322 336 4377 talem
361 4320 521 4395 χωρισμόν,
551 4321 599 4393 qui
617 4323 739 4378 nondum
764 4325 926 4395 conjunctus
956 4324 1123 4380 discrimina
1173 4328 1196 4379 3.
1235 4322 1313 4377 Idem
1351 4320 1484 4376 statuitur
1514 4321 1543 4376 in
1569 4322 1633 4392 jure
1664 4321 1747 4376 cirili.
1767 4322 1785 4377 l.

94 4416 139 4465 est
156 4426 218 4464 oum
237 4424 309 4464 noro
326 4408 514 4474 matrimonio,
546 4408 608 4480 quis
627 4410 701 4465 enim
725 4410 798 4467 foret
820 4427 928 4481 sensus,
956 4410 1110 4466 Diuortium
1130 4415 1155 4467 3.
1175 4408 1206 4464 ff.
1227 4408 1262 4464 de
1282 4408 1395 4463 divort:
1415 4408 1579 4462 Divertiuin
1596 4426 1652 4462 noo
1670 4416 1712 4463 est
1729 4410 1787 4461 oiri

92 4497 118 4552 si
137 4495 236 4551 mulier
253 4494 409 4551 discesserit
425 4500 453 4551 et
471 4493 556 4549 alium
575 4496 665 4551 virum
678 4496 794 4567 duxerit,
814 4505 925 4554 maneat
953 4516 1058 4568 omum,
1075 4499 1152 4568 quod
1170 4497 1265 4550 animo
1279 4502 1446 4566 perpetuom
1465 4494 1654 4548 conuenerat
1678 4494 1784 4548 derm-

92 4582 232 4654 innupta?
280 4585 308 4638 3.
343 4584 390 4637 En
427 4582 645 4652 comparatione.
702 4583 767 4640 Sive
803 4585 927 4640 desertor
952 4588 1057 4640 cionem
1079 4586 1124 4653 fit,
1157 4585 1253 4653 itaque
1278 4583 1419 4652 quidquid
1441 4582 1471 4636 in
1498 4582 1594 4636 calore
1619 4581 1786 4636 iracundiae

92 4686 197 4726 norum
228 4668 433 4724 matrimonium
456 4668 545 4737 ineat,
574 4669 633 4724 sire
656 4669 693 4725 ab
722 4686 756 4726 eo
779 4670 926 4742 abstineat,
953 4671 997 4727 oei
1014 4673 1062 4737 fit,
1080 4670 1126 4724 oet
1145 4671 1262 4738 dieitur,
1281 4686 1337 4723 non
1351 4667 1436 4737 prius
1454 4675 1566 4721 comum
1583 4673 1640 4735 est,
1658 4684 1743 4736 quom
1760 4669 1787 4721 si

91 4763 187 4813 tumen
207 4772 259 4828 per
276 4755 441 4811 malitiosam
458 4755 536 4811 illam
557 4755 739 4813 desertionem
756 4756 839 4814 fidem
860 4775 923 4813 con·
952 4776 986 4813 se
999 4757 1215 4829 perseuerantia
1235 4756 1386 4826 apparuit,
1410 4754 1554 4825 judicium
1571 4753 1661 4807 enimi
1686 4754 1785 4820 forins,

89 4843 219 4913 jugalem
237 4842 335 4911 violat,
367 4842 505 4898 desertam
524 4842 551 4896 in
570 4842 724 4914 periculum
737 4844 926 4901 fornicationis
953 4847 1072 4914 ideoque
1096 4859 1152 4913 per
1180 4843 1304 4897 colorem
1329 4841 1414 4895 mirso
1432 4841 1567 4911 repudio,
1595 4839 1623 4893 ai
1645 4839 1723 4894 brem
1739 4857 1786 4893 re-

93 4930 222 5001 conjicit,
254 4947 366 4985 suorum
389 4947 454 4986 vero
473 4930 686 4986 domesticorum
713 4948 808 4986 curam
830 4932 928 5003 abjicit
952 4949 1035 4988 serso
1060 4948 1132 4984 emor
1159 4937 1214 4994 eet,
1241 4945 1291 4982 nec
1315 4927 1465 4981 divertisse
1487 4927 1606 4985 uidetur.
1643 4925 1660 4980 l.
1690 4925 1785 4981 Matri·

91 5032 127 5070 ac
144 5016 308 5088 plerumque
332 5032 420 5087 regas
437 5016 565 5072 libidines
583 5023 713 5073 sectatur.
751 5018 845 5073 Minus
864 5036 925 5091 gra-
954 5019 1083 5075 monium.
1103 5023 1126 5075 1.
1139 5016 1170 5072 C.
1182 5016 1217 5071 de
1228 5013 1340 5086 repud:
1359 5013 1577 5068 Matrimonium
1589 5014 1785 5086 deportatione

90 5102 165 5158 riter
183 5102 295 5174 quidem
311 5108 411 5174 peccat
428 5104 567 5172 desertor,
585 5102 609 5157 si
629 5119 735 5159 aneso
751 5106 926 5161 matrimonio
952 5106 996 5160 oet
1022 5120 1112 5175 oquae
1136 5111 1162 5157 et
1186 5101 1262 5173 ignis
1284 5101 1483 5155 interdictione
1511 5118 1569 5155 non
1597 5100 1730 5170 solvitur,
1759 5099 1787 5153 ri

90 5187 249 5259 abstineat,
273 5205 358 5261 quam
385 5189 409 5243 si
427 5189 464 5244 ad
480 5189 551 5244 illud
568 5190 709 5259 convolet,
738 5192 787 5247 sed
811 5209 862 5264 per
879 5193 925 5248 de·
953 5211 1053 5257 rmus,
1083 5192 1113 5245 io
1132 5206 1212 5259 ossea
1229 5186 1481 5254 medicatoriae,
1508 5204 1566 5241 non
1584 5195 1670 5242 mutet
1688 5186 1784 5241 urunt

91 5276 240 5332 sartionem
271 5276 387 5348 aequale
419 5277 550 5331 damnum
581 5284 609 5332 et
631 5277 748 5348 aequale
772 5278 925 5349 periculum
952 5277 1133 5349 affectionem.
1175 5274 1245 5330 Inde
1268 5273 1323 5329 Dd.
1340 5274 1411 5344 juris
1434 5272 1522 5329 civilis
1542 5269 1570 5348 5.
1597 5290 1700 5329 marsos.
1736 5272 1783 5326 ln·

89 5362 218 5417 decedas
235 5362 392 5431 attrahitur,
410 5362 468 5416 sire
485 5379 549 5417 cum
566 5379 638 5418 noro
656 5363 803 5420 desertoris
832 5365 925 5420 matri-
952 5364 1007 5420 stit.
1033 5364 1069 5418 de
1093 5362 1193 5418 action.
1216 5360 1393 5431 distinguunt
1415 5358 1487 5414 inter
1513 5360 1667 5415 damiam
1692 5375 1783 5412 necm-

88 5448 183 5504 monio
215 5463 249 5502 ea
271 5448 308 5503 sit
330 5448 493 5519 conjoncta,
521 5448 580 5504 sire
605 5449 755 5506 abeodem
773 5450 865 5506 adhuc
884 5469 925 5509 se·
951 5452 1061 5507 ramam
1090 5467 1140 5504 seu
1159 5449 1337 5519 prodatilsm
1360 5454 1389 5503 et
1413 5447 1613 5504 colomarium.
1659 5445 1782 5501 Priorem

84 5537 196 5609 juncta.
246 5540 272 5591 t.
289 5538 337 5591 Er
363 5539 485 5591 absurdi
499 5541 698 5597 consecutione.
746 5537 777 5596 si
794 5539 925 5597 'desertae
951 5538 1133 5594 subdividunt
1149 5536 1180 5591 in
1197 5540 1318 5607 quotuor
1335 5533 1459 5605 spmies:
1488 5532 1556 5589 atis
1577 5533 1650 5588 euim
1675 5538 1718 5587 est
1737 5550 1784 5587 ne-

87 5639 226 5696 personae
255 5640 313 5679 non
342 5624 419 5695 prius
447 5625 541 5681 denda
569 5632 642 5682 esset
664 5626 729 5681 nori
758 5627 924 5683 mamhuonii
949 5627 1077 5683 comario
1100 5624 1185 5680 simut
1209 5630 1235 5677 et
1257 5621 1432 5693 probabitis,
1461 5628 1494 5676 ut
1512 5619 1624 5693 quaudo
1651 5619 1714 5691 quis
1732 5618 1783 5675 rei·
