4020 6022
923 215 975 274 DE
991 213 1190 275 consueto,
1840 224 1898 283 tlt

210 368 285 425 modi
303 368 441 441 flagitium
458 370 663 442 permittentem
680 386 775 429 severe
794 369 954 443 cutigamt,
970 370 995 426 si
1013 370 1042 425 in
1070 389 1097 428 r.
1118 378 1156 429 lt.
1179 374 1232 427 hoc
1258 376 1301 427 est
1330 388 1395 429 cum
1420 372 1534 445 plurimi
1560 390 1594 429 ex
1623 368 1775 445 gentilibus
1803 374 1901 427 eonha

210 453 281 510 vivis
299 455 391 511 adhuc
409 462 550 528 supermae
564 456 669 514 hunt
1070 458 1163 515 lumen
1187 464 1304 515 natiuae
1327 459 1421 515 adhuc
1444 460 1582 531 reliquum
1607 464 1706 529 agant,
1734 456 1798 513 ideo
1816 456 1900 513 etiam

76 542 97 635 ἶ·
116 544 154 583 nn
247 546 307 597 toi.
344 544 366 599 7.
386 544 434 597 Ec
456 544 548 613 kpum
571 544 670 599 tamem
697 544 728 596 in
746 542 879 596 cordibus
898 542 1044 612 gentilium
1069 546 1248 617 magistratus
1271 545 1399 617 politicus
1424 546 1513 617 ipsam
1537 545 1628 616 legem
1654 552 1770 600 naturae
1789 543 1901 614 saepias

78 605 162 688 11111,
212 628 405 698 insunuans.
461 629 504 685 aa
536 645 608 701 quse
636 630 680 685 101
712 632 829 683 minae
861 627 891 681 u
923 629 1044 683 omnum
1069 632 1179 702 repetit.
1235 631 1353 688 aarum
1385 633 1505 687 nummu
1538 632 1600 702 lege
1636 629 1805 703 prohibimm
1839 645 1900 685 ene

78 701 171 791 {35:3³²
212 731 341 770 sanorum
363 715 507 785 cordibus,
539 734 657 788 quorum
685 731 763 770 mens
787 730 843 769 non
870 721 912 769 eet
930 732 1042 786 prorsus
1070 723 1180 772 constat
1203 718 1222 774 l.
1252 724 1275 774 1.
1298 716 1326 793 ξ.
1351 724 1375 775 3.
1406 717 1547 774 deiurtis.
1568 717 1587 771 l.
1606 716 1736 787 probrum
1756 714 1846 773 1111.
1865 716 1901 771 da

79 798 200 882 'errulum
212 801 343 872 reproba,
373 802 510 874 inscripta
539 818 600 859 esse
629 798 767 870 ostendit,
792 818 847 856 non
875 807 940 855 sunt
969 818 1043 857 ccre-
1070 802 1106 859 V.
1126 802 1155 859 S.
1176 808 1315 860 ettamen
1332 804 1366 859 de
1385 820 1417 860 eo
1434 810 1543 859 eruam
1560 803 1638 875 leges
1662 802 1811 874 positivae,
1837 814 1901 873 pra·

78 854 171 955 iiiiii
212 886 341 956 monalia,
358 888 407 944 sed
426 888 559 958 moralia,
585 887 664 947 Rom.
682 894 713 955 2,
741 904 767 941 v.
789 893 836 944 u:
872 889 949 956 Opus
974 888 1045 957 lepis
1070 894 1167 958 pterea
1184 890 1258 961 quod
1275 890 1351 960 apud
1368 890 1470 945 multos
1481 890 1556 945 furta
1569 906 1624 945 non
1640 888 1729 945 solum
1740 887 1901 957 tolerentur,

77 966 347 1049 §21:,P'0'ecriptum
377 975 406 1027 in
444 975 577 1029 cordibae
611 990 722 1043 comm,
760 973 810 1029 sed
845 972 1045 1043 prohibitiones
1072 975 1121 1031 sed
1155 974 1239 1031 etiam
1270 976 1294 1030 si
1327 974 1477 1031 ardiiciosa
1493 982 1571 1045 sunt,
1600 975 1839 1037 commendentur,
1868 978 1902 1029 ut

211 1060 350 1131 graduum
379 1061 408 1115 in
443 1062 564 1117 omnium
594 1077 723 1117 sanorum
749 1058 893 1127 cordibus,
928 1076 1045 1131 quorum
1071 1066 1148 1133 patet
1169 1080 1201 1117 er
1221 1062 1344 1133 Lycurgi
1365 1061 1483 1133 legibus.
1518 1062 1565 1117 Sic
1577 1050 1749 1132 promiscuae
1761 1059 1901 1127 libidines,

212 1163 289 1201 mens
319 1163 376 1202 non
408 1154 451 1203 est
480 1164 592 1219 prorsus
622 1147 758 1220 reprobe,
797 1153 862 1202 sunt
890 1146 1044 1217 inscriptae
1071 1152 1176 1218 raptus,
1194 1148 1333 1204 adulteria
1352 1154 1405 1205 etc.
1424 1155 1552 1219 pugnent
1569 1164 1631 1203 cum
1646 1149 1710 1217 jure
1727 1152 1852 1216 naturae,
1872 1152 1902 1201 et

210 1232 294 1304 Ergo.
329 1232 420 1304 Maj0r
436 1235 588 1306 propositio
604 1251 661 1290 non
680 1240 773 1305 potest
793 1234 890 1305 negari
907 1250 924 1288 a
941 1232 1044 1287 Bellar·
1070 1240 1162 1289 tamur
1182 1234 1217 1289 de
1236 1234 1291 1289 illis
1307 1234 1401 1305 egitur
1412 1234 1514 1306 injure
1530 1234 1614 1293 cirili.
1629 1230 1669 1287 's
1682 1235 1756 1303 Lege
1768 1232 1900 1287 Moesica
1928 1266 1932 1273 ·

211 1319 294 1385 mino,
310 1321 447 1392 cumipse
464 1338 487 1376 c.
507 1326 548 1378 28.
567 1321 698 1393 ecnjngia
719 1320 746 1375 in
765 1320 853 1390 primo
870 1320 961 1391 gradu
979 1336 1043 1375 con·
1071 1321 1231 1391 conjupium
1250 1338 1311 1374 cum
1329 1338 1426 1375 sorore
1448 1320 1546 1375 ueorie
1563 1322 1714 1389 defunctae
1742 1324 1999 1373 concremat-²⁸¹

213 1406 408 1477 sanguinitatis
436 1415 495 1463 tem
519 1408 548 1462 in
575 1408 649 1462 linea
673 1411 766 1475 recta,
796 1422 879 1476 quam
905 1406 936 1462 in
955 1412 1044 1461 hans·
1071 1424 1141 1474 erec,
1171 1406 1244 1461 falsa
1262 1412 1305 1462 eet
1320 1405 1498 1478 hypothesis,
1531 1414 1564 1463 ut
1581 1405 1696 1461 inferius
1721 1404 1900 1473 ostendimus,

209 1510 305 1563 seraa,
331 1500 360 1549 et
384 1494 413 1548 in
439 1494 528 1563 primo
550 1495 641 1566 gradu
671 1492 815 1548 affinitatis
833 1493 862 1547 in
879 1492 952 1548 linea
969 1498 1045 1548 recta
1070 1510 1122 1549 uec
1147 1493 1301 1565 categoriae
1328 1499 1358 1549 et
1379 1499 1583 1560 asseveranter,
1615 1492 1664 1547 sed
1694 1490 1849 1547 dubitative
1867 1494 1898 1545 et

207 1580 272 1649 jure
307 1586 422 1636 naturae
446 1580 595 1635 interdicta
616 1596 677 1635 esse
703 1579 804 1651 probet
834 1595 868 1633 ex
894 1595 941 1649 co,
969 1580 1043 1650 qnod
1070 1580 1238 1636 haesitanter
1256 1579 1387 1637 Breutius
1416 1580 1591 1652 pronuntiat,
1621 1580 1730 1633 uidetur
1757 1578 1814 1632 tale
1832 1594 1901 1631 con-

211 1681 311 1805 :iim
328 1674 424 1806 gantae:
439 1673 500 1806 ιιιιζι
509 1685 529 1721 a
540 1667 688 1764 'conjugiis
704 1666 1046 1806 p‘gecdictiedzaturpliteg
1064 1667 1311 1808 pupiuarpsoeMopsepe
1325 1666 1625 1807 dpermittcre,teaclsi
1653 1664 1697 1719 vel
1698 1664 1831 1806 hpraxinus
1847 1662 1901 1805 1ιιὲιτ

688 1782 691 1786 -
1821 1766 1849 1803 m

210 1768 391 1901 ult'r'imi‘uei'tc
416 1768 637 1893 ὀἰαόαἴὺαΐαῗο
650 1770 856 1907 miramini„
882 1769 1044 1893 Aiaeimtuin
1070 1768 1284 1910 iinpirstoniii,
1311 1770 1465 1893 idmtiiiigii⁸
1478 1768 1675 1894 risistiaeeiiiiiil
1694 1767 1901 1908 priiiinidicaret

213 1922 347 1995 probatur
373 1930 396 1981 1.
423 1940 457 1977 en
484 1925 591 1993 legibus
617 1924 819 1994 imperatorum
845 1933 873 1979 et
897 1925 1043 1994 rescriptis
1070 1925 1236 1994 sententiae,
1262 1925 1422 1997 polygamia
1445 1924 1517 1980 enlm
1537 1925 1602 1995 jure
1630 1940 1758 1980 caesmeo
1776 1930 1819 1978 est
1836 1936 1901 1993 pro·

215 2020 337 2065 nmmum
363 2011 628 2079 jurisconsultorum
644 2011 792 2082 inquibus
817 2011 901 2067 iidem
928 2027 1044 2067 consan-
1069 2010 1172 2076 hibita,
1202 2012 1265 2083 lege
1291 2011 1395 2066 forensi
1413 2010 1537 2064 hloseica
1566 2028 1600 2065 ex
1622 2009 1770 2081 hypothesi
1796 2008 1901 2064 Beller-

159 2114 165 2125 ·
213 2096 357 2168 gmnitatis
370 2126 373 2137 ·
386 2102 415 2152 et
439 2096 584 2152 affinitatis
602 2098 705 2168 gradus
730 2098 926 2169 prohibentur,
947 2097 1041 2168 quiin
1072 2097 1140 2152 mini
1157 2095 1275 2153 ludaeis
1294 2097 1349 2151 fuit
1366 2111 1511 2161 concessa,
1535 2112 1618 2168 quam
1642 2102 1734 2151 tamen
1754 2111 1817 2149 cnm
1837 2110 1900 2149 con·

212 2184 278 2281 lege
296 2182 391 2281 divina
403 2191 469 2238 sunt
479 2182 622 2255 prohibiti,
634 2190 666 2238 ut
678 2183 792 2239 interius
804 2182 1044 2239 demonstrabitur.
1066 2184 1140 2255 jugii
1163 2183 1337 2240 institutione
1364 2182 1505 2281 primaeva
1527 2188 1556 2239 et
1579 2182 1620 2237 sic
1644 2198 1708 2237 cum
1724 2182 1788 2253 lege
1804 2181 1901 2239 morali

211 2268 1044 2426 Zi⁹h⁸i¹¹5¹5iii⁸n¹ii⁰in⁶ii‚wiffam
1069 2269 1605 2413 Ptt'if‘ttttttitn,
1636 2356 1758 2423 ...1.
1784 2354 1933 2425 ...ιιι

213 2450 239 2495 et
256 2457 359 2496 camur
377 2443 557 2509 conueniunt,
583 2460 645 2496 essm
662 2460 718 2497 non
735 2443 825 2513 poerit
842 2443 875 2496 id
892 2442 953 2497 ullo
968 2443 1046 2497 uerbi
1071 2443 1202 2508 Quemvis
1221 2444 1295 2497 enim
1314 2443 1390 2512 apud
1410 2441 1546 2513 quasdam
1565 2447 1662 2513 gentes
1679 2455 1809 2510 perversa
1837 2458 1901 2497 eon·
1914 2409 1999 2510 {iiiior

210 2527 303 2581 diuini
315 2528 474 2581 testimonio
484 2528 623 2597 probari,
637 2530 663 2583 2.
680 2545 737 2581 non
747 2544 841 2581 omnee
852 2529 1044 2583 Romanorum
1070 2529 1187 2585 metndo
1210 2528 1389 2585 contrahendi
1418 2528 1447 2582 iu
1475 2527 1610 2599 gradibus
1640 2526 1786 2598 prohibitis
1816 2528 1901 2583 inole-

210 2614 285 2683 tepse
302 2630 322 2666 a
338 2614 404 2668 Deo
421 2614 513 2679 letires
531 2614 724 2682 confirmatae,
752 2630 816 2667 eum
832 2613 906 2668 inter
922 2630 971 2668 sae
988 2614 1044 2667 sint
1070 2616 1156 2682 verit,
1188 2622 1281 2671 mmeu
1312 2630 1346 2670 ex
1375 2613 1486 2669 illarum
1515 2614 1653 2685 corruptis
1685 2620 1714 2668 et
1743 2614 1902 2686 depravatis

211 2702 351 2769 quaedem
368 2700 508 2769 ieiunae,-
526 2704 553 2756 3.
569 2717 604 2754 ee
619 2701 650 2754 in
663 2701 761 2770 quibua
772 2703 888 2770 Mogses
905 2708 932 2755 ct
944 2717 1044 2755 caesar
1070 2702 1194 2757 moribus
1208 2718 1264 2757 non
1283 2705 1325 2755 est
1336 2700 1475 2771 judicium
1488 2699 1647 2756 iaciendum
1660 2700 1697 2755 de
1709 2700 1771 2771 lege
1785 2706 1901 2757 nautae

211 2788 384 2854 ceumaiunt,
395 2803 454 2841 esse
462 2787 561 2856 potius
575 2786 655 2856 jarria
662 2786 781 2855 positivi
798 2804 882 2855 quum
892 2787 1044 2856 naturalis,
1071 2789 1154 2857 (deut
1170 2787 1393 2857 Harmenopulus
1417 2786 1465 2843 lib.
1486 2793 1509 2843 1.
1535 2803 1559 2842 c.
1582 2792 1604 2842 1.
1633 2804 1695 2849 cum
1711 2786 1760 2857 jus
1778 2786 1902 2857 gentium

210 2891 273 2927 mem
309 2875 355 2928 lae
384 2874 510 2927 caesarie
544 2890 601 2926 non
628 2872 778 2943 prohibeat
795 2873 841 2942 id,
875 2874 953 2942 quod
983 2873 1044 2927 solo
1072 2874 1235 2938 definiisset,
1274 2892 1328 2944 quo
1360 2890 1427 2943 pene
1453 2874 1555 2943 aliquia
1591 2874 1633 2927 sel
1665 2873 1779 2942 aliquae
1811 2880 1905 2944 pentes

210 2960 316 3015 lamine
344 2960 465 3013 rationis
497 2976 592 3013 omnes
617 2967 753 3013 noummt
783 2975 843 3013 esec
862 2959 1043 3029 prohibitum,
1069 2969 1193 3031 utamur,
1211 2965 1309 3031 postea
1328 2958 1449 3028 subjicit,
1465 2966 1561 3030 utpote
1580 2960 1715 3012 matrimes
1732 2959 1905 3013 commucmi
1937 2970 1944 2985 '

210 3048 263 3101 esd
282 3062 405 3117 poenam
431 3042 581 3099 conats'tuat
606 3044 637 3097 in
655 3061 717 3113 eos,
746 3045 796 3115 qui
812 3062 893 3099 secur
909 3045 1045 3113 fecerint,
1070 3050 1152 3118 apud
1168 3046 1307 3117 Benace),
1337 3044 1386 3098 sed
1413 3061 1446 3098 ex
1475 3043 1597 3098 honestis
1624 3044 1767 3115 gentilium
1793 3044 1903 3115 legibue

212 3142 262 3187 met
279 3135 357 3203 quod
374 3133 419 3187 tea
436 3138 556 3185 naturae
580 3132 661 3185 decet
688 3131 718 3185 in
743 3148 855 3201 genere,
883 3133 1045 3185 determinet
1070 3152 1133 3190 eum
1160 3135 1224 3205 jure
1250 3138 1365 3186 naturae
1398 3130 1632 3186 consentientibus
1651 3127 1679 3203 ξ.
1699 3148 1762 3202 pen.
1780 3130 1849 3187 Inst
1867 3131 1902 3185 de

212 3223 244 3274 in
260 3218 455 3319 persecuturi,-
475 3218 500 3272 t.
517 3218 607 3287 lepam
625 3219 660 3271 de
678 3235 734 3271 non
753 3218 882 3317 ducenda
893 3219 1042 3284 &sunctae
1068 3224 1122 3292 jur.
1131 3224 1187 3317 nst.
1197 3223 1272 3291 gent
1283 3224 1310 3273 ct
1317 3217 1367 3272 civ.
1377 3214 1519 3322 apostplus
1528 3215 1564 3272 de
1573 3214 1740 3317 quibusdam
1749 3216 1900 3289 gentilibus

210 3305 865 3374 usorueororcueaeeurelotemproporstsna
878 3303 1044 3373 tacendam,
1071 3309 1183 3373 assent,
1215 3304 1289 3375 quod
1319 3302 1508 3374 ἀπηλγηκοιες
1538 3303 1651 3363 tantove
1681 3302 1848 3373 παρέδωκαν
1870 3308 1903 3379 τῇ

213 3411 277 3447 cum
300 3393 347 3446 lec
368 3392 502 3446 Moeaicu
529 3390 586 3444 tale
613 3390 774 3460 consuetum
791 3391 949 3461 permittat,
980 3408 1046 3461 erpo
1073 3391 1201 3463 ἀσελγείᾳ
1219 3389 1322 3462 Ephes.
1341 3397 1365 3461 l,
1383 3407 1408 3447 v.
1431 3394 1470 3446 19.
1491 3390 1541 3444 sed
1560 3388 1812 3462 quemadmondum
1823 3406 1902 3461 prae·

213 3483 299 3535 mam
317 3479 405 3547 icpcm
417 3479 453 3530 de
465 3495 522 3532 non
536 3478 667 3531 ducenda
677 3478 789 3540 fratria
798 3485 918 3548 propter
931 3480 1046 3533 eundem
1072 3486 1200 3550 posterae
1217 3476 1324 3531 illorum
1341 3476 1471 3532 libidines
1489 3492 1545 3531 non
1568 3480 1696 3531 evertam
1713 3477 1761 3547 jus
1774 3476 1903 3531 naturale

213 3565 368 3632 affinitatie
400 3566 521 3633 gradum
546 3582 602 3634 pro
623 3564 748 3635 potitiae
774 3565 943 3634 habendum,
971 3568 1049 3635 quod
1073 3564 1194 3619 omnium
1224 3562 1354 3619 cordibus
1386 3562 1549 3634 inscriptum
1581 3562 1617 3617 dc
1640 3563 1767 3619 castitate
1791 3563 1903 3633 tuende,

211 3653 319 3708 nostrie
346 3651 541 3721 hypothesibus
568 3660 711 3722 repugnet.
769 3651 993 3723 Respondemus:
1024 3658 1047 3708 1.
1073 3652 1113 3706 ita
1143 3666 1253 3722 quoque
1281 3650 1395 3721 nuptiae
1421 3651 1450 3704 in
1478 3648 1622 3721 prohibitis
1652 3649 1783 3721 gredibus
1806 3666 1824 3705 a
1844 3650 1904 3722 qui·

212 3756 269 3795 non
294 3739 334 3793 ita
358 3737 433 3792 nude
456 3754 489 3791 ac
512 3737 598 3794 crude
624 3743 864 3810 argumentamur,
890 3737 983 3792 omnia
1000 3737 1048 3792 illa
1073 3735 1191 3793 busdam
1219 3734 1369 3808 gentilibus
1402 3742 1559 3791 contractae
1592 3754 1647 3791 non
1671 3735 1813 3804 evincunt,
1839 3738 1904 3807 jure

214 3826 355 3897 pertinere
373 3822 410 3878 ad
424 3823 473 3893 jus
490 3828 621 3889 naturae,
651 3822 680 3878 in
697 3822 799 3894 quibus
815 3822 892 3894 leges
909 3821 1048 3878 Mosaicae
1073 3820 1194 3877 naturali
1211 3836 1267 3875 non
1285 3838 1345 3876 esse
1365 3821 1427 3876 illos
1444 3822 1547 3893 gradus
1559 3821 1721 3893 prohibitos,
1739 3822 1788 3877 sed
1806 3828 1903 3879 eontra

214 3918 245 3967 et
263 3909 456 3983 imperatoriae
474 3910 655 3975 conveniunt,
680 3909 730 3964 sed
753 3907 805 3964 boc
828 3909 990 3973 asserimus,
1014 3926 1048 3965 ea
1070 3908 1142 3979 juris
1165 3906 1299 3962 naturalis
1323 3907 1524 3980 praescriptum
1552 3912 1694 3962 utcontra
1716 3907 1902 3964 conscientiae

214 4013 288 4069 quae
315 3997 407 4068 ipsum
432 3999 525 4051 rectae
551 3994 667 4050 rationis
694 3993 788 4051 lumen
816 3999 846 4051 et
869 3995 912 4051 lex
930 4002 1046 4051 naturae
1075 3995 1217 4050 dictamen
1235 4011 1282 4050 eos
1298 3994 1412 4060 iecisse,
1437 3995 1467 4049 id
1485 3994 1559 4066 quod
1578 3994 1699 4050 saniores
1715 3994 1850 4051 intereos
1868 4013 1903 4051 er

213 4084 244 4139 in
270 4083 391 4138 omnium
414 4080 541 4154 gentium
570 4080 714 4149 cordibus,
742 4082 766 4137 si
781 4098 838 4137 non
855 4098 966 4154 prorsus
983 4086 1048 4136 sunt
1073 4089 1190 4138 naturae
1225 4081 1329 4137 lumine
1367 4090 1563 4152 cognoverunt.
1627 4088 1650 4139 1.
1688 4081 1732 4138 De
1765 4082 1903 4153 conjugiis

214 4175 376 4241 corruptae,
408 4166 549 4233 dictitant,
582 4184 628 4236 ca,
663 4168 792 4240 inquam,
831 4185 892 4225 esse
924 4168 1046 4225 moralia
1059 4176 1222 4241 {parentum
1240 4177 1267 4223 ct
1287 4170 1437 4223 liberorum
1456 4169 1486 4222 in
1502 4168 1582 4223 linea
1599 4176 1686 4225 reem.
1722 4169 1804 4224 Plato
1815 4168 1864 4227 lib.
1877 4176 1902 4227 t.

216 4264 242 4313 2.
266 4256 323 4313 Ubi
354 4260 397 4310 est
425 4270 573 4309 consensus
597 4252 669 4309 inter
700 4253 818 4326 Moysen
843 4259 872 4309 et
899 4255 1109 4322 caesarem,lde
1133 4255 1206 4327 legg.
1222 4254 1359 4327 disputat,
1388 4254 1450 4310 ideo
1469 4253 1609 4325 prohibita
1625 4271 1686 4311 esse
1706 4259 1851 4325 parentum
1869 4270 1904 4311 ae

214 4347 324 4413 oportet
358 4358 421 4396 eum
454 4338 505 4395 niti
525 4338 589 4411 jure
613 4338 747 4409 naturali,
779 4357 831 4395 nec
854 4344 947 4411 potest
970 4341 1047 4395 aliud
1073 4340 1222 4397 liberorum
1230 4340 1902 4413 conjugiupuioeediecrepuntiumuetotumcon·

213 4428 307 4486 aflerri
344 4443 493 4482 consensus
530 4426 604 4481 illius
637 4427 858 4495 fundamentum
899 4424 1047 4498 judicialee
1071 4429 1215 4497 iunctione
1224 4429 1339 4483 menium
1358 4428 1508 4482 imbecilles
1517 4435 1619 4497 portur
1634 4429 1786 4483 edanturet
1800 4444 1903 4498 porea·

214 4516 289 4571 enim
326 4519 355 4569 et
387 4512 582 4569 ceremoniales
616 4513 693 4585 leges
727 4513 867 4569 hlosaicae
894 4520 960 4568 sunt
996 4513 1046 4569 Ju-
1073 4524 1132 4569 tum
1144 4522 1280 4585 prouecta
1297 4514 1359 4583 jam
1378 4522 1456 4568 aerae
1473 4516 1744 4570 adolescentsdomsm
1761 4514 1903 4571 matrimo-

215 4600 352 4655 demtum
372 4600 517 4671 propriae,
549 4616 612 4653 cum
630 4599 731 4672 quibus
749 4600 854 4655 mesen
880 4600 985 4655 nullum
1004 4606 1048 4655 est
1074 4604 1131 4657 niis
1142 4620 1199 4656 non
1213 4601 1441 4656 hencconueniot.
1465 4599 1629 4656 Aristotcles
1642 4599 1689 4656 lib.
1701 4605 1727 4656 2.
1740 4599 1903 4671 politereo

214 4685 416 4741 commercium.
457 4690 484 4740 3.
505 4687 571 4741 Non
596 4703 689 4741 omnes
713 4688 902 4741 Romanorum
926 4687 1002 4756 tepea
1028 4642 1252 4759 uireprehendit
1269 4686 1488 4742 communionem
1506 4702 1629 4756 urorum,
1648 4686 1714 4756 quia
1735 4693 1903 4757 sequeretur,

215 4772 515 4841 chrictoapprobutae
528 4787 596 4836 esse,
612 4772 781 4841 necicpibue
790 4772 921 4842 positivis
934 4773 1046 4825 diurnae
1073 4780 1105 4829 ut
1116 4776 1179 4842 filii
1200 4774 1367 4844 perentibus
1388 4782 1414 4828 et
1432 4776 1541 4838 fratres
1554 4774 1696 4829 sororibus
1710 4773 1903 4843 jungerentur.

214 4878 249 4914 uc
280 4854 411 4913 naturali
443 4858 501 4927 iepi
534 4858 747 4911 aduersantibus
783 4860 948 4928 parendum
980 4874 1046 4925 esee,
1074 4859 1177 4916 Paulus
1191 4860 1406 4930 jurisconsultus
1432 4860 1450 4915 l.
1471 4860 1520 4913 ult.
1545 4858 1641 4915 derit.
1660 4865 1737 4931 nupt.
1756 4860 1820 4928 jure
1838 4878 1903 4931 pea-

214 4944 297 5001 facile
319 4942 513 5011 concedimus,
544 4941 593 4998 sed
620 4947 749 4997 neutrum
775 4942 873 4999 horum
894 4944 1045 5015 quidquam
1073 4948 1141 5001 tiam
1154 4944 1327 5015 prohibitum
1340 4962 1399 4999 cese
1417 4944 1493 5009 dicit,
1511 4961 1544 4998 ne
1558 4944 1622 5014 puis
1639 4948 1903 5015 eepraduadeesn·

214 5024 283 5083 facit
311 5027 347 5081 ad
378 5028 548 5093 institutum,
577 5033 636 5082 turn
664 5028 731 5099 quia
759 5035 789 5084 ct
816 5028 998 5102 magistratui,
1018 5035 1046 5085 ct
1073 5032 1196 5087 dentium
1214 5040 1239 5087 et
1257 5033 1481 5086 descendentium
1506 5046 1618 5084 ueorem
1636 5032 1729 5086 ducat
1764 5030 1817 5088 dus
1832 5030 1903 5089 illud

215 5113 340 5169 honestis
372 5114 592 5169 ordinationibus
624 5114 800 5186 magistratus
830 5116 913 5172 edam
943 5115 1046 5173 ethnici
1072 5118 1196 5190 gentium
1216 5125 1258 5173 est
1277 5119 1366 5189 ipsum
1382 5118 1431 5188 ius
1449 5121 1573 5175 naturae.
1611 5115 1751 5173 Honorius
1769 5126 1797 5174 et
1813 5118 1903 5176 ’Πιθο-

215 5198 385 5273 parendum,
415 5209 475 5256 tum
501 5200 566 5272 quia
590 5198 666 5271 leges
682 5199 875 5270 imperatoriae
902 5203 936 5259 de
956 5204 1046 5274 prohi·
1073 5204 1166 5260 dosius
1181 5205 1358 5276 imperatores
1370 5201 1578 5273 rescripserunt,
1594 5211 1713 5259 naturae
1722 5206 1833 5273 sordue
1846 5224 1903 5260 non

214 5284 281 5343 bitis
312 5284 453 5359 gredibus,
472 5286 507 5343 de
534 5282 634 5359 quibus
663 5285 715 5341 hoc
741 5285 802 5342 loco
823 5288 905 5344 unice
927 5289 1045 5361 agimus,
1067 5290 1230 5359 permittere
1254 5288 1414 5345 concubitus
1443 5306 1504 5343 cum
1527 5290 1663 5344 mats-ibae
1684 5298 1710 5344 et
1726 5290 1861 5360 filiabus,
1884 5292 1903 5347 l.

216 5374 392 5429 consentiunt
417 5390 480 5428 cum
503 5372 566 5444 lege
592 5370 694 5433 divina.
744 5378 769 5428 4.
788 5370 858 5427 Cum
874 5374 954 5428 multi
973 5376 1045 5428 oeri-
1072 5393 1135 5432 eum
1153 5376 1201 5448 qui
1221 5376 1252 5433 c.
1269 5376 1306 5430 de
1323 5374 1406 5446 episc.
1426 5382 1454 5431 et
1471 5375 1562 5435 cleric.
1577 5376 1704 5433 Socratas
1722 5376 1797 5447 apud
1809 5374 1903 5433 Xeno·

217 5468 302 5517 tatem
330 5460 361 5515 e'n
389 5458 532 5531 irritetitiu
560 5460 700 5530 captiuum
730 5460 873 5514 detineam
906 5458 985 5517 Rom.
1020 5467 1043 5527 l,
1072 5462 1203 5534 phontem
1215 5462 1263 5519 lib.
1282 5462 1425 5537 ἀπομνημ.
1444 5462 1550 5533 merit,
1567 5463 1740 5533 iunciepem
1756 5463 1903 5519 innotuere
