4020 6022
229 228 287 283 tlt
805 216 928 275 LOCUS
944 212 1148 273 monemus
1165 214 1335 283 QUINTUS

224 374 359 427 tinentiae
381 374 491 441 siphum
516 390 575 428 esse
593 380 714 437 stataet,
740 390 825 443 mern
842 372 1014 427 edrdterium
1033 374 1162 447 etpqnod
1179 373 1355 443 perfectione
1382 368 1554 425 manuni
1575 375 1700 425 sermm.
1744 365 1832 437 Atqui
1855 380 1922 419 oon-

225 460 448 515 eoneubinotam.
488 460 635 531 hlysticam
653 474 727 525 vero,
747 461 824 527 prod
842 476 895 513 rime
914 459 1194 553 significet„jngium
1216 458 1326 530 proprie
1350 464 1379 513 et
1401 454 1530 528 specifice
1557 454 1695 527 loquendo
1717 458 1922 509 sscmmentum

226 546 368 599 d'lrristnm
386 546 429 597 ita
447 563 506 599 esse
524 546 606 599 einins
626 546 759 599 ecelmine
778 562 924 614 spernam,
941 554 972 597 nt
989 562 1073 597 rien-¹
1085 564 1140 601 non
1158 562 1225 609 esse,
1246 544 1372 616 superius
1389 542 1569 599 ostendimus.
1615 539 1786 598 sacramenti
1806 554 1922 611 genere

121 668 124 673 -
225 650 309 701 mom
334 632 462 685 hebuerit
489 634 593 699 etiem,
615 648 671 703 qua
692 632 727 685 de
747 648 777 685 re
797 630 864 701 quid
881 630 1058 685 statuendum
1071 628 1073 633 '
1086 632 1148 687 liter
1173 629 1307 703 appellati
1332 630 1403 684 ratio
1429 628 1466 683 ab
1494 628 1621 699 apostolo
1652 632 1819 695 monsmats,
1846 624 1922 695 quod

225 718 270 787 sit,
290 720 320 771 in
334 724 414 772 tract.
433 719 468 773 de
488 719 590 772 minist.
620 717 687 771 eccl.
706 734 767 787 cap.
787 716 822 771 de
841 718 952 787 conjug.
971 733 1059 769 sacer·
1086 718 1142 771 sint
1169 719 1225 769 duo
1250 718 1280 770 in
1297 733 1382 769 curris
1401 734 1458 769 erro
1483 713 1554 785 Eph.
1575 722 1610 781 5,
1633 732 1659 769 r.
1685 719 1725 769 31.
1755 729 1813 767 non
1832 710 1923 766 minus

226 806 321 859 dotum
346 806 374 875 ti.
393 810 449 859 359.
478 804 533 859 late
558 804 612 857 fuit
631 804 793 874 expositum.
834 803 894 855 Hoc
911 802 971 857 loco
991 802 1219 872 illudflrepetitnr
1238 803 1267 855 in
1283 801 1387 871 nuptiis
1405 801 1530 872 legitime
1547 800 1655 855 iteratis
1674 816 1757 871 quam
1782 800 1811 853 in
1834 798 1923 869 primo

228 906 368 960 urgemus.
411 890 532 943 Iteratae
558 890 674 959 nuptiae
702 896 765 959 post
798 887 902 942 obitum
934 886 1268 965 conjugismatrimonio.
1312 887 1358 944 Sic
1378 893 1471 943 autem
1495 887 1670 957 disputamus
1694 894 1790 942 eontra
1818 886 1923 941 Beller-

226 983 275 1029 aut
311 984 375 1029 sunt
397 994 452 1045 per
483 992 513 1028 se
538 976 622 1045 pise,
647 976 778 1029 intentae
796 992 829 1029 ac
847 974 988 1045 legitimae
1006 976 1200 1030 non'minum.
1243 974 1272 1029 Si
1292 974 1385 1029 clerici
1412 978 1526 1043 propter
1548 972 1689 1028 deiectum
1706 968 1809 1043 integl'i
1831 988 1922 1027 sacra·

228 1063 319 1116 minus
340 1078 423 1133 quum
442 1062 556 1133 primae,
573 1070 622 1115 aut
632 1080 684 1131 per
698 1078 728 1115 se
742 1068 836 1129 turpes
850 1065 878 1115 et
892 1060 1061 1115 inhonestae.
1072 1094 1075 1129 ,
1088 1060 1174 1116 menti
1186 1077 1244 1115 non
1262 1068 1390 1114 arcentur
1404 1058 1440 1114 ab
1458 1058 1601 1114 ordinibus
1615 1060 1710 1127 sacris,
1727 1058 1815 1113 multo
1833 1057 1923 1111 minus

227 1149 256 1203 si
276 1150 361 1219 prius,
379 1148 495 1202 ministri
514 1148 646 1202 ecclesiae
657 1163 712 1201 non
733 1153 797 1201 sunt
814 1146 851 1201 ab
866 1147 920 1200 illis
932 1144 1059 1199 arcendi:
1087 1154 1200 1217 propter
1223 1146 1361 1201 defectum
1390 1144 1568 1216 perfeetionis
1595 1144 1740 1217 cujusdam
1768 1160 1922 1203 sacramen·

227 1236 249 1289 si
268 1234 405 1305 posterius
438 1234 540 1287 nemini
573 1234 600 1286 in
627 1234 745 1287 ecclesia
772 1237 836 1287 scirit
859 1231 1060 1288 concedendae.
1087 1234 1151 1287 talis
1175 1232 1212 1287 ab
1231 1233 1327 1287 iisdem
1345 1232 1457 1287 arcendi
1473 1237 1562 1287 erunt.
1614 1232 1670 1289 Sed
1687 1248 1783 1286 verum
1799 1230 1877 1301 prius
1895 1230 1923 1283 in

228 1320 289 1377 Non
311 1328 360 1389 est,
378 1320 453 1390 quod
466 1322 567 1387 dicant,
583 1327 701 1389 propter
714 1320 849 1386 rriop'orero
857 1318 1062 1387 perfectionem
1073 1310 1076 1381 J
1087 1318 1204 1375 ecclesia
1220 1320 1358 1387 Romana,
1380 1319 1428 1389 qui
1445 1317 1520 1373 enim
1538 1318 1698 1388 conjugium
1717 1316 1808 1387 (quod
1831 1333 1923 1371 sacra

227 1411 390 1461 secerdotes
409 1408 444 1461 reb
466 1408 526 1460 illis
542 1408 695 1476 prohiberi,
715 1406 782 1475 quis
799 1404 932 1475 perfectio
951 1409 1063 1460 nonest
1087 1412 1209 1460 mentum
1234 1421 1293 1461 esse
1320 1404 1430 1475 ipsimet
1456 1408 1578 1471 censent)
1598 1404 1741 1472 abjurant,
1769 1402 1806 1457 ad
1829 1418 1922 1459 sacros

227 1494 368 1564 praecepti
389 1494 438 1547 sed
456 1494 579 1561 consilii,
604 1493 640 1547 ab
664 1493 769 1547 iteratis
796 1508 862 1563 ergo
882 1490 986 1561 nuptiis
1006 1508 1060 1546 non
1087 1492 1197 1547 ordines
1223 1490 1423 1558 admittuntur,
1454 1507 1517 1545 eum
1547 1496 1641 1545 minen
1671 1490 1779 1561 integro
1808 1494 1924 1545 meant

229 1580 365 1649 legalibus
399 1577 646 1647 prohibitionibus,
687 1577 735 1631 sed
766 1578 940 1633 suasionibus
970 1578 1062 1633 forent
1086 1584 1268 1634 sacramento.
1313 1578 1388 1648 Ergo
1419 1576 1505 1630 multo
1538 1577 1627 1647 magis
1655 1575 1836 1639 admittendi,
1874 1576 1923 1647 qui

228 1665 386 1733 revocandi,
400 1666 514 1735 perinde
524 1674 555 1719 ut
567 1664 707 1733 apostolus
725 1663 901 1735 progreditur
922 1671 943 1720 1.
961 1664 1021 1719 Cor.
1037 1672 1060 1733 l,
1087 1665 1256 1735 perfectione
1274 1665 1410 1719 dunmxst
1426 1664 1592 1718 sacramenti
1612 1672 1716 1731 carent,
1734 1662 1788 1717 nisi
1807 1662 1924 1718 velimus

229 1768 254 1805 v.
276 1756 318 1807 35.
338 1768 456 1822 negans,
485 1768 514 1803 se
537 1751 665 1819 orcigenum
692 1750 822 1819 laqueans
846 1749 917 1803 celle
934 1752 1061 1817 irsjiccre.
1088 1752 1188 1819 dicere,
1206 1752 1269 1821 plus
1282 1752 1374 1806 valere
1389 1751 1529 1807 defectum
1538 1750 1634 1821 partis,
1653 1749 1801 1821 cujusdam
1816 1748 1925 1804 scilieet

228 1836 334 1892 Contra
353 1854 418 1892 vero
437 1836 622 1892 Bellsrminus
639 1854 671 1888 cs
690 1838 794 1889 ηιοναίί
810 1838 933 1903 patrem
950 1838 1062 1891 ratione
1087 1838 1264 1909 perfectionis
1278 1837 1498 1904 sacramentalis,
1516 1837 1712 1907 quamtotius,
1730 1836 1834 1907 integri
1850 1835 1924 1889 scili·

228 1924 343 1980 iteratas
380 1924 493 1995 nuptias
530 1922 720 1977 sacerdotibus
756 1922 918 1976 interdictas
956 1924 1132 2001 statuitgcet
1151 1924 1324 1979 sacramenti.
1357 1924 1434 1979 ltem.
1467 1922 1523 1978 Ubi
1536 1924 1744 1979 adsuntomnes
1762 1922 1925 1979 essentiales

228 2010 316 2081 Atqui
335 2010 446 2065 moralis
466 2010 536 2063 ratio
555 2009 591 2062 ad
611 2026 704 2063 omncs
722 2012 833 2063 omnino
851 2010 983 2079 pertinet.
1011 2026 1062 2065 nec
1088 2011 1252 2065 sacramenti
1269 2016 1377 2079 partes,
1398 2009 1436 2063 ibi
1458 2018 1501 2065 est
1520 2026 1631 2079 verum,
1656 2010 1796 2080 integrum
1815 2014 1844 2063 et
1862 2024 1925 2079 per-

226 2096 315 2167 magis
334 2096 447 2150 clericos
462 2112 544 2166 quam
563 2094 648 2149 laicos
665 2094 831 2166 obstringit,
852 2095 968 2165 proinde
985 2098 1009 2149 si
1027 2091 1076 2151 ob'
1090 2097 1193 2151 fectum
1212 2101 1421 2151 sacramentum.
1453 2094 1542 2165 Atqui
1559 2095 1589 2149 iu
1601 2095 1732 2167 conjugio
1749 2094 1927 2165 bigamornm

229 2183 359 2237 moralem
391 2183 523 2237 rationem
552 2182 693 2236 securrdac
721 2182 834 2251 nuptiae
866 2182 972 2237 clericis
998 2190 1064 2237 sunt
1090 2182 1244 2237 successive
1272 2180 1369 2235 tabum
1398 2180 1501 2235 adsunt
1532 2197 1627 2235 omnes
1648 2180 1808 2236 essentiales
1832 2196 1925 2235 sacra·

228 2268 394 2339 prohibitae,
416 2268 511 2339 utique
529 2270 612 2322 etiam
628 2268 706 2324 laicis
719 2268 755 2321 oh
773 2269 888 2324 eandem
906 2269 1077 2339 prohibitae,
1090 2269 1175 2323 menti
1204 2276 1311 2338 partes,
1343 2285 1376 2321 ex
1408 2266 1554 2337 hypothesi
1581 2266 1798 2323 Pontificiorum.
1846 2266 1926 2339 Ergo

229 2360 317 2409 erunt.
346 2358 373 2409 3.
391 2355 528 2408 Secnrnlis
547 2356 654 2425 ineptiis
667 2354 884 2407 contemtionis
897 2356 1062 2408 lrenralictio-
1074 2352 1076 2387 :
1090 2354 1250 2425 conjugium
1267 2353 1442 2423 bigamorum
1466 2360 1508 2407 est
1526 2370 1635 2417 vuum,
1658 2352 1797 2424 integrum
1815 2358 1844 2409 et
1862 2368 1927 2424 per·

228 2458 289 2495 neni
307 2443 455 2509 delegunt.
490 2439 675 2495 Bellarmiuus
700 2440 735 2495 de
760 2441 879 2497 matrim.
898 2457 960 2511 cap.
979 2448 1002 2495 a.
1021 2457 1062 2495 re·
1073 2464 1076 2513 j
1089 2440 1192 2495 fectum
1210 2448 1421 2496 sacramentum.
1451 2438 1543 2497 Minor
1562 2438 1703 2510 probatur,
1722 2440 1789 2510 quia
1806 2439 1926 2495 docente

227 2526 358 2597 spondet,
387 2544 501 2579 cenceros
527 2528 611 2595 lrojnr
640 2528 684 2579 rei
707 2545 764 2580 non
793 2544 851 2579 esse
882 2544 955 2591 erem,
987 2530 1076 2596 pred,
1090 2526 1258 2582 Bellarmino
1276 2528 1399 2579 maneria
1425 2526 1548 2597 conjugii
1572 2531 1638 2581 sunt
1660 2542 1796 2597 personae
1813 2532 1925 2581 cenna

230 2614 369 2665 soeurrclue
395 2614 512 2681 nuptiae
547 2620 664 2665 coereeat
694 2620 883 2679 screrurnento,
915 2615 967 2665 sed
994 2594 1199 2681 quidibentes,
1230 2615 1328 2678 forare
1354 2618 1419 2666 sunt
1445 2611 1531 2665 verba
1547 2628 1711 2667 eonsensum
1730 2613 1924 2683 exprimenda

230 2700 385 2751 uneslictio
403 2700 432 2751 in
447 2700 550 2768 primis
568 2700 673 2767 nuptiis
694 2700 764 2750 clerte
779 2716 834 2749 reon
852 2706 958 2767 pereat,
976 2716 1062 2767 neque
1073 2750 1076 2773 ,
1088 2698 1176 2769 Atqui
1188 2715 1221 2752 ea
1235 2698 1264 2752 in
1278 2699 1409 2769 conjugio
1428 2697 1600 2769 bigamorum
1617 2698 1805 2753 inveniuntur.
1836 2698 1926 2753 Deni-

230 2786 329 2838 iternm
347 2786 474 2838 borrecliei
498 2786 631 2853 eicerent,
658 2785 708 2851 qni
732 2784 816 2837 eerriel
847 2784 986 2837 benedicti
999 2787 1062 2850 fue·
1073 2778 1076 2793 '
1088 2802 1143 2855 que
1156 2793 1363 2855 praeposterum
1379 2792 1421 2839 est
1432 2789 1562 2850 statuere,
1581 2785 1656 2855 quod
1668 2785 1830 2857 conjugium
1840 2786 1927 2855 juxta

229 2879 302 2939 reon,
322 2869 397 2942 quod
417 2870 533 2939 petitum
552 2886 585 2923 ex
603 2886 627 2922 c.
641 2869 683 2922 vir
699 2878 790 2922 numm
811 2877 877 2923 extr.
898 2870 932 2923 de
950 2870 1061 2925 secund.
1073 2908 1076 2921 .
1088 2888 1212 2926 normam
1236 2871 1417 2927 institutionis
1443 2872 1553 2927 divinae
1576 2878 1750 2927 contractum
1769 2870 1862 2943 (quale
1880 2882 1928 2929 est

230 2966 309 3027 nupt.
347 2956 432 3021 erssi
451 2973 515 3010 vero
534 2956 685 3027 quidquam
706 2954 838 3025 impediat
855 2954 966 3010 divinae
979 2956 1061 3011 bens·
1073 3021 1076 3053 ¹
1089 2956 1167 3023 illud,
1185 2957 1219 3010 de
1237 2973 1292 3027 quo
1313 2956 1487 3028 hicagimus)
1503 2965 1597 3013 emeat
1611 2958 1781 3029 perfectione
1801 2958 1927 3030 quadam

229 3044 358 3099 dictionis
375 3043 402 3097 iu
428 3042 533 3096 iteratis
555 3033 659 3111 nuptiis
683 3041 885 3110 repetitionem!
910 3042 989 3111 <quasi
1007 3042 1267 3111 nontsncrumonti,
1295 3050 1391 3098 eontra
1411 3061 1475 3099 sero
1494 3044 1660 3098 eucharistia
1675 3044 1727 3098 sub
1750 3062 1806 3099 uria
1830 3044 1928 3115 specie

229 3130 265 3185 sit
282 3148 384 3185 novum
402 3131 485 3201 plane
502 3128 678 3199 conjugium,
704 3127 778 3197 quod
797 3128 896 3181 viduus
916 3128 959 3182 vel
977 3128 1062 3183 vidua
1073 3133 1077 3191 l
1088 3136 1185 3183 eontra
1208 3128 1311 3183 Christi
1336 3130 1536 3185 institutionem
1562 3130 1755 3185 administrata
1772 3130 1808 3184 sit
1825 3146 1926 3185 verum

229 3234 291 3271 cum
317 3232 437 3287 persona
464 3214 584 3281 coelibe,
621 3214 664 3267 vel
693 3214 776 3268 etiam
800 3214 900 3267 viduus
927 3224 956 3269 et
977 3198 1116 3281 viduuiet
1152 3216 1291 3287 integrum
1333 3224 1544 3274 sacramentum.
1607 3217 1762 3288 Utrumque
1796 3221 1928 3271 statuunt

230 3308 327 3371 utpote
338 3301 403 3355 novi
421 3303 554 3371 conjuges
575 3298 692 3353 invicem
712 3300 886 3364 contrahunt,
904 3317 966 3353 cum
985 3290 1236 3377 prius,Pontificii.
1279 3302 1335 3357 Sed
1359 3302 1412 3357 bac
1435 3303 1472 3357 de
1500 3320 1530 3359 re
1549 3320 1600 3357 suo
1616 3304 1677 3359 loco
1695 3303 1777 3373 plura
1795 3302 1927 3359 diximus.

230 3386 433 3441 matrimonium
462 3403 513 3455 per
535 3392 651 3439 mortem
675 3385 784 3455 penitus
810 3386 847 3439 sit
865 3385 1001 3455 solutum,
1031 3380 1114 3441 ut'5.
1143 3387 1276 3453 Quamvis
1296 3388 1481 3443 Bellarminus
1505 3389 1631 3445 videatur
1654 3388 1811 3459 improbare
1839 3388 1927 3443 duras

229 3474 346 3545 proinde
371 3473 456 3527 etiam
482 3490 554 3526 nova
573 3471 764 3527 benedictione
788 3472 946 3541 indigeant!
978 3474 1020 3527 Ac
1038 3472 1062 3526 si
1074 3504 1077 3557 Ι
1090 3471 1151 3527 illas
1182 3481 1306 3527 veterum
1338 3474 1490 3529 locutiones
1516 3476 1644 3545 superius
1675 3475 1790 3545 citatas,
1828 3482 1925 3529 tamen

230 3560 274 3614 vel
293 3560 411 3613 maxime
429 3558 529 3612 viduus
553 3564 603 3611 aut
621 3558 705 3611 vidua
730 3558 760 3610 in
778 3557 869 3627 priore
890 3558 1062 3613 matrimonio
1074 3562 1077 3595 ⁵
1089 3560 1200 3627 statuit,
1223 3560 1340 3614 dantus
1359 3562 1473 3631 nunptios
1494 3578 1554 3615 esse
1576 3564 1687 3629 signum
1704 3562 1925 3617 incontinentiae

231 3646 448 3701 benedictionem
472 3646 594 3715 accepit,
620 3661 669 3698 cur
694 3662 727 3699 ca
752 3645 906 3715 denegatus·
929 3643 1077 3715 personae*
1091 3646 1277 3700 ‹lintnrnioris
1302 3655 1328 3701 et
1351 3648 1461 3711 timisa
1485 3648 1671 3717 inhaerentis,
1695 3666 1780 3717 wem
1804 3656 1845 3701 cst
1863 3650 1926 3719 epse

231 3732 341 3796 coelibi,
360 3751 431 3803 (liiiio
448 3750 510 3787 cnm
529 3730 613 3785 viduo
632 3732 674 3785 vel
695 3732 780 3785 vidua
796 3731 954 3786 conuabit?
982 3717 1295 3805 l'ortelecncnbinatns.
1345 3732 1415 3787 Item
1445 3736 1536 3801 strepis
1559 3734 1709 3803 prohiberi
1733 3736 1764 3787 in
1791 3734 1926 3805 episcopo

229 3836 292 3873 cum
320 3818 469 3873 canonistis
497 3816 688 3889 respondebit,
714 3833 776 3870 eam
804 3838 822 3870 o
853 3834 976 3887 persortu
996 3808 1240 3906 jemssdclipendo
1263 3820 1419 3889 digamiam
1444 3820 1650 3891 (successivam)
1673 3838 1757 3889 quem
1776 3820 1925 3876 edelredo

229 3915 294 3959 ente
315 3906 459 3959 benedicte
479 3906 608 3973 occipere
633 3904 863 3973 terracinensem,
890 3906 962 3957 sinit
986 3912 1114 3989 equa,et
1142 3907 1365 3975 corintinetnrn,
1392 3906 1427 3961 de
1453 3906 1545 3964 cleric.
1570 3923 1632 3976 cap.
1652 3913 1693 3963 24.
1722 3904 1751 3979 ξ.
1782 3912 1820 3965 13.
1859 3908 1926 3973 Quo

228 4011 284 4047 nors
311 3992 454 4045 benedicto
486 3992 619 4061 appositu
646 4008 738 4058 eqseee
766 3992 927 4045 benedictae
948 3992 1171 4061 cascharictiam
1188 3990 1283 4047 referri
1293 3998 1385 4063 potest
1401 3992 1472 4046 illud
1487 3991 1653 4047 Salmeronis
1666 3997 1769 4049 tomi.
1786 3998 1925 4051 tractet.

226 4080 343 4132 eirtrstes
355 4078 522 4146 participet.
569 4076 624 4131 Sed
644 4075 698 4132 hoc
723 4078 822 4147 nugari
841 4084 885 4132 est
901 4084 930 4131 et
947 4076 1061 4149 fingere.
1072 4066 1076 4167 ξ
1086 4096 1114 4148 p.
1136 4083 1197 4133 latr:
1217 4078 1343 4132 Christus
1350 4085 1470 4147 peccata
1481 4079 1566 4148 tnjra
1574 4080 1705 4147 seminus
1721 4077 1927 4147 (Samnium

229 4166 309 4221 Certe
333 4164 381 4235 qui
406 4163 535 4218 secundis
559 4163 663 4232 nuptiis
687 4162 906 4218 benedictionem
932 4164 1061 4237 denegat,
1087 4163 1151 4219 Joh.
1182 4170 1217 4229 t.)
1251 4167 1370 4235 detegit,
1402 4183 1499 4233 nerrqre
1520 4167 1671 4236 objiciens,
1696 4168 1773 4235 quod
1799 4167 1925 4239 quinque

227 4252 337 4321 obligate
355 4267 403 4305 eas
416 4258 536 4314 accusat,
556 4249 630 4319 quod
643 4265 699 4301 non
715 4249 769 4303 siut
786 4266 889 4313 verum,
908 4250 1061 4321 legithnum
1086 4245 1163 4305 ciros
1185 4253 1325 4315 hahuerit,
1353 4255 1431 4321 qaod
1460 4252 1570 4319 signnm
1597 4262 1658 4307 erat
1685 4252 1925 4310 evidentissimam

228 4356 262 4394 ac
280 4337 341 4392 Deo
365 4344 475 4408 gratnm
494 4336 712 4404 matrimonium,
736 4336 803 4407 quin
831 4344 860 4391 et
881 4336 976 4391 utilem
996 4340 1223 4411 con-,rnarimec
1241 4339 1326 4392 sirnul
1354 4346 1379 4392 et
1410 4340 1635 4409 incontinentiae,
1662 4348 1688 4393 et
1718 4342 1926 4411 impudentiae,

228 4425 398 4480 stitutionem
419 4422 637 4477 ecclesiasticam
658 4423 693 4477 de
717 4422 852 4493 cujusque
870 4422 985 4493 legitimi
1005 4442 1060 4479 ma·
1072 4424 1075 4461 ἱ
1087 4442 1159 4497 cquae
1167 4423 1386 4477 Antichristiana
1393 4424 1573 4495 pronuntiata
1585 4426 1723 4499 insignem
1734 4428 1925 4483 secundarum

227 4510 348 4565 trimonii
368 4508 559 4564 benedictione
574 4507 734 4563 labefactat.
768 4516 793 4563 l.
809 4508 863 4573 Qui
877 4508 947 4563 diras
961 4528 1060 4565 uxores
1072 4510 1245 4609 ,nuptiarum
1263 4509 1458 4566 contumeliam
1475 4511 1630 4581 continere,
1656 4528 1738 4568 nemo
1755 4512 1866 4571 nfieiss
1884 4516 1926 4571 ire

228 4596 384 4651 successive
411 4596 531 4661 ducunt,
554 4610 601 4649 eos
617 4596 793 4665 perfectione
816 4598 939 4663 quindeno
964 4597 1196 4668 suaa-rpoterit.

229 4685 314 4735 meriti
333 4699 431 4736 cerere
451 4690 570 4735 cerrsent.
609 4680 792 4733 Bellarminns
814 4680 850 4735 de
867 4680 958 4735 cleric.
978 4699 1002 4737 c.
1018 4680 1076 4755 24.Ι
1123 4688 1179 4738 lat.
1214 4682 1388 4753 Argumenta
1415 4683 1658 4739 lientenisternrn
1677 4684 1791 4757 collegit
1811 4686 1924 4743 Tertul·
1938 4690 2007 4741 Argu·

231 4766 258 4841 ξ.
275 4769 374 4823 alterm
397 4770 529 4835 Perfecta
548 4766 719 4833 sipirilieotie
738 4766 866 4833 coniugii
882 4766 988 4821 Christi
1000 4786 1061 4822 cum
1073 4828 1076 4841 Ι
1087 4771 1182 4823 h'enns
1201 4768 1229 4821 in
1246 4766 1317 4822 libro
1343 4768 1379 4823 de
1396 4785 1505 4838 monog.
1520 4769 1548 4822 in
1571 4768 1633 4823 libr.
1660 4769 1697 4824 ad
1715 4788 1829 4827 uxorem
1847 4778 1878 4829 et
1893 4774 1924 4829 in
1938 4748 2008 4833 iiiii

112 4858 154 4899 ll·
172 4856 216 4899 ¹³⁵·
230 4854 413 4908 ecclesianon
431 4862 470 4908 est
487 4854 518 4907 in
535 4852 645 4905 iteratis
662 4852 774 4921 ineptiis.
804 4852 859 4913 Qui
874 4856 947 4908 enim
967 4848 1221 4911 sema-lexbortat.
1250 4854 1399 4921 castitatis,
1431 4872 1464 4909 ac
1494 4855 1631 4925 quaedam
1660 4872 1694 4909 ex
1729 4856 1783 4911 illis
1811 4860 1926 4930 repetiit
1938 4850 2008 4938 {¹⁸3¹

230 4944 298 4995 <turri
317 4958 431 4993 risorem
451 4941 546 5005 derit,
566 4940 708 5008 sr'prnisicut
728 4940 840 5007 quidem
859 4941 992 5011 conjugio
1009 4917 1284 5007 sseolllieronpneus.
1326 4939 1447 4994 Primam
1475 4957 1570 4995 eorum
1598 4942 1715 4996 classem
1749 4944 1925 5003 constituunt
1939 4923 2008 4999 fl’ffltt

232 5028 340 5081 Christi
356 5027 525 5095 eonjrrpinm,
544 5030 597 5081 aad
613 5044 668 5079 rien
690 5028 731 5079 itu
748 5029 886 5095 perfecte,
908 5034 938 5079 nt
954 5027 994 5096 is,
1013 5018 1121 5100 qni}er
1140 5026 1300 5096 Scripturas
1317 5026 1413 5092 dictis,
1443 5034 1466 5081 l.
1491 5044 1524 5081 ex
1542 5026 1577 5083 V.
1595 5028 1629 5081 T.
1648 5026 1750 5085 Genea.
1769 5034 1801 5094 2,
1830 5048 1857 5087 v.
1875 5036 1924 5089 ts:
1939 5000 2008 5093 iiiiii

230 5132 314 5167 arrum
330 5113 421 5165 selein
439 5114 549 5182 liehnit5
574 5133 629 5166 reon
655 5112 728 5164 enim
745 5113 898 5180 siginificat,
922 5104 1324 5188 &ramuilrlcllsaerebitoir
1344 5117 1528 5181 taurianae,
1556 5124 1583 5169 et
1609 5124 1690 5170 erunt
1709 5118 1766 5169 duo
1784 5119 1815 5171 in
1835 5134 1926 5173 cerne
1940 5104 2008 5195 ,Ἦ

228 5202 271 5253 ita
289 5216 348 5253 esne
367 5200 451 5253 tersites
470 5201 604 5254 eeclesiae
627 5218 773 5271 spornern,
797 5208 827 5253 nt
852 5217 993 5268 nrersqnern
1011 5192 1151 5285 lie-lune.
1188 5198 1377 5254 Tertullianus
1395 5200 1430 5257 de
1448 5218 1559 5271 monog.
1575 5219 1598 5256 c.
1619 5210 1649 5257 t:
1678 5202 1768 5256 Unum
1784 5204 1926 5267 fenicem
1955 5184 1961 5195 ⁹
1998 5186 2004 5194 ¹

229 5286 319 5339 buerit
348 5286 446 5341 aliurn.
473 5286 508 5339 de
536 5288 653 5340 matrim.
682 5304 743 5357 cap.
762 5294 787 5341 a.
808 5282 836 5359 ξ.
856 5285 919 5339 ult.:
946 5286 1209 5353 Bipornirnoscnlo
1222 5288 1300 5340 Dens
1316 5289 1395 5349 finiuit
1413 5306 1472 5340 rene
1489 5295 1567 5340 coste
1587 5290 1650 5356 ejus
1667 5292 1804 5357 decerpto
1822 5298 1851 5343 et
1868 5294 1925 5345 uti·

229 5373 343 5435 defectn
373 5373 544 5424 roeranena'
572 5374 663 5424 sceris
689 5374 803 5427 initiari
830 5380 975 5439 aequomst,
1005 5382 1137 5485 tranique
1167 5388 1201 5425 ea
1227 5372 1365 5441 plurilus.
1414 5372 1474 5427 Sed
1505 5381 1531 5426 et
1564 5374 1594 5426 in
1619 5376 1806 5443 praefatione
1830 5377 1927 5449 ipsius

228 5462 305 5529 quod
324 5476 418 5513 eorum
439 5459 645 5513 niatrirnoninm
656 5468 860 5513 succrescentem
875 5476 932 5512 nois
945 5462 990 5527 sit,
1008 5462 1061 5513 sed
1085 5460 1186 5529 operm
1227 5462 1290 5513 ilion
1308 5468 1357 5524 est,
1377 5458 1476 5528 inquit,
1496 5460 1595 5513 weram
1611 5461 1727 5533 homini,
1746 5462 1841 5517 solum
1859 5480 1925 5519 eum
