4020 6022
829 312 880 367 Dii
902 308 1101 369 corticem.
1268 398 1271 403 Ι
1750 318 1810 377 m

120 468 244 525 divinam
262 468 354 526 iacere
372 471 514 540 pommsst,
533 477 564 525 ut
574 468 709 542 postridie
721 467 879 538 nuptiarum
893 473 952 520 tum
983 466 1078 519 dietae
1109 468 1320 535 quatuordecim
1359 476 1424 521 ante
1447 468 1556 535 sestam
1592 465 1735 520 Joiannie
1754 468 1812 521 Ba·

122 555 182 611 lieri
202 556 355 628 oportebat,
395 556 426 613 S.
447 557 597 627 Pompejus
620 556 721 611 Festus
743 553 772 608 in
797 552 882 608 verbo
899 484 1092 622 Noiptietae‚
1109 570 1196 622 nepae
1215 554 1245 605 in
1259 555 1436 622 jeinnioram
1448 554 1554 617 diebrm,
1571 553 1629 605 ricc
1647 554 1678 607 in
1691 554 1814 608 omninno

123 659 229 698 narum.
267 644 371 698 Contra
389 658 455 698 vero
473 642 572 698 diebus
590 642 667 697 lestis
685 640 787 695 viduae
804 636 1135 707 nubebant‚lsolenninm
1161 640 1269 692 attamen
1296 638 1533 708 praecedentibus
1561 640 1694 696 matina.
1750 639 1813 694 Cle·

69 733 110 774 155
123 746 180 783 ιιοιι
204 729 246 783 vir
266 729 293 783 in
331 772 339 793 ,
384 735 396 783 t
424 729 591 783 Plutarchus
620 730 649 782 in
695 726 806 783 roblem.
832 731 948 781 testatur
967 732 1059 779 lmens
1084 724 1137 779 lIl.
1162 724 1253 779 edicto
1279 742 1330 779 suo
1366 724 1489 780 rohibuit
1537 741 1572 777 ne
1594 727 1814 779 consecrationis

61 814 66 825 '
123 832 187 869 nam
201 746 349 885 obgrapoetas
364 749 413 870 iiio
430 815 501 869 festo
515 746 752 885 virgincsbiilum
770 829 832 865 cum
847 765 956 864 Sabinii
982 813 1078 880 pratia
1096 813 1161 864 noni
1180 813 1314 880 coniapes
1334 744 1464 880 simplum
1490 765 1640 864 inviserent
1657 830 1676 864 a
1697 810 1813 881 Septua-

121 906 342 1041 mmziim’
357 902 433 1043 lpuin
457 908 486 956 ot
503 900 600 1041 dgep'us
621 899 699 1038 tentiis
724 898 818 995 omnia
830 890 971 1037 jungitis·
983 899 1088 968 peritae
1106 916 1196 1037 :impp
1221 900 1263 950 ad
1276 900 1448 1036 pascgra,na
1477 898 1815 1037 Zmigwoqagomm

122 1002 156 1041 ac
245 1005 255 1039 ι
308 1005 320 1039 s
384 1004 422 1042 na
436 1003 498 1042 esse
534 1003 606 1041 een
645 1003 675 1040 se
712 1001 775 1038 cum
793 1000 835 1037 vir
856 1001 883 1036 ιιι
928 1000 956 1035 ιιι
984 1002 1016 1036 as
1036 1002 1068 1037 ae
1086 1002 1105 1037 a
1148 1002 1275 1038 acacinm
1311 1002 1343 1036 en
1357 1001 1403 1037 eea
1431 1001 1460 1035 es
1652 1001 1670 1035 n
1744 1003 1813 1037 minc

121 1072 327 1127 matrimonium
338 1005 464 1135 ¹riantur,
485 1071 588 1141 dolent,
606 992 678 1126 iicet
697 1087 713 1124 e
731 1000 957 1123 diversogviduac
967 1000 971 1121 i
982 1003 1069 1139 argue
1088 1072 1129 1123 cd
1150 1078 1275 1123 octonum
1286 1000 1476 1138 11)]Ῑιιίιι11ιιιιι1ιέ,
1505 1070 1650 1139 lionjunge
1667 1086 1690 1125 c.
1715 1070 1812 1141 Capel-

125 1160 273 1215 laetsntur.
286 1156 479 1213 Parentalibus
512 1154 957 1212 anemennl'ebruariocelebra-
983 1156 1063 1210 lanus
1091 1164 1115 1210 1.
1137 1162 1204 1211 extr.
1233 1156 1268 1209 de
1293 1154 1393 1210 Farris.
1439 1154 1591 1209 Concilium
1618 1154 1812 1209 Tridentinum

123 1245 240 1308 bantur,
257 1250 371 1314 propter
392 1174 527 1298 insanitis
544 1249 572 1298 et
588 1243 725 1297 ominosos
743 1240 879 1311 ejusmodi
898 1240 1198 1329 dies'prohibitionem
1227 1241 1301 1295 illam
1332 1241 1505 1311 temperavit,
1536 1241 1571 1295 sd
1590 1240 1646 1295 duo
1675 1242 1812 1295 duntaxat

124 1332 209 1386 con‘n
231 1333 287 1385 ium
303 1331 448 1385 vitandum
469 1346 513 1385 ess
557 1328 672 1383 Ovidius
693 1327 754 1382 libr.
773 1333 797 1382 2.
811 1327 956 1381 Fastorum
983 1335 1109 1381 temore
1132 1344 1192 1381 earn
1228 1327 1379 1382 rediendo
1423 1343 1488 1381 nam
1511 1343 1576 1382 sess.
1602 1333 1639 1381 tt.
1663 1343 1688 1381 c.
1715 1333 1753 1382 to.
1779 1327 1814 1381 de

125 1348 276 1487 praiccigpit,
300 1417 348 1471 ubi
373 1417 457 1472 etiam
477 1346 624 1471 sabania
647 1415 746 1467 diebus
771 1414 855 1477 festas
873 1430 890 1467 a
908 1430 956 1466 nu·
983 1344 1091 1469 rcioim.
1110 1345 1479 1468 matrimonagSolnnimodo
1496 1414 1532 1466 ab
1550 1414 1679 1467 Adventu
1692 1414 1811 1481 Domini

124 1504 191 1573 ptiis
221 1502 417 1559 abstinendum
448 1519 509 1557 esse
537 1501 650 1555 indicat
696 1499 799 1554 Contra
827 1499 957 1569 conjugio
983 1517 1068 1568 aspre
1099 1502 1141 1552 act
1170 1501 1244 1553 diam
1276 1500 1458 1568 Epiphaniae
1486 1506 1513 1552 et
1543 1518 1562 1552 a
1598 1500 1678 1563 feria
1711 1506 1813 1567 qrrarta

124 1589 300 1660 aptissimum
317 1588 347 1642 id
366 1594 475 1658 tempus
495 1604 556 1641 esse
575 1584 777 1651 crmfimabant,
796 1585 869 1656 quod
891 1585 957 1637 idm
983 1588 1106 1640 cinerum
1124 1604 1210 1655 nsque
1227 1588 1258 1640 in
1275 1593 1400 1640 ortanam
1415 1586 1560 1655 parcitatis
1577 1586 1708 1655 antipater
1723 1587 1813 1640 solen-

124 1675 232 1729 Jnniac
249 1674 426 1744 repiebatur,
443 1680 474 1728 ut
493 1691 527 1729 ex
544 1672 592 1727 lib.
613 1678 638 1727 6.
658 1672 765 1727 Pastor.
787 1669 956 1740 intelligitur.
985 1674 1060 1725 niara
1077 1674 1240 1740 nuptiarum
1256 1672 1459 1741 prohibitiones
1477 1672 1628 1740 dilipenter
1639 1673 1676 1723 ab
1688 1673 1813 1725 omnibns

152 1777 185 1815 os
204 1759 280 1813 ethni
350 1778 384 1815 ac
404 1778 436 1814 su
458 1760 611 1813 erstitiosae
629 1757 668 1811 illi
686 1756 820 1811 mensium
844 1772 878 1809 ac
900 1754 955 1809 die·
984 1760 1129 1812 observari
1174 1757 1247 1812 raeci
1269 1758 1291 1811 it
1335 1760 1387 1810 sect
1410 1757 1478 1810 aliia
1505 1764 1558 1810 tem
1578 1758 1673 1810 arina
1698 1776 1735 1811 nn
1755 1759 1812 1810 tias

123 1762 185 1901 Puni
216 1777 401 1901 obseiiitioni
433 1778 597 1917 ‹ipponimus
636 1842 797 1897 mandatum
826 1841 957 1917 ¹divinum
983 1845 1123 1898 celebrari
1138 1776 1281 1914 pirminii.
1298 1799 1305 1823 ’
1321 1844 1440 1897 (lausam
1458 1842 1539 1911 hujus
1557 1776 1813 1898 indictionispltel·

123 1933 209 1987 Dsut.
233 1938 273 1995 te,
292 1951 314 1988 v.
337 1939 379 1987 lo:
399 1934 464 1986 Non
482 1933 517 1985 sit
539 1933 698 1985 obscaenior
716 1930 789 1982 inter
809 1946 857 1981 rroa
874 1929 956 1981 nara·
983 1931 1114 1985 larmiuus
1140 1930 1201 1985 libr.
1228 1932 1262 1984 de
1285 1931 1437 1984 matrimon.
1463 1930 1555 1999 capite
1574 1935 1615 1984 31.
1634 1930 1725 1984 reddit
1744 1934 1869 1999 samii.
1884 1940 1923 1983 tes

123 2037 187 2072 nem
205 2025 232 2071 et
250 2019 377 2081 dieram,
395 2023 422 2073 st
440 2016 510 2072 illud
528 2014 713 2087 apostolicum
729 2013 792 2070 Gal.
810 2021 840 2083 t,
864 2030 890 2066 r.
912 2019 957 2068 10:
984 2016 1058 2087 quod
1085 2017 1177 2070 adtac
1202 2017 1314 2085 quidem
1337 2015 1429 2084 nipcat
1456 2018 1626 2069 conmutatio
1643 2016 1674 2069 in
1693 2024 1751 2070 tota
1769 2033 1813 2069 ec·
1825 1988 1887 2041 (Μ)

126 2107 199 2158 Dies
231 2106 385 2158 observatis
417 2112 442 2157 et
465 2119 573 2157 menses
599 2110 626 2155 st
652 2109 778 2169 tempora
807 2107 833 2153 et
851 2116 957 2167 annos,·
983 2103 1071 2157 alesia
1099 2102 1324 2156 comrrsnnicandi
1352 2101 1382 2154 in
1413 2102 1506 2155 natali
1525 2102 1652 2171 Domini,
1684 2108 1756 2156 adeo
1782 2111 1812 2157 ut

124 2209 153 2245 ιι.
175 2197 225 2245 11:
257 2192 355 2258 timeo,
387 2206 422 2242 ne
452 2192 565 2253 trasna
595 2188 782 2241 laboraverim
813 2187 844 2239 in
872 2186 957 2239 nobb.
985 2191 1049 2243 rari
1063 2190 1126 2254 sint,
1144 2189 1193 2257 qai
1210 2190 1243 2241 id
1258 2206 1312 2242 non
1324 2189 1449 2256 sacia-nt,
1467 2189 1596 2256 qnodque
1608 2190 1667 2256 ispe
1684 2190 1813 2243 ecclecia-

124 2278 253 2347 ltemque
271 2276 341 2330 illud
358 2276 476 2330 alterum
494 2274 597 2331 Coloss.
618 2280 649 2342 1,
678 2292 703 2327 r.
726 2280 770 2329 te:
801 2274 890 2327 Nemo
909 2288 958 2325 nos
983 2277 1054 2330 stica
1073 2292 1165 2329 omnes
1185 2274 1342 2329 Cirr-iatiani
1358 2275 1584 2344 inpasclmtead
1598 2278 1814 2330 commansionem

120 2363 234 2435 judicet
252 2364 282 2416 in
298 2371 385 2431 parte
405 2364 465 2417 diei
481 2370 531 2415 aat
550 2360 711 2416 stramoniae
728 2366 781 2415 etc.
814 2358 959 2427 Conjunge
985 2364 1119 2415 atrociore
1135 2368 1297 2429 teneantur,
1322 2363 1374 2414 secl
1392 2362 1421 2413 in
1438 2370 1593 2431 pentecoste
1613 2365 1710 2416 rarior
1730 2363 1812 2417 bodie

128 2467 152 2505 c.
192 2448 255 2506 Non
276 2448 349 2505 licet.
368 2466 393 2503 c.
432 2448 461 2504 Si
506 2447 556 2503 uis.
585 2465 608 2502 c.
649 2446 712 2501 Non
734 2445 892 2500 observetis.
918 2449 959 2498 16.
985 2449 1022 2501 sit
1040 2447 1203 2502 communio.
1810 2466 1813 2471 ·

126 2555 153 2607 q.
173 2543 198 2592 1.
229 2533 278 2589 ubi
306 2464 505 2604 superstitiosil
526 2533 575 2587 illa
600 2533 776 2588 calendarum
805 2529 960 2586 observatio
1023 2540 1082 2590 tta.
1140 2533 1227 2590 Nobis
1264 2533 1466 2588 ecclesiasticae
1501 2533 1564 2589 illae
1605 2535 1814 2589 constitutiones

128 2638 224 2676 serere
241 2620 410 2691 prohibetur,
428 2626 457 2674 et
474 2620 521 2691 qui
540 2636 601 2674 eam
621 2625 743 2685 tuentur,
761 2618 796 2672 sd
814 2618 855 2671 sui
882 2617 960 2671 dam·
986 2621 1113 2675 absolute
1132 2629 1159 2675 et
1178 2620 1339 2690 simpliciter
1357 2635 1411 2672 non
1430 2618 1632 2689 improbantur,
1663 2620 1712 2675 sed
1738 2623 1759 2673 si
1777 2620 1815 2675 ab

131 2708 273 2764 nationem
295 2709 383 2779 magis
402 2723 486 2778 quam
506 2705 677 2760 adsalutem
697 2705 810 2758 tendere
823 2704 960 2758 dicuntur.
987 2706 1041 2761 illis
1059 2707 1191 2775 feramur,
1210 2722 1294 2777 penes
1313 2721 1382 2775 quos
1407 2710 1450 2759 est
1467 2712 1591 2776 potestas
1610 2706 1814 2762 ecclesiasticae

164 2800 225 2852 «168.
261 2795 430 2861 Lepitimam
447 2792 675 2861 (reprobabilem
693 2792 761 2846 certi
779 2790 910 2860 temporis
933 2764 975 2842 in¹
989 2799 1157 2866 νομοθεσίας
1181 2809 1214 2845 eo
1240 2792 1263 2844 si
1287 2791 1392 2861 absque
1416 2791 1610 2860 superstitione
1633 2799 1662 2845 et
1685 2792 1814 2863 opinione

127 2881 238 2953 nuptiis
255 2880 428 2936 celebrandis
451 2879 671 2935 observationem
694 2895 761 2932 voco
780 2893 855 2945 eam,
890 2893 961 2947 quae
987 2877 1169 2945 necessitatis,
1188 2877 1242 2932 fine
1261 2877 1340 2943 utili,
1363 2882 1396 2930 ut
1412 2877 1519 2931 scilicet
1535 2876 1656 2931 homines
1676 2878 1711 2931 ad
1735 2879 1814 2931 devo

129 2984 163 3021 ex
184 2966 374 3023 ecclesiastica
400 2966 444 3019 rel
461 2965 576 3037 politica
594 2964 789 3019 constitutione
812 2963 909 3017 utilem
928 2978 962 3016 ao
986 2974 1043 3019 tam
1078 2964 1211 3019 festorum
1250 2963 1435 3018 solenniorum
1473 2963 1685 3018 celebrationem
1725 2964 1813 3034 magis

128 3054 279 3108 calwem
315 3051 400 3107 finem
435 3056 578 3121 spectante
614 3050 748 3120 originem
783 3048 881 3117 trahit,
919 3048 961 3103 vel
987 3055 1199 3120 praeparentur,
1226 3049 1255 3103 in
1274 3048 1391 3104 ecclesia
1410 3050 1601 3116 observentur,
1632 3066 1680 3103 eas
1698 3067 1753 3104 non
1771 3067 1814 3104 so·
1841 3120 1844 3125 ᾗ

128 3138 247 3211 physica
283 3137 402 3208 quadam
440 3136 546 3191 ratione
581 3137 685 3190 nititur.
744 3136 789 3189 Sic
818 3136 846 3187 in
875 3135 960 3189 veteri
986 3137 1043 3191 lum
1063 3136 1220 3199 toleramus,
1239 3136 1287 3189 sed
1308 3136 1390 3189 etiam
1408 3135 1639 3189 commendamus.
1678 3136 1724 3191 Sic
1742 3135 1814 3191 enim

127 3224 249 3281 ecclesia
279 3224 351 3278 bono
380 3221 495 3277 consilio
528 3227 662 3275 statutum
688 3222 756 3288 fuit,
783 3238 817 3275 ne
835 3221 864 3274 in
882 3220 1124 3294 sesamprascipit
1148 3222 1305 3277 constitutio
1329 3221 1516 3276 ecclesiastica
1540 3221 1666 3276 electoris
1685 3223 1815 3293 Augusti,

127 3309 330 3366 solennioribus
349 3307 553 3369 natalitiorum,
581 3307 720 3377 paschatis
737 3312 766 3361 et
787 3314 960 3376 pentecostes
988 3326 1060 3382 quae
1086 3310 1114 3364 in
1139 3309 1261 3364 ecclesiis
1285 3308 1427 3365 saxonicis
1454 3308 1617 3362 observatur
1640 3308 1669 3361 in
1692 3325 1754 3377 cap.
1780 3309 1816 3361 de

128 3406 179 3453 aut
215 3394 326 3450 roximis
347 3394 445 3449 diebus
468 3402 532 3449 aute
547 3393 595 3449 ille
619 3394 692 3448 festa
733 3411 777 3448 om
799 3410 831 3448 ae
850 3410 888 3447 nu
909 3393 1112 3452 tia-articulis
1157 3394 1314 3450 eneralibus
1359 3437 1364 3448 .
1392 3400 1457 3450 3³1:
1495 3395 1529 3447 Ut
1554 3395 1628 3447 'aaa
1653 3397 1816 3448 mesndatam
1917 3406 1920 3411 ’

128 3414 425 3553 rampcelebrarentur,
444 3498 479 3537 ne
497 3480 629 3535 conviviis
649 3411 820 3550 nuptialiblirs
837 3411 960 3535 nubere-
987 3491 1014 3537 et
1032 3413 1240 3537 ordinatgionem
1258 3413 1383 3534 dionisia
1394 3413 1748 3549 sabbatambaactiticetnr,
1766 3497 1815 3533 nec

127 3578 176 3625 tur
210 3576 294 3639 etque
334 3568 513 3638 impediretur
549 3566 724 3636 praeparatio
770 3566 806 3620 ad
847 3566 960 3637 dignam
986 3572 1021 3626 ab
1040 3570 1143 3623 ιιιιᾱίειι
1161 3570 1240 3621 certi
1256 3568 1379 3622 homines
1398 3568 1613 3634 cibati-almam,
1626 3569 1742 3635 scaptiae
1760 3585 1817 3620 non

128 3654 313 3713 eucharistiae
333 3655 545 3725 perceptionem,
564 3670 636 3723 quae
651 3653 693 3719 (ut
712 3658 821 3707 constat
846 3670 878 3709 er
896 3671 960 3708 con·
972 3666 975 3735 i
988 3659 1085 3711 dictas
1105 3655 1264 3709 Dominicis
1280 3662 1328 3707 aret
1344 3655 1442 3721 festia,
1473 3656 1524 3706 scil
1546 3654 1685 3721 prosectis
1710 3654 1818 3706 irretit-ni

573 3737 1020 3878 ¹
1204 3825 1806 3887 ,a

146 3836 193 3883 rat
212 3844 371 3882 communis.
475 3842 569 3880 crium
954 3846 1018 3885 ‚ire
1057 3848 1084 3881 rr
1394 3845 1412 3878 ιι
1551 3860 1554 3867 -
1806 3856 1816 3866 -

129 3846 174 3970 iel
193 3923 225 3969 ut
251 3913 299 3968 ulii
319 3912 416 3967 volunt
438 3926 512 3966 anno
530 3916 588 3966 3114.
607 3909 731 3965 habitum
749 3927 847 3966 canon.
873 3918 913 3966 52.
934 3846 1124 4053 et'tnciritur:
1152 3929 1209 3965 non
1238 3920 1327 3964 tamen
1357 3919 1422 3965 itate
1449 3927 1549 3979 preces
1587 3912 1761 3979 vespertinae
1791 3920 1817 3965 et

129 4001 249 4056 habetur
266 4015 290 4053 c.
328 3998 390 4053 Non
409 4001 517 4067 oportet
535 4001 576 4051 ³3.
603 4014 628 4067 q.
648 4003 678 4052 4:
710 3998 776 4050 Non
798 4005 906 4067 oportet
931 3999 961 4051 in
988 4017 1102 4056 eramen
1126 3999 1320 4055 catccbeticam
1337 3998 1414 4052 iliaci
1438 3998 1504 4061 sieri
1521 3999 1607 4051 ciebet
1654 3996 1692 4050 Et
1706 4003 1817 4067 postea:

123 4086 354 4157 cncede-apedno
386 4092 435 4137 ant
458 4084 572 4153 nuptiae
595 4084 638 4137 cel
665 4085 803 4153 errantia
826 4078 975 4139 malitia*
990 4088 1121 4153 Quamvis
1159 4086 1321 4139 Christiana
1359 4085 1475 4138 libertas
1513 4086 1622 4138 dieram
1665 4086 1817 4139 discrimen

130 4174 284 4229 celebrare.
334 4171 376 4224 Ex
402 4170 518 4226 concilio
544 4168 680 4225 Verdensi
708 4171 736 4224 in
764 4180 842 4226 sexto
868 4172 1111 4243 seculogipnoret,
1144 4181 1234 4227 ιιιιιιιιι
1258 4190 1321 4225 cacan
1341 4170 1506 4225 flaminicae
1532 4174 1677 4224 Actaeam
1702 4188 1736 4225 ac
1751 4188 1817 4239 qua·

128 4257 182 4313 sub
211 4256 383 4312 Theoderico
415 4256 443 4308 in
470 4254 613 4325 Hispaniis
644 4256 783 4311 celebrato
811 4256 1175 4411 Gratianuspdrapesimalc
1191 4268 1299 4327 tempus
1307 4257 1498 4312 concionibus
1516 4258 1765 4327 poenitentialibus
1783 4276 1817 4311 ac

129 4346 215 4399 talem
254 4345 362 4399 roducit
387 4358 520 4397 canonem
538 4359 599 4401 ca.
634 4342 731 4400 Nouo
769 4351 823 4399 rtet
843 4362 915 4401 caus.
934 4351 963 4399 et
1007 4347 1196 4400 meionatibaa
1232 4345 1401 4398 destinatam
1438 4344 1476 4397 eit
1502 4350 1533 4397 at
1578 4384 1584 4395 ,
1616 4345 1709 4397 omnic
1737 4362 1818 4398 ιιιιιιιι

129 4361 253 4503 cluerent.p
260 4430 336 4486 iisd:
353 4431 420 4484 Non
437 4438 544 4498 oportet
563 4361 590 4482 ei)
599 4360 804 4501 septwpeiimcc
821 4449 906 4500 empne
931 4365 1107 4503 infiiabeant
1127 4434 1238 4506 καιρόν,
1269 4432 1333 4484 ideo
1351 4416 1465 4500 nuptiae
1484 4447 1516 4484 eo
1533 4360 1656 4499 gripor-e
1680 4431 1820 4485 celebrari

130 4526 258 4572 octonem
300 4517 401 4570 maiae
419 4523 444 4568 ct
461 4515 550 4569 tribas
569 4517 865 4571 hebdomadibasante
898 4518 976 4570 cati-³
1008 4519 1166 4572 cohibemus
1191 4526 1243 4573 etc.
1290 4516 1352 4571 Non
1373 4516 1382 4570 i
1405 4515 1461 4570 ’tur
1482 4514 1599 4571 iacimus
1623 4533 1687 4570 cum
1703 4517 1817 4571 Calvino

129 4606 245 4658 citatem
261 4534 402 4658 Jinatmt
421 4603 570 4671 Baptistae
588 4612 614 4657 et
634 4604 670 4657 ab
686 4604 817 4657 Adventu
843 4519 963 4657 Diirsiai
973 4537 1016 4667 iit
1036 4605 1122 4674 ipsius
1140 4603 1268 4672 asseclis,
1302 4602 1350 4672 qui
1369 4533 1440 4656 hilm
1461 4602 1674 4657 ecclesiasticam
1692 4602 1819 4665 εὐταξίαν

129 4690 818 4831 “'tttttt‘ltttll’b“titt
838 4688 1314 4831 tltiil⁹1t³lltltlit‘
1343 4688 1818 4834 qiiifflbtimpiliiiii

194 4802 197 4809 ·
548 4796 570 4832 r.
647 4794 750 4831 monus
974 4794 1022 4833 'ce
1068 4796 1081 4830 r
1303 4817 1308 4828 .
1553 4813 1559 4829 .
1599 4817 1604 4826 .
1750 4818 1757 4831 .
1811 4821 1817 4833 .

128 4777 317 4934 begunim
335 4792 491 4932 re'spoii'dit,
517 4866 550 4914 ut
566 4860 684 4916 habetur
703 4881 724 4917 c.
760 4862 819 4921 Nec
853 4877 977 4925 uxorem3
991 4860 1018 4939 ξ
1044 4868 1083 4919 at.
1122 4863 1194 4915 inter
1218 4863 1307 4931 leym,
1340 4863 1439 4930 peribas
1465 4862 1611 4931 pontifices
1639 4864 1817 4929 tyrannidem

132 4967 209 5005 caus.
226 4956 255 5004 et
271 4955 377 5021 quaest.
396 4948 472 5002 iisd:
492 4950 551 5002 Nec
570 4966 684 5002 acorem
703 4950 813 5015 (iacere,
831 4966 880 5001 nec
900 4966 964 5002 eon·
975 4944 977 4997 1
989 4969 1069 5004 emim
1087 4951 1244 5019 tiinmrant,
1259 4951 1367 5018 partim
1384 4952 1413 5003 in
1431 4951 1524 5003 Deum
1542 4951 1691 5012 manifecte
1708 4952 1820 5020 impias,

132 5038 210 5091 vicia
229 5039 328 5101 faeere
352 5038 382 5090 in
405 5036 651 5106 qnadrapcaimali
671 5045 794 5104 tempore
819 5035 964 5089 contenire
976 5038 978 5091 Ι
986 5037 1094 5106 partim
1113 5036 1142 5089 in
1155 5036 1278 5091 homines
1290 5035 1489 5104 irtiqncbaimas,
1507 5033 1591 5090 etiam
1602 5034 1674 5089 hauc
1686 5043 1820 5101 recenset,

153 5139 215 5179 oeae
232 5122 291 5177 ulio
309 5125 393 5177 mocio
414 5124 546 5176 arbitror.
589 5122 623 5175 lu
646 5121 763 5177 concilio
789 5121 852 5176 Sale
873 5128 965 5174 ansta-
991 5142 1025 5176 ne
1053 5143 1071 5176 ιι
1099 5122 1139 5176 Se
1156 5130 1205 5175 tna
1225 5123 1313 5175 crima
1340 5123 1382 5174 ad
1413 5129 1527 5175 octavae
1580 5123 1681 5177 asellae
1730 5123 1820 5177 tribas

129 5142 226 5265 iiiensi
254 5223 327 5263 anno
355 5214 429 5264 1023.
459 5208 596 5264 celebrato
623 5206 714 5277 capite
743 5214 767 5263 3.
795 5140 884 5263 exstit
902 5134 1291 5264 talisllcebclomaciibasyante
1308 5208 1433 5262 areana
1450 5139 1606 5276 Joaanri’n,
1637 5210 1673 5263 ab
1690 5163 1821 5264 iidventn

134 5295 310 5352 constitutio:
341 5298 387 5349 Dc
412 5296 545 5365 lepitinais
569 5294 708 5363 conjupiis
731 5294 772 5347 ita
802 5295 889 5347 vistim
916 5301 979 5357 eet,¹
993 5298 1034 5349 ad
1044 5295 1236 5365 Epiphaniam
1247 5296 1361 5363 nuptiae
1374 5294 1555 5351 celebrentur.
1588 5293 1705 5350 Sohnius
1718 5302 1781 5348 torn.
1796 5300 1819 5350 1.

134 5387 212 5453 quod
234 5383 329 5437 nullm
355 5382 533 5481 discretiones
556 5398 669 5435 ararem
697 5383 796 5478 elucere
813 5380 912 5477 debeat
930 5380 1105 5509 abpoperum
1126 5380 1258 5478 disputat
1276 5381 1312 5434 de
1330 5380 1502 5479 matrimouip
1527 5380 1596 5437 thes.
1616 5386 1663 5436 ts:
1696 5382 1821 5450 Nuptiae

135 5472 269 5525 Adventu
287 5471 405 5523 Domine
423 5486 508 5537 usqrse
525 5470 567 5521 ccl
583 5474 708 5521 octavam
727 5467 923 5535 Epiphaniae,
941 5474 967 5520 et
993 5485 1089 5537 quovit
1114 5484 1181 5519 anne
1205 5473 1328 5537 tempore
1349 5467 1488 5523 celebrare
1511 5476 1637 5535 poseant.
1667 5468 1737 5523 thes.
1772 5474 1820 5524 tte:

135 5578 154 5612 a
176 5556 388 5627 Septnapeeima
405 5572 491 5623 aeque
507 5556 539 5607 in
556 5563 682 5611 octavam
696 5554 838 5623 paratae,
869 5570 919 5607 nec
935 5554 966 5609 in
977 5588 980 5621 ,
993 5557 1104 5609 Errant
1123 5554 1211 5623 ipsine
1225 5556 1387 5623 pontifices,
1412 5554 1462 5625 qai
1479 5556 1509 5609 ia
1531 5556 1754 5621 thauirapesima
1770 5575 1820 5611 aa·

966 608 970 625 l
