4020 6022
809 254 863 315 ΙῈ
880 254 1081 318 cunabulo,
1722 268 1781 331 att

90 416 165 473 enin
181 414 219 474 ab
236 414 371 475 uxoribus
387 417 429 474 ita
447 416 670 490 dintinguantur,
689 422 722 471 ut
740 415 808 471 illud
827 431 927 470 nomen
954 430 989 468 ea
1015 416 1075 483 lec,
1102 430 1174 483 guae
1200 416 1338 485 probrum
1365 430 1427 469 ciem
1451 413 1613 471 concubinis
1632 415 1786 471 immisceri

89 505 130 560 eir
149 504 262 575 panitur
291 506 456 578 derogetur,
481 504 546 560 illae
576 503 688 559 luerunt
718 509 810 559 icone
833 499 926 557 indic.
951 518 1009 555 non
1025 500 1246 556 erubeecentibue
1263 502 1296 556 id
1307 502 1526 574 permittendum
1535 502 1687 571 pediculi,
1702 502 1784 557 bone·

90 594 119 659 8,
136 609 160 646 v.
182 596 224 647 ³1.
952 595 1052 642 atatem
1069 605 1172 658 naemu
1191 589 1280 658 deque
1303 588 1405 643 babuit.
1450 589 1495 643 Ne
1519 606 1585 658 erpo
1601 590 1652 642 boc
1671 588 1784 657 lepirla·

10 674 76 717 ⁸⁰⁶¹·
125 679 184 731 bib.
218 675 289 730 dure
306 676 385 731 cicili
409 675 467 731 rive
492 675 618 731 Romano
642 672 801 729 concubina
825 671 926 726 dieibn
952 676 1024 727 toric
1070 682 1195 729 erratum
1240 676 1378 729 dcdecm
1419 683 1545 729 noctram
1584 675 1783 744 rempublicam

10 738 50 819 :n
90 762 159 817 talia
193 763 311 832 mulier,
335 781 396 817 cum
427 782 483 834 qnia
509 763 716 818 matrimonium
746 760 926 814 interdictum
952 762 1071 828 afficere
1090 762 1225 827 rimamur,
1243 762 1338 831 itaque
1356 763 1402 815 lea
1412 762 1467 817 illa
1484 762 1515 814 in
1534 768 1676 815 aeternum
1693 761 1783 818 rileto.

10 829 33 872 ¹¹·
88 865 145 903 non
162 855 217 917 cat,
240 867 322 921 qaam
340 849 429 903 eoliue
445 849 600 921 uolneptatir
618 857 644 902 ct
661 846 820 902 concubitui
838 863 926 900 cauea
951 846 997 900 Ab
1023 847 1077 901 illa
1097 848 1170 901 enim
1198 866 1254 902 nan
1283 849 1366 902 inodo
1391 848 1551 918 relipionir,
1579 864 1676 901 oerum
1701 848 1784 903 etiam

88 935 196 989 solcum
223 936 264 989 ita
289 935 422 1004 commit,
458 937 534 1003 guod
549 934 631 988 illam
656 933 769 987 unicam
787 940 813 986 ct
836 932 925 987 oolam
951 941 1069 987 naturae
1102 933 1213 1003 injuria
1245 936 1396 988 necandum
1432 935 1531 989 diuino
1561 932 1783 1003 Obrietianiegue

88 1021 264 1087 concubiae,
289 1038 345 1075 nan
372 1020 546 1074 matrimonii
575 1036 663 1073 cama
685 1019 786 1072 babere
815 1017 925 1073 veliti
950 1020 1141 1073 convenientia
1155 1028 1314 1090 praecepta
1335 1020 1524 1090 prohibemur.
1560 1022 1601 1074 lit
1623 1021 1736 1090 ςυίάωη
1758 1022 1786 1074 ei

88 1106 162 1160 unic.
183 1106 213 1161 0.
235 1106 270 1161 dc
297 1104 443 1161 concubin.
475 1104 519 1161 val
543 1122 628 1175 meam
657 1105 720 1173 quia
746 1122 802 1158 nau
826 1104 927 1158 mariti
950 1123 1012 1159 cum
1045 1106 1151 1167 fontem
1182 1107 1301 1179 babeat,
1331 1108 1423 1162 sobrie
1454 1109 1521 1161 inde
1549 1108 1665 1161 baurire
1689 1107 1784 1161 diuino

88 1193 192 1258 animo,
209 1195 262 1247 aad
282 1193 492 1248 emieuuudinir
510 1199 617 1245 lantum
638 1208 735 1259 cauea,
752 1191 813 1244 aine
832 1190 926 1259 etupri
945 1200 1100 1261 praecepto
1118 1209 1267 1261 rnorteare,
1289 1212 1345 1263 qua
1366 1195 1490 1257 ratione,
1508 1211 1571 1247 cum
1586 1210 1678 1263 purae
1693 1210 1784 1263 aquae

88 1285 189 1331 tamem
213 1279 330 1332 crimine
355 1296 390 1332 ac
411 1278 525 1347 stapitio
545 1276 625 1331 domi
650 1276 746 1339 babet,
771 1275 846 1331 unde
872 1292 924 1330 uec
949 1277 1064 1332 baurire
1082 1278 1174 1347 liccat,
1191 1280 1280 1333 lutum
1298 1288 1329 1333 tu
1345 1280 1454 1334 mencio.²
1472 1288 1530 1333 tum
1548 1280 1662 1334 tametai
1678 1280 1785 1343 fontem

88 1363 150 1434 ipra
173 1363 202 1418 in
223 1363 313 1419 mariti
337 1363 472 1419 familiam
501 1364 615 1431 tramit,
645 1380 696 1417 nec
726 1362 806 1418 liberi
834 1378 868 1417 ex
891 1378 924 1417 ea
950 1380 1006 1417 non
1025 1364 1138 1433 babeat,
1157 1366 1238 1418 rebue
1256 1374 1347 1419 mmen
1364 1366 1455 1420 omitia
1471 1366 1515 1419 uti
1529 1370 1590 1429 inan
1609 1373 1695 1435 potae.
1733 1367 1783 1421 Gt·

88 1450 211 1521 rurcepti
228 1450 514 1522 cementiulegitimi.
547 1447 817 1520 Cujuedefinitionie
829 1452 923 1518 parton
949 1456 1039 1503 torum
1067 1451 1142 1504 citae
1170 1460 1327 1506 conecrtem
1352 1453 1477 1507 inuenire
1505 1453 1627 1517 difficile
1650 1470 1706 1507 non
1732 1462 1783 1508 cat.

89 1542 119 1591 et
136 1535 259 1591 rationes
278 1535 339 1591 ture
356 1536 476 1606 explicat
492 1535 685 1591 Hotomannur
709 1535 738 1589 in
757 1551 854 1589 couniri¹
874 1532 923 1588 ubi
949 1534 1020 1593 Nor.
1038 1542 1090 1592 99:
1126 1538 1208 1591 Nileil
1232 1538 1305 1593 inter
1324 1540 1490 1593 coelibatum
1513 1547 1538 1593 et
1564 1539 1780 1609 matrimonium,

89 1639 139 1676 aex
159 1620 212 1674 diff
215 1621 335 1676 erentiar
354 1637 449 1676 aarum
461 1621 498 1676 ab
511 1620 644 1676 uxoribus
661 1621 793 1691 arrigunt.
819 1618 923 1674 l'aulue
949 1625 1026 1692 quod
1042 1624 1212 1691 reprebendi
1222 1644 1278 1679 non
1290 1626 1397 1689 debeat,
1414 1627 1535 1679 medium
1556 1626 1704 1691 inveniam
1720 1644 1783 1682 con-

91 1725 125 1763 ex
142 1707 279 1763 Marrurio
296 1706 314 1763 1.
334 1713 392 1763 144.
416 1706 451 1762 de
471 1706 546 1767 verb.
573 1706 665 1778 cignis.
689 1707 822 1777 pellicem
847 1705 924 1775 apud
943 1710 1143 1778 jupolircitae
1161 1712 1304 1765 duiderio
1316 1712 1441 1765 tencriet
1459 1713 1588 1781 conjupii
1603 1713 1679 1782 lepre
1692 1730 1785 1769 ceram

89 1795 219 1865 antiquos
238 1808 299 1848 eam
318 1792 416 1848 rcribit
438 1791 579 1861 habitam,
602 1810 674 1862 quae
695 1810 756 1847 cum
777 1809 849 1845 noar
868 1809 924 1844 non
949 1812 1059 1849 neceece
1104 1804 1153 1851 eet.
1205 1798 1366 1867 Dirplicent
1408 1799 1583 1853 matrimonii
1618 1799 1783 1855 muminito!

91 1890 171 1946 enat,
189 1898 250 1934 cum
268 1881 365 1950 aliqua
385 1887 480 1933 tamen
502 1880 623 1947 vivebat,
651 1896 735 1948 guam
760 1896 833 1932 nunc
858 1896 923 1933 ocra
953 1881 1066 1936 Coeleba
1085 1882 1163 1935 uiroc
1181 1899 1268 1951 neque
1296 1884 1503 1939 matrimonium
1528 1884 1671 1939 adulteret
1696 1902 1784 1955 ncguc

90 1968 201 2021 nomine
214 1968 340 2030 criticam,
351 1966 442 2038 paulo
455 1966 614 2020 boneetiore
625 1965 807 2019 concubinam
820 1973 925 2019 cocaru.
949 1968 1028 2031 falco
1047 1968 1198 2021 coelibatui
1214 1970 1325 2023 nemine
1345 1971 1456 2039 culpam
1470 1979 1628 2040 praetem.
1652 1972 1784 2036 Quamvis

90 2052 158 2122 (Ubi
177 2053 283 2124 pellicia
295 2070 394 2109 nomen
407 2053 490 2108 latiur
502 2053 646 2124 accipitur,
663 2052 730 2107 alibi
743 2068 808 2107 vere
826 2051 922 2107 etricte
937 2058 1044 2121 ,autem
1062 2051 1163 2109 laonia
1182 2054 1392 2110 conrdtutiouee
1407 2073 1458 2125 per
1469 2073 1498 2111 re
1516 2074 1571 2111 non
1583 2057 1704 2113 babeant
1711 2058 1784 2127 juria

92 2146 240 2210 acceptum
251 2140 434 2194 acancubina
451 2138 632 2210 distinguitur
648 2156 683 2193 ac
699 2137 839 2209 significat
856 2154 926 2205 eam,
936 2148 940 2197 3
952 2138 1158 2207 auctoritatem,
1179 2157 1231 2195 uec
1255 2139 1312 2194 vim
1329 2140 1484 2212 abrogandi
1503 2143 1691 2198 lastinianeae
1708 2143 1784 2215 leger

91 2243 163 2297 quaa
185 2243 243 2281 una
263 2243 326 2281 cum
352 2226 477 2297 legitima
500 2240 586 2280 uxore
605 2224 736 2292 buitur,
756 2224 865 2294 deque
886 2221 927 2277 ric
952 2223 1109 2289 obtineant,
1134 2231 1226 2280 tamen
1258 2242 1321 2280 cum
1347 2225 1416 2281 baec
1440 2227 1502 2298 ipra
1522 2228 1625 2285 beonia
1652 2231 1784 2285 constitu·

91 2312 187 2367 acribit
203 2312 318 2368 Fertur:
336 2313 474 2367 Pollicem
481 2312 593 2381 antiqui
605 2313 726 2384 proprie
738 2311 927 2377 nominabant,
952 2309 991 2365 tio
1014 2310 1100 2364 aacrir
1127 2311 1227 2375 litem,
1253 2312 1364 2381 pietati,
1393 2312 1531 2369 honestati
1549 2320 1577 2369 et
1594 2315 1675 2371 bonis
1702 2316 1783 2371 mori·

91 2416 163 2467 qaae
181 2415 294 2453 uacrem
313 2400 426 2452 babenti
442 2400 575 2468 nubebat,
600 2400 677 2453 unde
695 2398 805 2453 Pauiue
823 2394 1005 2479 ibidemgbur
1022 2397 1111 2467 maffia
1148 2413 1271 2467 congrua
1307 2398 1356 2463 eit,
1394 2399 1423 2453 in
1456 2398 1615 2456 Christiana
1641 2402 1784 2471 republica

93 2503 127 2539 cc
145 2486 252 2539 Flacco
269 2487 367 2555 addit,
386 2486 520 2555 pellicem
542 2503 615 2539 nunc
635 2486 718 2553 culpo
741 2483 840 2537 occari
856 2482 1105 2552 eam,=repudiatia
1132 2490 1255 2539 veterum
1287 2484 1529 2542 conutitutionibua
1558 2487 1654 2543 merita
1689 2489 1782 2545 obaer-

91 2588 237 2641 qaaccum
249 2588 290 2641 eo,
310 2572 357 2626 cui
368 2590 441 2626 uror
454 2573 499 2641 eit,
518 2589 621 2641 corpur
639 2530 1041 2643 misceat591eoedam'vrurr.

92 2674 162 2725 eam,
179 2674 252 2727 quae
278 2658 376 2712 uuorir
401 2659 463 2711 loco
494 2658 554 2711 eine
582 2658 689 2726 nuptiis
712 2658 743 2710 in
771 2658 854 2711 elom
880 2646 941 2771 cit„
988 2660 1044 2710 557.
1079 2654 1114 2709 In
1128 2656 1193 2726 jure
1204 2658 1339 2711 careonicc
1357 2657 1466 2712 diversa
1477 2664 1588 2713 exstant
1600 2658 1636 2714 de
1653 2662 1783 2718 concubi·
1796 2678 1820 2719 tn
1833 2679 1884 2729 sur·

92 2763 176 2814 quam
194 2746 339 2812 παλλακὴν
355 2743 456 2799 Graeci
476 2750 594 2806 vocant.)
621 2742 656 2797 In
674 2742 813 2799 veteribus
830 2741 926 2797 inscri-
952 2739 996 2795 nir
1013 2739 1133 2796 decoeta
1169 2740 1314 2806 Quaedam
1341 2743 1414 2797 enim
1438 2760 1485 2799 eae
1508 2744 1537 2797 in
1561 2745 1718 2803 uuiversum
1742 2748 1781 2801 ri·
1796 2733 1917 2771 ΜΝ·

92 2832 233 2902 ptionibur
260 2831 417 2885 nominatur
433 2831 632 2899 nnmonjune,
654 2846 717 2885 cum
734 2846 848 2885 uxorem
866 2828 926 2882 imi·
954 2827 1054 2883 dentur
1071 2829 1224 2899 prohibere.
1235 2845 1257 2884 c.
1271 2829 1375 2884 Audite
1383 2837 1436 2885 etc.
1449 2830 1571 2888 distinct.
1585 2838 1626 2887 34.
1642 2850 1674 2887 er
1688 2835 1783 2904 Augu·

93 2924 174 2972 tetur.
226 2919 271 2971 An
306 2935 369 2972 curn
400 2916 450 2971 tali
483 2914 639 2971 concubina
667 2915 836 2971 mmornum
868 2915 927 2971 eive
954 2915 1026 2970 runo
1044 2913 1135 2971 homil.
1152 2922 1201 2971 49:
1230 2916 1406 2971 Concubinae
1423 2918 1524 2971 trabere
1541 2937 1597 2972 non
1616 2920 1680 2973 licet
1698 2923 1783 2985 cobis,

94 3003 295 3058 concubinatus
325 3006 389 3073 jure
414 3002 490 3075 cirili
516 3002 667 3072 parmieeua
691 3001 790 3067 fuerit,
818 3001 927 3056 variant
953 3003 1006 3056 atri
1039 3019 1092 3056 nou
1125 3003 1233 3057 babetie
1261 3020 1374 3069 uccrea,
1408 3011 1500 3057 tamen
1528 3022 1584 3058 non
1613 3007 1680 3060 licet
1708 3008 1785 3061 nobie

90 3089 307 3160 jurisconsulti(
331 3090 375 3146 De
398 3089 508 3161 legibue
533 3088 736 3160 antiquioribuu
756 3094 824 3145 unte
840 3088 927 3144 lueti-
953 3087 1054 3141 babere
1073 3086 1255 3156 concubinae,
1277 3106 1348 3157 quar
1362 3096 1464 3157 portia
1487 3090 1635 3145 dimittatie
1654 3100 1680 3146 et
1699 3094 1784 3147 duca·

95 3176 170 3229 niani
189 3183 314 3245 tempora
332 3176 516 3248 promulgatis
535 3176 614 3231 nulla
629 3177 689 3231 fere
709 3175 847 3231 dubitatio
865 3190 927 3230 erre
952 3174 988 3227 tie
999 3190 1107 3242 uxoren
1128 3181 1206 3227 tanto
1217 3175 1308 3244 mageb
1320 3176 1464 3230 munatio
1483 3178 1536 3230 erit
1547 3177 1632 3241 υοόῑε,
1653 3179 1681 3232 ci
1691 3181 1784 3234 uolue-

95 3270 202 3331 potert,
239 3262 307 3333 quin
334 3262 389 3317 illie
423 3262 623 3318 concubinatus
655 3262 741 3318 fuerit
768 3262 927 3332 permissui,
954 3260 1018 3313 nitio
1031 3260 1132 3312 babere
1144 3276 1246 3313 ucoree
1262 3268 1288 3312 et
1303 3261 1476 3317 concubinae.
1494 3278 1518 3317 c.
1538 3262 1715 3319 Concubinae
1733 3273 1784 3322 etc

95 3347 257 3404 nudatae
289 3350 361 3403 enim
389 3356 456 3403 eunt
488 3348 698 3405 constitutiones
731 3349 927 3419 imperatorum
954 3349 996 3401 ³2.
1014 3352 1120 3415 quaeat
1138 3350 1160 3402 2.
1179 3344 1382 3416 exAugurtino
1400 3345 1436 3401 de
1453 3346 1517 3402 bon.
1537 3349 1649 3421 conjug.
1668 3366 1730 3421 cap.
1745 3358 1784 3409 14.

10 3446 81 3490 ,118ι
95 3442 124 3489 et
143 3451 274 3504 responsa
286 3435 547 3504 jurisconsultorum
570 3443 694 3491 veterum
717 3434 747 3489 in
766 3434 797 3490 C.
816 3439 845 3489 et
861 3433 926 3504 Dig.
954 3431 1131 3485 Concubinae
1148 3434 1189 3485 ad
1206 3440 1312 3502 tempue
1330 3433 1483 3501 adbibitae,
1501 3451 1551 3489 nec
1569 3437 1681 3491 etianui
1698 3455 1784 3493 cauca

95 3526 146 3574 tot
170 3520 213 3577 tit.
239 3521 275 3576 de
293 3521 435 3579 concubin.
466 3523 568 3593 quibua
597 3522 634 3577 ad
661 3520 793 3577 evitanda
819 3521 928 3591 majora
953 3519 1078 3583 filiarum
1095 3520 1289 3587 concumbant,
1306 3520 1415 3587 juetam
1436 3522 1549 3586 faciunt
1573 3524 1784 3581 concubinatum

95 3606 169 3661 mala
187 3608 442 3677 eomtrupationum
461 3616 490 3662 et
510 3608 641 3665 adulterii
661 3625 724 3665 eum
742 3623 797 3662 non
814 3606 927 3677 quidem
938 3592 941 3613 ¹
952 3622 1038 3660 enum.
1058 3621 1080 3660 c.
1090 3603 1179 3660 Nemo
1191 3611 1242 3660 etc.
1262 3622 1338 3660 caua
1358 3606 1418 3662 ead.
1439 3612 1544 3678 quaeat
1563 3614 1587 3663 4.
1606 3625 1640 3664 ex
1657 3611 1784 3667 Ambroa.

96 3692 217 3763 probari,
239 3692 289 3747 aed
306 3694 417 3748 tolerari
437 3702 558 3754 centem.
602 3694 646 3750 De
663 3711 696 3749 eo
714 3700 806 3749 autem
824 3692 927 3762 dirqui-
953 3690 1014 3746 libr.
1037 3696 1059 3747 1.
1082 3690 1117 3745 de
1135 3690 1287 3746 Abrabam.
1308 3707 1368 3761 cap.
1388 3699 1418 3748 4:
1443 3694 1531 3749 Nemo
1550 3694 1606 3749 eibi
1621 3696 1784 3752 bbendiauer

95 3786 176 3848 runt,
193 3794 239 3847 ‚an
258 3778 413 3834 novissimis
429 3781 583 3836 luatiniani
602 3778 846 3835 contitutionibue
863 3794 928 3833 con·
953 3779 990 3832 de
1005 3776 1113 3845 ieelim
1131 3778 1278 3831 bominum.
1307 3779 1394 3833 Omne
1412 3787 1541 3848 stuprum
1552 3782 1723 3837 adulterium
1734 3793 1783 3853 cat,

96 3866 243 3921 cubicetur
262 3866 299 3919 ait
317 3865 493 3935 prohibitur?
522 3866 670 3922 Albericue
684 3865 804 3922 Gentilie
820 3863 883 3919 libr.
904 3872 1002 3979 Lpncc
1023 3865 1084 3917 uiro
1101 3864 1177 3933 licet,
1198 3866 1275 3932 meod
1299 3864 1414 3919 nubere·
1434 3866 1586 3921 nonlicet.
1628 3870 1740 3923 Eadem
1765 3888 1785 3924 a

97 3952 132 4007 de
156 3952 261 4023 nuptiis
292 3968 354 4022 cap.
382 3959 406 4008 5.
437 3952 466 4007 id
492 3953 605 4022 aaredt,
636 3968 687 4024 pro
713 3969 769 4023 qua
791 3951 1022 4033 cantantia,oiro,
1043 3952 1171 4018 quaeat
1188 3968 1273 4005 uaore
1291 3953 1405 4006 debetur
1428 3952 1604 4009 castimonia.
1638 3952 1785 4025 Quidquid

96 4037 263 4093 stabilienda
281 4038 395 4108 quidam
412 4038 555 4094 adducunt
571 4038 678 4096 Novelb
697 4037 800 4094 lustin
819 4043 842 4094 6.
861 4055 885 4093 e.
906 4044 926 4093 1.
955 4037 984 4089 iu
996 4052 1040 4101 ea,
1058 4052 1131 4105 quae
1141 4054 1200 4090 non
1212 4037 1250 4090 rit
1262 4037 1388 4104 lepitima
1400 4055 1480 4107 uuor,
1497 4041 1672 4094 commumn
1685 4042 1784 4113 fueret,

96 4121 123 4195 ξ.
148 4129 174 4181 3.
203 4124 311 4182 Novell.
339 4130 394 4181 12³.
427 4142 451 4180 c.
473 4131 494 4180 1.
526 4126 555 4179 in
585 4124 672 4195 princ.
702 4131 730 4180 et
762 4140 786 4181 c.
808 4129 847 4180 12.
880 4123 929 4179 ubi
953 4122 1092 4176 adidterii
1125 4122 1243 4177 crimine
1279 4124 1438 4178 damnmur.
1490 4125 1576 4179 Nulli
1610 4126 1675 4181 licet
1711 4129 1785 4182 rcere

95 4210 233 4282 episcopie
261 4217 290 4265 et
313 4210 423 4265 clericis
442 4209 628 4265 concubinatu
654 4210 834 4266 interdicitur.
872 4208 1098 4279 Sadgmutierem
1111 4214 1230 4279 practer
1253 4225 1382 4271 uenum,
1403 4211 1521 4279 ideoque
1545 4212 1670 4280 conjugii
1687 4214 1784 4268 datmn

94 4314 129 4352 cx
148 4313 190 4365 eo,
209 4294 285 4366 quod
304 4295 411 4350 clericis
430 4296 459 4349 in
476 4298 567 4365 rpccie
592 4296 764 4353 concubinae
781 4296 927 4367 prohiben-
953 4302 993 4349 eet
1011 4295 1065 4348 tibi
1080 4295 1137 4363 jue,
1162 4309 1198 4347 ne
1222 4293 1253 4347 in
1278 4293 1408 4363 loqueum
1425 4295 1535 4351 diaboli
1550 4298 1660 4353 incidat
1679 4307 1705 4353 et
1722 4318 1783 4355 cum

94 4388 150 4451 tur,
166 4397 342 4453 nequaquam
359 4382 456 4438 inferri
479 4388 587 4453 puteat,
611 4384 687 4455 quod
704 4383 880 4439 Jurtinianur
897 4384 928 4436 in
952 4381 1069 4434 mediam
1104 4381 1201 4435 alieno
1236 4380 1393 4450 delinquen.
1444 4382 1504 4437 Nec
1536 4382 1588 4437 boc
1623 4386 1714 4439 colum
1743 4394 1784 4440 ert

93 4485 193 4539 periere
211 4473 240 4523 et
259 4468 414 4525 omnimoda
435 4468 649 4525 concubinatum
675 4469 833 4535 sustulerit,
857 4469 928 4525 aliar
952 4467 1123 4521 adulterium
1142 4484 1205 4521 cum
1224 4466 1321 4521 αῐίαπα
1344 4484 1467 4537 peccare
1485 4470 1616 4538 conjupe,
1635 4473 1688 4525 ced
1705 4489 1783 4527 omna

91 4556 153 4627 pari
180 4554 285 4609 ratione
305 4553 401 4609 intem
419 4564 528 4626 maaet,
553 4573 570 4610 a
592 4556 752 4612 Jurtiniano
773 4555 927 4627 prohibitae
938 4592 941 4609 .
951 4556 1029 4623 quod
1040 4553 1186 4607 nonhabet
1201 4560 1373 4623 potcetatem
1392 4570 1417 4611 c.
1427 4553 1511 4610 Dicat
1527 4556 1627 4627 aliquia
1641 4564 1694 4617 etc.
1706 4575 1781 4617 caua.
1795 4586 1849 4631 m,
1863 4587 1908 4631 ιη

92 4657 153 4696 aare
170 4641 306 4697 recmdae
332 4640 457 4712 nuptiae,
484 4659 547 4697 cum
577 4642 736 4714 epiecopum
764 4643 831 4715 eligi
851 4614 980 4723 retaliet
996 4646 1101 4712 quaeat.
1119 4638 1180 4694 iisd.
1197 4655 1230 4694 ex
1245 4639 1374 4697 Ambroa.
1391 4656 1472 4697 aaron
1492 4646 1540 4697 65:
1560 4643 1648 4697 Dicat
1667 4644 1781 4715 alimen

90 4745 163 4798 cum,
183 4728 233 4799 qui
251 4728 365 4783 viduam
383 4728 412 4781 in
432 4745 544 4783 uxorem
562 4729 655 4793 duxit,
685 4728 757 4787 Nor.
776 4735 801 4785 6.
821 4746 881 4800 cap.
903 4732 1065 4801 umorem
1084 4743 1141 4780 non
1155 4724 1243 4779 babeo
1263 4734 1289 4780 et
1311 4727 1376 4781 ideo
1396 4727 1531 4782 ancillam
1550 4730 1618 4783 mibi
1635 4732 1780 4788 ωεοσίαυί.

91 4831 125 4870 ac
148 4814 222 4886 quod
247 4814 336 4885 ipaiue
364 4831 474 4886 quoque
503 4814 655 4871 Jmtiuiaui
681 4812 1033 4881 comtitutionibueleiudi
1047 4814 1119 4882 guid
1137 4813 1217 4867 dicat
1236 4813 1386 4883 Scriptura
1411 4815 1453 4868 ad
1470 4815 1679 4871 Abrabamam:
1697 4819 1782 4889 Ejicc

91 4901 242 4972 permittur
257 4898 349 4955 adhuc
374 4900 460 4954 fuerit
479 4900 691 4969 concubinatus,
714 4902 791 4957 haud
808 4888 1087 4971 obroureiancillam
1116 4908 1142 4954 et
1168 4900 1260 4965 filium
1290 4901 1352 4969 ejue
1370 4908 1419 4955 etc.
1459 4901 1517 4957 cnr
1541 4919 1607 4972 erpo
1634 4907 1782 4973 quaeritur

91 4988 232 5059 colligitur
250 5004 284 5043 ex
308 4986 378 5044 Nov.
400 4992 439 5042 12.
460 5003 484 5041 c.
503 4993 525 5042 t
552 4986 622 5045 Nou.
644 4994 683 5045 18.
701 5005 725 5045 c.
744 4996 768 5044 5.
792 4989 863 5047 Nov.
882 4974 1006 5046 lt.'tale
1025 4986 1243 5052 matrimonium,
1270 4988 1304 5039 de
1323 5004 1377 5056 qua
1395 4995 1539 5057 nuceptur
1557 4989 1639 5058 filius
1657 5009 1707 5047 nec
1721 5011 1781 5047 ruc-
1892 5022 1895 5031 =

91 5074 161 5130 Nov.
187 5081 243 5130 117.
273 5090 333 5144 cap.
352 5078 378 5129 2.
408 5072 481 5127 unde
507 5073 605 5129 merita
634 5091 697 5129 curu
726 5074 868 5131 Mantuano
895 5076 924 5131 in
948 5074 1082 5129 curionis
1100 5073 1193 5145 poerit
1219 5088 1277 5125 eece
1307 5072 1400 5142 beree,
1428 5090 1477 5127 nec
1504 5078 1672 5145 aanpninic!
1721 5081 1781 5135 Nec

90 5160 209 5230 append.
241 5160 343 5229 disput.
378 5159 413 5213 de
441 5159 613 5215 matrimonio
636 5177 697 5231 cap.
726 5168 751 5217 t.
779 5161 922 5235 biurpurg.
948 5160 1050 5214 babere
1066 5166 1158 5229 pateat
1178 5159 1342 5212 bereditatie
1360 5162 1538 5228 cementum,
1555 5165 1605 5233 qui
1627 5184 1682 5219 non
1699 5167 1780 5221 babet

91 5246 193 5316 disput.
216 5253 255 5301 15.
281 5245 428 5313 maman,
459 5247 535 5313 quad
564 5245 672 5315 legibue
705 5247 765 5300 illie
797 5248 924 5317 epiceopi
949 5246 1069 5316 oripinia
1082 5245 1273 5316 priuilepium.
1312 5245 1383 5310 Cur,
1400 5247 1529 5318 inquam,
1556 5252 1702 5320 pimeritur
1722 5253 1780 5305 tale

91 5348 188 5385 corum
206 5340 361 5402 temporum
378 5350 435 5386 non
454 5332 685 5387 contradixerint.
716 5331 841 5389 Tandem
858 5331 1173 5417 vero'comtubernium,
1204 5333 1239 5384 de
1270 5349 1324 5399 queo
1356 5333 1418 5386 nati
1438 5332 1500 5403 filii
1526 5354 1583 5391 nan
1609 5344 1671 5391 runt
1699 5345 1780 5393 tener

91 5416 633 5488 LeoimperatorCunrtantinopolitanue
642 5416 824 5487 Philoropbue
834 5417 1130 5487 dictua³matrimonii,
1146 5421 1199 5471 red
1209 5420 1367 5473 adulterbl
1400 5418 1457 5475 Our
1478 5430 1569 5477 autem
1587 5423 1782 5491 bujuecemodi

90 5505 304 5561 concubinatum
321 5506 433 5578 panitur
451 5502 564 5560 cuntulit
584 5504 653 5561 Nou.
674 5510 722 5561 el:
749 5506 815 5559 Non
832 5458 1141 5577 nnnminncipimtur
1161 5504 1333 5575 adulterim,
1349 5507 1400 5576 qui
1411 5510 1495 5578 patri
1510 5516 1573 5562 rum
1583 5510 1706 5581 pudori,
1723 5528 1780 5567 non
