4020 6022
259 361 296 417 70
833 349 955 408 mous
972 349 1176 411 VIOESIMUS
1192 351 1362 417 QUINTUS

256 505 300 561 vel
325 509 473 577 utrumque
497 504 583 576 desit,
615 522 764 561 consensus
789 523 844 561 non
870 505 923 562 erit
939 504 1089 574 legitimus.
1116 511 1316 562 summatumm
1328 510 1494 577 speraverat,
1512 505 1656 579 supposita
1675 503 1808 561 fuitlea.
1841 501 1957 559 Dicitur

256 589 326 646 Cum
341 590 444 661 judicii
462 592 621 664 integritate
640 599 749 664 pugnat
766 609 862 660 error,
882 593 977 659 dolus,
1005 591 1089 646 ebric-
1116 591 1200 647 etiam
1218 610 1299 648 error
1327 596 1455 662 emporis
1475 593 1532 647 sive
1558 588 1719 666 iu'corpore
1737 590 1814 665 (quia
1833 604 1956 662 corpora

255 683 312 741 tas,
331 678 475 746 fatuitas,
497 679 598 744 faram·
629 694 692 733 cum
720 678 869 735 voluntatis
892 677 1019 733 libertate
1039 694 1089 748 pu·
1116 679 1282 750 quandoque
1311 679 1441 735 dicuntur
1472 681 1617 752 personae)
1649 686 1677 736 et
1710 675 1853 733 concernit
1891 675 1956 748 ipsa

255 771 343 834 gnant
361 766 460 833 minae,
472 765 570 833 jrmtnc
586 771 674 818 metus
693 771 718 819 et
736 765 858 820 violenta
872 764 988 832 coactio,
1006 769 1090 833 atque
1116 765 1310 823 substantialia
1327 765 1459 837 conjugii,
1472 783 1604 837 personas
1616 764 1723 822 scilicet
1736 761 1953 829 contrahentem

254 849 376 904 adhaec
396 850 450 906 duo
468 851 561 921 capita
579 868 626 906 sex
646 849 710 905 illae
729 849 906 918 conditiones,
925 865 994 922 quas
1006 848 1089 903 Hem·
1116 856 1140 906 3.
1167 869 1249 907 error
1271 853 1417 923 qualitatis
1440 857 1496 923 est,
1523 851 1635 925 quando
1651 851 1726 907 circa
1751 848 1891 924 quaedam
1908 864 1953 904 ac·

254 936 374 1007 mingius
392 935 514 1007 legitimo
531 937 677 993 consensui
696 938 826 1008 assignat,
846 937 941 992 reduci
965 939 1089 1008 possunt.
1115 937 1265 995 cidentalia
1289 946 1409 1004 erratur,
1431 940 1511 1011 quus
1535 939 1634 997 erroris
1656 944 1713 995 tres
1738 936 1846 1011 species
1865 934 1955 991 statui

256 1023 294 1080 Ut
318 1025 391 1079 enim
413 1041 562 1079 consensus
586 1024 623 1078 sit
643 1024 751 1094 licitus,
781 1026 910 1079 honestas
937 1031 963 1077 ct
990 1023 1089 1092 justas,
1115 1030 1244 1096 possunt,
1274 1024 1317 1081 vel
1350 1026 1422 1083 euim
1453 1031 1560 1083 erratur
1585 1025 1662 1081 circa
1691 1024 1765 1079 bona
1789 1022 1894 1092 mimi,
1921 1027 1956 1079 ut

254 1110 283 1164 id
307 1112 428 1182 pertinet
459 1112 495 1166 sd
522 1111 625 1182 judicii
651 1110 852 1182 integritatem
880 1115 912 1166 ut
942 1109 977 1164 sit
1010 1109 1090 1174 liber,
1117 1111 1228 1182 quanda
1255 1111 1315 1184 quis
1339 1112 1416 1169 duoit
1439 1129 1590 1184 morosam,
1615 1112 1747 1169 mxomm.
1779 1108 1954 1177 ineundam,

250 1199 355 1267 plenas
376 1207 403 1252 et
420 1198 556 1261 sinceras,
574 1198 604 1252 id
623 1202 732 1268 spectat
749 1198 785 1252 ad
804 1196 953 1252 voluntatis
972 1201 1000 1250 et
1019 1194 1089 1249 arbi·
1116 1197 1261 1265 ebriosam,
1280 1198 1427 1271 prodigam
1438 1206 1490 1257 ata
1503 1216 1587 1271 quam
1604 1198 1724 1272 putabat
1736 1214 1796 1257 esse
1806 1201 1955 1265 moratam,

256 1284 303 1338 trii
328 1283 494 1341 libertatem.
543 1284 649 1341 Eadem
669 1283 757 1341 terme
782 1284 888 1343 nuans
907 1282 1090 1341 Bellarminus
1117 1285 1276 1351 modestam,
1293 1285 1449 1341 sobrietatis
1466 1285 1629 1356 studiosam,
1640 1284 1794 1356 frugalem,
1811 1283 1856 1338 vel
1868 1283 1950 1337 circa

255 1370 290 1426 de
308 1387 424 1428 sacram.
443 1372 561 1427 matrim.
580 1388 604 1427 c.
627 1377 667 1429 18.
685 1371 795 1427 reducit
812 1370 1009 1444 impedimenta
1027 1385 1089 1424 con·
1117 1372 1189 1426 bona
1220 1373 1361 1443 corporis,
1391 1379 1423 1428 ut
1452 1372 1563 1443 quando
1597 1372 1659 1444 quis
1680 1371 1760 1427 ducit
1787 1367 1955 1438 morbidam,

255 1474 351 1513 sensus
371 1459 408 1512 ad
428 1459 620 1527 iqnorantiam
638 1466 663 1513 et
681 1459 859 1514 coactionem.
912 1455 1041 1511 Ceterum
1058 1460 1091 1509 ut
1117 1457 1275 1528 deformem,
1296 1464 1388 1515 aetate
1406 1465 1567 1531 provectam
1585 1468 1637 1517 ete.
1656 1475 1740 1533 quam
1757 1455 1878 1529 putabat
1891 1456 1954 1510 esse

255 1544 318 1599 talis
335 1561 484 1600 consensus
502 1545 613 1618 nuptias
626 1545 789 1614 constituat,
807 1544 958 1617 requiritur
976 1544 1089 1615 insuper
1114 1545 1240 1618 integrae
1257 1544 1398 1613 sanitatis,
1424 1543 1530 1602 formae
1549 1544 1673 1601 decentis
1696 1549 1725 1599 et
1744 1541 1836 1599 adbuc
1849 1543 1954 1613 juven·

132 1634 180 1678 xv.
194 1635 239 1681 ttt.
257 1638 278 1687 1.
298 1639 330 1687 ut
348 1631 385 1686 sit
410 1648 505 1700 verus,
531 1650 587 1689 non
610 1633 769 1701 simulatus,
794 1631 868 1704 quia,
890 1636 922 1686 ut
942 1629 1026 1701 cajus
1050 1630 1088 1684 lo·
1116 1632 1225 1704 culam3
1254 1632 1299 1687 vel
1322 1632 1400 1686 circa
1423 1631 1495 1687 bona
1518 1632 1667 1700 fortunae,
1694 1635 1726 1685 ut
1749 1628 1862 1701 qnando
1889 1627 1954 1701 quis

254 1716 360 1788 quitur,
385 1718 532 1774 simulatae
554 1720 669 1788 nuptias
692 1718 800 1775 nudius
822 1725 886 1772 ssent
909 1716 1045 1771 momenti
1070 1715 1087 1769 l.
1115 1719 1193 1775 ducit
1234 1736 1399 1792 pauperem,
1433 1735 1556 1788 servam,
1594 1715 1746 1789 ignobilem
1780 1721 1833 1772 etc.
1866 1730 1954 1787 quam

253 1802 398 1859 simulatae
427 1809 470 1860 30.
499 1804 534 1859 ds
561 1804 605 1859 rit.
632 1804 752 1875 nuptiar.
776 1804 795 1861 1.
827 1809 864 1860 13.
888 1803 919 1860 (l.
946 1803 980 1858 de
1012 1807 1087 1873 nupt
1114 1805 1232 1876 putabat
1249 1821 1310 1862 esse
1327 1804 1449 1873 divitem,
1468 1803 1594 1869 liberam,
1612 1801 1698 1857 nobili
1725 1816 1827 1873 genere
1846 1806 1953 1856 natam.

254 1896 278 1946 2.
306 1889 345 1946 111
373 1890 409 1944 sit
430 1899 558 1954 mutuus,
580 1891 724 1963 utriusque
750 1890 807 1946 scil.
826 1889 930 1962 partis,
958 1889 1041 1943 maris
1061 1894 1089 1944 et
1114 1891 1310 1948 Beneventura
1333 1897 1359 1947 t.
1377 1897 1447 1947 sent.
1464 1890 1528 1948 dist.
1547 1895 1588 1946 30.
1609 1907 1634 1961 q.
1659 1896 1681 1945 1.
1712 1886 1861 1960 distinguit
1878 1886 1953 1943 inter

252 1974 388 2041 feminae,
417 1994 473 2031 non
492 1976 575 2046 hujus
593 1976 638 2031 vel
654 1976 728 2031 illius
746 1981 875 2042 tantum,
905 1975 980 2030 unde
1005 1974 1087 2031 etiam
1114 1994 1242 2047 errorem,
1263 1977 1311 2049 qui
1330 1976 1405 2032 circa
1421 1991 1568 2048 personam
1588 1974 1725 2047 contingit
1741 1980 1770 2030 et
1794 1973 1869 2029 circa
1887 1990 1951 2047 pro·

250 2062 483 2127 contrabentium,
518 2079 574 2116 non
598 2067 691 2118 autem
713 2061 795 2116 unius
821 2060 1006 2119 contrahentis
1024 2078 1088 2117 con·
1113 2063 1245 2134 prietates
1270 2079 1419 2134 personae,
1456 2062 1531 2134 quod
1558 2060 1655 2118 eadem
1680 2059 1786 2117 recidit
1837 2058 1964 2138 Eminet

250 2164 347 2204 sensus
376 2157 506 2217 vocatur,
538 2155 567 2205 et
591 2149 682 2221 ipsum
714 2165 864 2204 consensus
902 2166 1002 2204 nomen
1036 2148 1088 2204 boc
1113 2155 1206 2206 autem
1231 2150 1304 2205 inter
1326 2165 1432 2205 errores
1456 2148 1599 2221 qualitatis
1633 2163 1704 2202 unus
1735 2161 1803 2219 prae
1825 2145 1952 2217 reliquis,

249 2236 388 2307 importat,
407 2237 472 2309 quia
488 2237 518 2291 id
534 2237 646 2309 proprie
664 2237 767 2292 dicitnr
786 2253 953 2306 consensus,
974 2237 1086 2309 quando
1112 2237 1148 2292 ad
1178 2252 1297 2293 errorem
1327 2253 1391 2290 cum
1423 2234 1485 2305 ipsa
1514 2231 1682 2288 matrimonii
1713 2231 1871 2289 substantia
1899 2248 1951 2303 pu·

217 2393 221 2402 Ι
249 2324 305 2379 dun
332 2323 378 2378 vel
400 2324 493 2394 plures
519 2342 605 2380 unum
632 2324 755 2380 sentiunt
780 2329 808 2380 et
831 2324 860 2380 in
887 2341 972 2379 unum
997 2322 1086 2379 amice
1111 2327 1244 2394 guentam
1272 2339 1355 2395 quam
1382 2320 1505 2392 proxime
1525 2319 1675 2390 accedens,
1704 2317 1817 2391 quando
1842 2316 1952 2373 scilicet

248 2409 416 2481 conspirant.
461 2409 616 2465 Comenses
639 2419 679 2466 est
704 2414 825 2465 duorum
846 2412 888 2466 ost
910 2411 1038 2481 pluriam
1055 2411 1085 2464 in
1111 2408 1173 2480 quis
1207 2406 1345 2464 contrahit
1373 2425 1437 2463 cum
1466 2405 1575 2472 vitiata,
1611 2421 1694 2476 quam
1730 2403 1850 2461 credidit
1876 2419 1951 2486 'eam

248 2495 322 2549 idem
344 2514 444 2551 sanam.
470 2513 491 2553 c.
516 2514 562 2554 nn.
588 2502 629 2554 29.
657 2515 683 2568 q.
714 2504 736 2554 t.
779 2503 802 2553 3.
831 2496 871 2553 Ut
896 2496 932 2551 sit
949 2505 1085 2568 externus,
1110 2496 1254 2567 virginem.

249 2580 278 2635 id
297 2589 338 2637 est
356 2582 447 2638 verbis
467 2581 512 2637 vel
530 2582 654 2654 gestibus
685 2582 804 2639 exterius
835 2582 1005 2649 declaratus,
1029 2600 1085 2656 qua
1148 2588 1205 2639 103.
1241 2579 1374 2646 Quamvis
1395 2597 1459 2635 vero
1477 2576 1702 2653 prospiciendum
1729 2575 1842 2642 sedulo,
1865 2580 1897 2631 ut
1921 2572 2002 2666 inf‘·⁰

248 2668 284 2724 de
307 2685 338 2723 re
360 2668 521 2724 canonistas
543 2674 573 2723 et
596 2667 759 2725 Scholastici
787 2669 826 2723 sic
854 2669 1006 2741 disputant.
1055 2670 1084 2728 Si
1110 2669 1198 2724 arduo
1222 2667 1275 2724 bac
1300 2667 1413 2739 negotio
1436 2663 1646 2729 matrimoniali,
1677 2662 1751 2734 quod
1781 2669 1951 2735 perpetuum

248 2756 341 2827 puella
358 2761 386 2811 et
403 2754 564 2812 adolescens
585 2754 639 2811 sibi
656 2755 773 2811 invicem
795 2756 939 2813 obviantes
953 2760 1085 2829 expetant
1110 2755 1195 2812 totius
1228 2755 1302 2809 vitae
1328 2753 1498 2811 consortium
1529 2750 1671 2808 concernit
1707 2756 1735 2805 et
1765 2749 1952 2806 indissolubili

249 2843 488 2899 matrimonialiter
505 2842 646 2915 conjungi,
663 2859 718 2897 non
738 2847 831 2914 potest
848 2843 920 2911 dici,
946 2860 996 2915 per
1012 2842 1085 2899 banc
1110 2840 1219 2897 vinculo
1237 2841 1430 2897 contrahentes
1447 2838 1573 2912 copulat,
1600 2837 1688 2895 omnis
1708 2836 1820 2891 omnino
1839 2852 1917 2892 error
1933 2852 1952 2891 a

247 2931 383 2988 internam
404 2930 574 2986 voluntatem
604 2935 633 2984 et
657 2928 797 2984 occultum
823 2946 987 2986 consensum
1013 2929 1084 2986 inter
1110 2928 1346 2986 consentientibus
1375 2928 1449 2984 absit
1483 2933 1567 2998 atque
1597 2925 1650 2981 hac
1674 2923 1782 2979 ratione
1805 2939 1839 2978 ex
1865 2923 1951 2995 plena

247 3034 294 3073 eos
318 3021 491 3074 contractum
516 3015 738 3084 matrimonium,
761 3016 811 3071 sed
834 3033 947 3074 necesse
971 3022 1027 3087 est,
1053 3023 1085 3073 ut
1110 3016 1170 3070 sani
1190 3014 1292 3086 judicii
1317 3012 1478 3086 integritate
1496 3027 1647 3068 consensus
1673 3019 1819 3082 exsurgat3
1853 3014 1950 3065 tamen

246 3103 311 3160 talis
333 3103 460 3158 voluntas
484 3101 604 3158 exterius
631 3103 801 3172 declaretur,
826 3108 895 3175 puta
921 3104 1013 3161 verbis
1038 3104 1084 3160 vel
1110 3117 1286 3175 nequaquam
1312 3099 1534 3165 existimandum,
1548 3098 1623 3171 quod
1638 3097 1729 3168 quivis
1745 3114 1822 3152 error
1835 3097 2003 3167 nuptissxv·

233 3189 342 3262 ‚signia
388 3187 485 3245 Verba
506 3188 551 3245 vel
574 3204 621 3243 ore
647 3204 741 3245 coram
758 3189 888 3262 proferri,
915 3191 959 3247 vel
983 3191 1085 3263 scripta
1111 3194 1267 3243 contractas
1291 3186 1419 3252 dirimat,
1447 3187 1521 3260 quod
1552 3186 1643 3258 ipsum
1666 3189 1698 3239 ut
1722 3183 1759 3239 sit
1791 3183 1949 3239 evidentius

247 3275 363 3347 exprimi
381 3278 506 3346 possunt,
526 3273 593 3345 quin
612 3279 640 3328 et
658 3275 745 3331 verba
761 3283 877 3346 possunt
893 3276 1018 3349 suppleri
1036 3295 1086 3349 per
1112 3274 1148 3330 de
1174 3274 1291 3346 singulis
1320 3275 1418 3329 erroris
1457 3272 1602 3345 speciebus
1628 3268 1695 3326 κατὰ
1720 3273 1793 3345 μέρη
1823 3286 1950 3342 agemus.

248 3363 328 3434 signa
365 3358 456 3416 verbis
495 3377 659 3416 consensum
698 3361 915 3433 exprimentibus
945 3363 1085 3436 aequipol·
1113 3361 1251 3415 Eri-orem
1273 3360 1394 3414 nomimis
1408 3358 1620 3422 ,matrimonium
1652 3356 1786 3429 impedire
1818 3348 1846 3412 et
1866 3372 1949 3428 spon·

248 3449 341 3516 lentie,
360 3446 435 3501 unde
455 3446 530 3518 quod
546 3446 575 3500 in
597 3464 619 3502 c.
654 3446 734 3502 Tuae
754 3444 922 3504 fraternitati
950 3448 985 3506 de
1003 3467 1084 3521 spon·
1113 3447 1185 3502 salia
1203 3464 1254 3520 per
1274 3445 1479 3502 huncerrorem
1494 3449 1637 3501 contracta
1657 3442 1950 3514 fieriirritatplerique

248 3534 325 3590 salib.
353 3533 470 3603 dicitur,
495 3533 579 3586 verba
606 3534 647 3586 aci
664 3550 825 3588 consenserim
849 3536 1085 3591 matrimonialcm
1113 3533 1271 3590 canonistas
1294 3538 1421 3588 statuunt
1442 3536 1556 3604 propter
1580 3548 1641 3603 cap.
1687 3529 1750 3585 Tua
1783 3545 1835 3586 nos
1864 3547 1891 3587 x.
1916 3528 1951 3583 de

249 3639 308 3676 csse
325 3619 494 3684 neccssaria,
512 3620 541 3674 id
561 3617 702 3691 accipiunt
719 3622 871 3675 secundum
890 3622 961 3692 qnid
972 3622 1085 3694 dictum,
1113 3619 1302 3692 sponsalibus3
1326 3619 1375 3675 sed
1390 3619 1462 3690 juris
1482 3617 1569 3672 civilis
1588 3617 1753 3688 interpretes
1779 3614 1950 3671 contrarium

249 3708 354 3763 scilicet
371 3707 406 3761 ad
424 3705 568 3762 certiorem
598 3705 802 3777 probationem
840 3707 888 3763 alii
920 3710 1086 3781 generaliter
1111 3713 1238 3763 asserunt
1262 3687 1374 3779 propter
1399 3705 1555 3760 evidentem
1574 3710 1678 3760 textum
1705 3706 1730 3773 ᾖ.
1750 3700 1890 3773 siquidem
1909 3709 1950 3759 23.

249 3794 408 3865 intelligunt
430 3792 466 3848 de
490 3792 577 3866 signis
601 3792 779 3865 expressivis,
807 3793 880 3850 inter
906 3812 978 3866 quae
1002 3796 1086 3851 rerba
1110 3794 1200 3851 instit.
1220 3794 1256 3850 de
1274 3793 1358 3866 legat.
1383 3790 1431 3846 ubi
1458 3791 1612 3861 Imperator
1635 3788 1717 3845 dicit:
1748 3788 1897 3858 Siquidem
1921 3789 1952 3842 in

249 3880 434 3953 principatum
460 3879 601 3948 obtinent,
633 3885 665 3934 ut
688 3880 729 3934 sic
746 3897 764 3935 a
780 3879 880 3952 potiori
906 3881 982 3936 facta
1002 3882 1086 3938 fuerit
1111 3881 1229 3946 nomine,
1246 3879 1415 3948 coqnnmina,
1431 3877 1621 3949 promomine,
1640 3875 1787 3946 manamine
1812 3875 1953 3945 ieqatarii

250 3965 444 4021 denominatio.
1112 3975 1229 4022 testator
1249 3966 1400 4035 erraverit,
1419 3983 1481 4018 cam
1501 3964 1537 4017 dc
1550 3980 1678 4034 persona
1700 3968 1825 4031 constat,
1843 3960 1951 4016 amilo-

123 4066 226 4114 vugnsnt
290 4058 345 4108 102.
383 4050 475 4106 Primo
499 4070 561 4106 cnm
578 4051 688 4120 judicii
712 4052 874 4121 intepretata
898 4052 1017 4109 diximus
1036 4074 1086 4126 pu·
1113 4054 1204 4108 minas
1241 4052 1315 4107 valet
1345 4053 1484 4122 leqatum,
1517 4051 1645 4120 idemque
1679 4048 1710 4103 in
1744 4048 1951 4103 tarditatibus

123 4126 238 4208 sqqruqqr-
251 4156 338 4212 gnare
356 4155 488 4195 errorem.
534 4138 590 4201 Qrti
603 4146 712 4203 errant,
737 4138 828 4210 inquit
852 4138 1003 4211 Ulpianus,
1030 4161 1086 4196 non
1113 4142 1197 4206 valet,
1221 4146 1248 4194 et
1284 4147 1365 4194 recte.
1423 4138 1547 4192 Nomina
1583 4137 1656 4192 enim
1695 4135 1950 4206 eiqnificandcrnm

124 4218 225 4260 ¹‘E“⁰¹·
251 4226 432 4295 consenti-unt,
450 4242 512 4278 cum
528 4224 600 4279 milii
616 4233 675 4278 tam
694 4228 867 4280 contrarium
885 4228 922 4281 sit
941 4230 1088 4283 consensui
1112 4229 1253 4282 bominum
1275 4226 1374 4296 qratia
1399 4233 1512 4296 repe-vta
1532 4233 1610 4292 eunt,
1633 4224 1684 4293 qni
1700 4221 1727 4277 si
1749 4220 1808 4276 alio
1826 4222 1951 4295 qnalibet

251 4330 335 4384 qnam
360 4328 455 4381 error,
480 4311 528 4381 qui
560 4311 732 4382 imperitiam
758 4314 867 4381 dcteqit.
894 4312 911 4365 l.
943 4319 983 4368 15.
1005 4312 1034 4371 ff.
1052 4315 1087 4369 de
1114 4317 1196 4368 modo
1215 4313 1424 4381 intelligantur,
1447 4311 1520 4364 nibil
1549 4310 1680 4379 interest,-
1711 4326 1775 4363 cum
1802 4326 1859 4381 quo
1883 4326 1949 4365 eon·

246 4399 343 4469 jurisd.
362 4397 380 4453 l.
404 4402 460 4454 116.
481 4396 510 4454 ff.
531 4396 566 4452 de
586 4414 643 4468 reg.
658 4397 739 4467 juris,
758 4399 806 4468 qai
816 4407 902 4466 errat,
920 4417 976 4453 non
996 4397 1273 4472 κιαι-3111111113
1298 4396 1472 4469 imperatoris
1492 4394 1627 4451 Gordiani
1646 4392 1663 4452 l.
1683 4400 1709 4450 4.
1724 4392 1755 4448 O.
1770 4394 1806 4449 ds
1822 4400 1950 4451 testam:

249 4504 304 4540 non
324 4503 390 4554 erpa
409 4484 556 4551 consentit,
579 4483 629 4537 boc
653 4491 693 4537 est
717 4483 802 4537 mmai
820 4501 882 4537 enni
908 4485 976 4540 aliis
995 4489 1086 4542 sentit.
1098 4470 1101 4547 l
1114 4487 1148 4541 Si
1166 4486 1196 4539 in
1215 4485 1324 4538 nomine
1342 4485 1386 4538 vai
1399 4482 1582 4554 praenomine
1596 4480 1641 4536 vel
1657 4480 1819 4551 capnamins
1829 4488 1952 4538 testator

247 4589 272 4627 c.
289 4572 361 4626 unic.
382 4579 423 4628 29.
445 4576 552 4643 quaest.
574 4576 595 4627 1.
633 4569 688 4626 Sed
706 4569 750 4624 bic
769 4586 843 4626 error
861 4587 917 4625 non
943 4579 985 4628 est
1003 4573 1086 4628 unius
1098 4550 1101 4602 l
1113 4571 1259 4639 erraverit,
1277 4588 1326 4625 nec
1344 4578 1451 4633 tamen,
1471 4570 1506 4623 de
1524 4586 1579 4638 qno
1596 4569 1726 4637 senserit,
1750 4568 1888 4623 incertum
1906 4571 1954 4637 rit,

247 4659 364 4728 generis.
396 4656 563 4713 scholastici
584 4661 710 4711 statuunt
729 4662 847 4729 quatuor
860 4658 965 4729 species
978 4656 1195 4729 erroris,¹error
1233 4657 1375 4727 ejusmodi
1408 4655 1480 4709 nillil
1511 4655 1602 4720 afficit
1633 4654 1753 4709 veritati.
1799 4653 1954 4711 Posteriori

248 4743 333 4797 alium
359 4744 432 4799 'enim
453 4760 514 4799 esse
542 4743 638 4798 dicunt
667 4761 789 4799 errorem
819 4762 973 4815 pascuae,
1002 4733 1198 4818 aliumligitur
1232 4742 1295 4798 huic
1323 4743 1477 4799 sententiae
1508 4741 1692 4815 assurgimus,
1725 4746 1747 4800 1.
1777 4740 1845 4813 qnia
1876 4759 1956 4798 error

249 4830 409 4899 qualitatis,
435 4831 520 4885 alium
534 4829 727 4895 conditionis,
754 4829 839 4884 alium
858 4832 998 4896 fortunae.
1018 4831 1044 4886 d.
1065 4849 1087 4888 c.
1098 4822 1101 4871 i
1113 4829 1233 4886 nominis
1254 4835 1296 4884 est
1313 4846 1389 4885 error
1406 4835 1513 4885 tantum
1531 4829 1560 4883 in
1578 4828 1728 4893 accidente,
1747 4827 1795 4900 qni
1815 4845 1874 4883 non
1886 4846 1956 4885 con-

248 4915 319 4970 unic.
347 4919 387 4971 23.
415 4921 521 4987 quaest.
556 4921 577 4972 1.
622 4913 677 4970 Sed
706 4913 871 4971 conditionis
904 4922 933 4971 et
961 4874 1201 5009 fortunaelcernit
1225 4915 1418 4971 substantialia
1440 4914 1524 4987 hujus
1551 4918 1715 4971 contractus.
1759 4918 1784 4970 2.
1803 4912 1957 4986 Sponsalia

249 5020 323 5057 error
355 5002 392 5056 ad
418 5000 559 5073 qualitatis
594 5016 712 5056 errorem
745 5000 840 5056 reduci
869 5008 968 5075 potest.
1018 5002 1088 5058 Tres
1113 5007 1230 5073 possunt
1250 5001 1373 5057 cannabi
1393 5018 1520 5071 cumea,
1544 5003 1624 5072 cujus
1651 5015 1751 5055 nomen
1768 5000 1854 5071 plane
1871 5002 1956 5075 igno·

248 5105 314 5160 ergo
344 5088 491 5142 statuimus
519 5088 616 5143 erroris
636 5088 761 5160 species:
793 5094 815 5144 1.
838 5089 933 5142 Error
957 5089 1086 5159 nominis,
1113 5097 1198 5152 ratur,
1220 5105 1286 5161 ergo
1305 5088 1388 5144 etiam
1406 5106 1469 5143 cum
1488 5104 1529 5156 eu,
1549 5087 1584 5142 de
1604 5088 1685 5159 cujus
1704 5087 1816 5161 proprio
1836 5091 1956 5148 nomine

248 5175 360 5246 quando
384 5174 458 5229 circa
483 5192 584 5230 nomen
609 5174 743 5230 duntaxat
767 5179 888 5244 erratur,
919 5180 951 5229 nt
975 5175 998 5228 si
1024 5175 1086 5247 quis
1113 5182 1236 5230 erratur.
1278 5175 1357 5240 Quod
1376 5176 1449 5246 juris
1471 5175 1500 5228 in
1527 5173 1683 5247 ignorantia
1706 5172 1762 5230 sai
1792 5173 1956 5250 ἀπόφασιν,

250 5277 325 5330 eam,
348 5279 431 5333 quam
459 5261 512 5317 sibi
534 5263 565 5315 in
582 5261 786 5316 matrimonium
810 5261 1012 5331 destinaverat,
1031 5261 1086 5316 exi·
1112 5261 1185 5317 idem
1210 5262 1281 5333 juris
1305 5262 1334 5316 in
1363 5260 1520 5334 ignorantia
1542 5262 1610 5315 sari
1634 5260 1769 5316 διάθεσιν.
1813 5266 1839 5319 3.
1866 5264 1956 5322 Error

248 5348 340 5404 stimet
366 5347 501 5421 appellari
531 5347 730 5420 Margaretam,
760 5355 837 5404 cum⁸
853 5347 964 5403 dicatur
991 5347 1087 5418 Anna3
1112 5348 1228 5403 nominis
1254 5346 1476 5404 contrabentium
1505 5363 1669 5403 consensum
1698 5346 1809 5419 proprie
1845 5356 1877 5406 ct
1907 5369 1956 5407 ac·

250 5440 273 5492 2.
293 5453 374 5490 error
389 5452 527 5506 personae
549 5442 599 5505 est,
618 5436 816 5508 quandacirea
833 5435 921 5505 ipsam
940 5451 1085 5505 personam
1112 5439 1206 5490 curate
1231 5433 1369 5506 loquendo
1401 5450 1456 5488 non
1485 5432 1612 5503 impedit,
1641 5450 1703 5488 cum
1733 5434 1831 5505 procul
1865 5435 1957 5495 dnbio

248 5529 362 5591 erratur,
382 5523 453 5578 sicut
470 5522 576 5579 ,Iacobo
594 5522 719 5595 contigit,
737 5523 784 5577 cui
795 5538 846 5593 pro
858 5520 989 5589 Racbele,
1002 5538 1085 5594 quam
1111 5538 1227 5594 sponsus
1251 5519 1426 5575 nibilominus
1451 5534 1512 5572 eam
1540 5518 1639 5574 inisset
1657 5519 1806 5592 ducturus,
1831 5521 1900 5579 licet
1919 5524 1956 5582 de

247 5608 301 5663 sibi
324 5608 541 5682 desponsaverat·
561 5613 590 5666 et
614 5625 678 5664 cum
700 5625 755 5679 qua
779 5608 939 5680 conjugium
964 5626 994 5666 se
1021 5625 1085 5664 con·
1111 5627 1175 5664 vero
1204 5609 1264 5679 ejus
1299 5605 1409 5662 nomine
1443 5605 1617 5662 constitisset.
1674 5606 1816 5664 Addenda
1854 5615 1954 5669 manen
