4020 6022
799 289 851 345 nn
871 287 1071 349 consumo.
1507 353 1512 369 ,
1709 298 1748 357 ar

71 460 159 501 amm.
177 451 202 501 t.
221 444 293 517 Eph.
318 445 420 500 siricii
441 445 521 517 epist.
547 450 569 501 1.
592 444 895 516 scamandrenus.
921 443 1053 511 sortium,
1079 443 1207 499 nimirum
1230 446 1297 517 quia
1319 444 1491 502 committens
1514 446 1679 501 adulterium
1704 445 1751 512 (de

71 528 168 599 dapsili
182 530 244 588 libr.
264 537 290 587 2.
316 531 345 587 in
373 528 439 587 Joh.
457 548 480 586 c.
498 537 540 588 rt.
563 532 717 601 Aupastini
733 531 795 587 libr.
815 538 839 588 9.
859 530 895 587 de
921 546 978 601 qua
994 530 1103 600 peccati
1120 531 1212 601 specie
1229 532 1360 604 loquitrrr)
1380 531 1482 588 excidit
1499 533 1582 588 besta
1606 532 1655 587 illa
1678 549 1750 587 com-

71 614 165 672 denes.
185 617 221 671 ad
238 617 309 672 liter.
321 633 345 671 c.
365 624 389 673 7.
408 616 510 672 deiide
521 622 550 671 et
571 616 674 687 operib.
695 635 718 674 c.
740 623 764 675 7.
782 624 812 673 et
827 616 895 672 alibi
921 615 1065 684 munione,
1090 629 1161 687 quae
1177 622 1220 672 est
1235 618 1307 673 inter
1323 618 1417 674 Deum
1436 625 1464 674 et
1481 617 1641 687 ecclesiam,
1666 635 1750 690 qnam

71 702 174 773 saarim
216 701 439 772 Respondemus:
468 702 586 760 Nomine
609 705 782 758 sacramenti
802 710 895 775 patres
921 702 1004 756 maria
1039 709 1068 758 et
1098 702 1216 759 feminae
1241 704 1357 760 societas
1384 704 1414 758 in
1440 704 1570 776 conjugio
1594 704 1751 760 adumbrat

71 787 231 860 [nandoque
248 794 365 844 utuntur
383 790 441 844 late
458 805 509 861 pro
520 789 618 861 quovis
636 806 731 846 sacrae
748 791 789 847 rei
806 790 895 861 siguo,
922 788 952 842 Si
970 788 1065 844 stricta
1082 805 1181 845 nomen
1198 791 1362 846 sacramenti
1375 792 1404 846 in
1417 790 1509 846 verbis
1526 789 1666 845 Ambrosii
1686 788 1749 861 quis

71 873 231 946 puandoque
256 891 322 931 vero
343 877 436 930 stricte
461 892 512 947 pro
536 877 645 932 actione
670 875 801 932 divinitus
818 874 895 930 insti·
922 874 989 929 velit
1015 874 1155 945 accipere,
1182 876 1388 932 concedendum
1411 871 1497 945 foret,
1519 875 1602 932 etiam
1628 881 1752 945 tempore

71 965 138 1030 uta,
165 961 274 1032 inqua
301 961 352 1017 fiat
377 962 496 1018 solennis
519 962 721 1027 administratio
745 969 838 1018 certae
855 961 895 1017 rei
922 958 1109 1025 Abimeleebi,
1128 961 1163 1017 de
1180 979 1236 1034 quo
1255 961 1416 1018 nominatim
1433 962 1564 1035 loquitur,
1592 962 1750 1033 conjugium

71 1045 196 1116 >scadan
214 1046 299 1103 verbo
316 1047 460 1105 ordinatae
476 1049 512 1103 ad
530 1048 723 1120 applicandam
745 1054 774 1104 et
804 1047 895 1120 obsig·
922 1045 1009 1101 fuisse
1026 1053 1236 1105 sacramentum.
1262 1047 1376 1105 Siricius
1391 1048 1468 1117 dicit,
1480 1048 1661 1115 sacrilepiam
1678 1065 1750 1102 com·

71 1132 184 1188 randum
196 1133 315 1206 gratim
332 1135 470 1206 evangelii
486 1135 635 1206 propriam.
665 1134 783 1201 Quando
802 1132 895 1189 matri·
921 1132 1015 1207 muti„
1046 1149 1108 1186 sam
1138 1134 1212 1188 alter
1248 1135 1398 1205 conjapum
1426 1134 1530 1189 uiuente
1561 1135 1679 1203 eoujape
1709 1134 1751 1187 ad

71 1217 185 1274 nonium
204 1226 306 1276 vocant
325 1226 540 1288 sacramentum,
558 1221 712 1294 generatim
732 1227 760 1277 et
776 1219 831 1275 late
849 1234 895 1272 ac·
921 1218 1006 1272 aliud
1018 1220 1178 1288 conjapiam
1196 1221 1305 1275 tranat.
1340 1219 1518 1275 Innocentius
1530 1219 1634 1288 mserit,
1653 1218 1750 1273 matri·

71 1311 147 1376 septa
162 1321 231 1361 voce
248 1305 288 1360 sic
308 1306 459 1377 appellant,
478 1307 553 1380 quod
564 1308 714 1378 probamus
728 1312 752 1363 1.
771 1323 803 1360 ea
818 1304 895 1361 scri·
921 1304 1043 1359 moniam
1071 1305 1170 1361 diuino
1198 1307 1295 1374 pratia
1323 1306 1458 1374 sandari,
1489 1307 1555 1360 dam
1586 1305 1750 1362 releuatus.

71 1398 163 1446 meae
177 1391 300 1460 judicio.
334 1391 433 1448 Panes
456 1393 548 1449 omnia
571 1410 623 1448 sua
647 1394 724 1449 dicta
746 1399 775 1448 et
792 1391 895 1462 scripta
921 1388 1042 1461 cyrillus
1059 1390 1164 1456 scribit,
1183 1387 1323 1447 Christum
1340 1393 1530 1456 smmtificasse
1546 1391 1706 1461 coniapiam
1723 1398 1751 1447 et

71 1477 242 1549 nsbjetenrnt
256 1478 363 1548 judicio
380 1479 541 1550 Scripturas
560 1495 668 1547 marae,
694 1482 727 1533 ut
750 1477 818 1532 alibi
837 1477 893 1532 fuit
921 1478 1045 1544 protiam
1069 1478 1175 1547 nuptiis
1195 1495 1402 1550 praeparasse,
1429 1487 1461 1534 at
1490 1479 1584 1532 aditus
1611 1479 1751 1533 bominum

71 1567 211 1619 numum
245 1564 311 1620 dam
328 1582 393 1621 vero
413 1563 556 1635 Scriptura
572 1565 662 1630 docet,
680 1564 735 1620 duo
755 1580 815 1619 esse
832 1570 893 1618 tan·
920 1562 951 1615 in
970 1562 1041 1616 tam
1065 1565 1150 1617 atam
1175 1565 1390 1626 imadiceretur.
1425 1563 1483 1621 Sed
1501 1581 1535 1620 ex
1551 1563 1606 1618 illis
1624 1564 1750 1619 omnibus

71 1665 122 1704 um
141 1658 313 1707 amramenta
325 1649 360 1709 N.
380 1652 411 1708 Τ.
430 1650 540 1723 proprie
557 1650 598 1705 sio
615 1650 706 1718 dicta,
732 1649 797 1705 vide
813 1655 893 1705 tract.
920 1648 1043 1705 nondum
1061 1650 1151 1706 evinci
1169 1656 1271 1721 potest,
1288 1651 1450 1724 conjugium
1471 1666 1531 1706 esse
1548 1657 1752 1707 sacramentum

71 1735 244 1793 lechonme.
270 1743 297 1794 et
312 1753 384 1809 agno
402 1737 497 1809 pasch.
523 1735 551 1812 ξ.
570 1741 611 1792 53.
649 1736 725 1808 Ergo
741 1734 805 1791 huic
822 1735 895 1793 Scri·
920 1735 1030 1805 proprie
1049 1735 1166 1806 dictum,
1188 1736 1271 1793 facile
1291 1738 1363 1792 enim
1379 1737 1571 1806 concedimus,
1595 1737 1624 1792 in
1644 1737 1753 1808 piorum

71 1827 160 1892 parrae
168 1821 276 1892 judicio
288 1823 485 1879 conformanda
498 1829 683 1893 suntpatrum
698 1822 780 1878 dicte.
807 1826 834 1875 2.
848 1822 894 1875 Ea
920 1822 1051 1894 conjugio
1068 1822 1161 1879 Deum
1184 1824 1238 1895 piis
1256 1823 1385 1897 precibus
1407 1824 1566 1879 invocatum
1585 1823 1682 1879 edesse
1701 1840 1752 1879 sua

71 1909 189 1981 ¹psorsan
213 1915 330 1980 patrum
354 1927 412 1964 asu.
444 1908 548 1982 Negari
575 1909 648 1964 enim
672 1909 749 1964 nulla
771 1907 894 1963 veritatis
920 1907 1012 1979 gratia
1030 1916 1059 1964 et
1075 1909 1285 1979 benedictione,
1305 1911 1509 1966 matrimonium
1526 1926 1586 1964 esse
1606 1925 1623 1964 a
1642 1907 1751 1965 Christo

71 1993 157 2065 specie
175 2000 282 2065 potest,
309 1995 383 2067 quod
406 1995 572 2051 sacmmenti
592 1995 703 2052 nomine
727 1995 894 2067 quandoque
920 1992 1137 2061 sanctificatum,
1166 1995 1296 2068 idemque
1314 1995 1409 2052 divina
1426 1997 1517 2067 gratia
1532 1995 1659 2065 fundari,
1684 1995 1752 2068 quin

71 2079 131 2135 atis
148 2080 211 2136 laxe
228 2087 256 2136 et
274 2081 441 2151 generaliter
456 2066 570 2137 cantui
588 2080 673 2153 idque
690 2080 815 2137 tribuant
832 2080 891 2152 qni·
922 2085 950 2134 et
967 2079 1142 2152 sacrilegium
1158 2081 1195 2137 ab
1212 2082 1337 2139 adultero
1356 2083 1504 2152 committi;
1527 2073 1577 2138 sed
1595 2082 1664 2138 hacc
1684 2100 1751 2139 non·

71 2166 158 2222 maris
184 2166 224 2223 rei
249 2183 345 2222 sacrae
369 2167 464 2240 signis.
503 2167 658 2239 Cyprianus
686 2168 765 2238 epist
791 2172 833 2223 72.
856 2167 893 2222 ad
920 2165 985 2220 dum
1004 2166 1142 2236 efficiunt,
1166 2174 1198 2223 ut
1218 2169 1423 2224 matrimonium
1446 2169 1483 2225 sit
1504 2169 1646 2240 proprium
1664 2170 1700 2226 N.
1717 2168 1751 2224 Τ.

71 2250 235 2325 §tephanum
260 2253 352 2323 (juxta
373 2253 492 2310 Pamelii
513 2260 541 2309 et
571 2252 710 2310 Goulartii
737 2252 894 2323 editionem,
920 2260 1132 2323 sacramentum,
1148 2254 1252 2328 quippe
1270 2253 1307 2309 ad
1325 2255 1400 2327 quod
1417 2255 1500 2326 plura
1516 2255 1701 2327 requiruntur,
1721 2262 1752 2310 ut

71 2337 107 2394 rel
125 2338 175 2393 lib.
198 2344 223 2396 2.
243 2339 324 2409 epist.
344 2345 367 2394 l.
383 2340 466 2410 juxta
481 2339 590 2395 Ernsmi
610 2345 639 2397 et
662 2340 781 2395 Manutii
797 2339 892 2397 editio
920 2356 969 2394 suo
997 2339 1059 2395 loco
1090 2339 1148 2407 ,fnit
1181 2341 1405 2397 demonstratum.
1452 2342 1627 2415 Augustinus
1656 2338 1752 2397 itidem

71 2430 135 2493 reru)
154 2426 358 2495 impositionem
376 2444 519 2491 manuam,
538 2444 601 2482 eum
618 2444 674 2499 qua
689 2426 894 2498 recipiebantur
919 2426 1085 2481 sacramenti
1103 2428 1238 2483 rationem
1267 2427 1296 2482 in
1313 2427 1515 2499 significatione
1534 2427 1670 2499 mysticae
1687 2444 1752 2482 oon-

71 2516 92 2571 n
111 2512 257 2570 eeclesiam
274 2511 310 2575 ii,
335 2511 383 2583 qui
401 2511 437 2567 ab
457 2511 601 2568 haereticis
622 2512 756 2584 baptisati
774 2511 893 2582 fuerant,
916 2511 1068 2581 junctionis
1094 2511 1167 2568 inter
1184 2511 1323 2569 Christum
1348 2519 1377 2569 et
1394 2514 1540 2570 ecclesiam
1569 2512 1649 2569 unice
1667 2512 1750 2568 collo·

71 2606 147 2658 rooat
178 2604 395 2667 nocumentum
418 2598 593 2671 Augustinus
616 2597 665 2654 lib.
689 2604 714 2654 2.
735 2598 769 2654 de
787 2604 893 2670 peccat
921 2602 975 2661 eat,
992 2597 1055 2653 libr.
1078 2598 1112 2654 de
1128 2598 1203 2655 bono
1215 2600 1327 2672 conjug.
1341 2616 1366 2655 c.
1380 2606 1411 2657 5:
1451 2600 1541 2671 Usque
1556 2601 1630 2653 odeo
1646 2600 1752 2664 foedas

71 2686 153 2743 nent.
175 2690 204 2740 et
217 2685 322 2740 remiss.
334 2701 357 2740 c.
373 2689 413 2740 26.
429 2702 532 2756 ponam
547 2686 761 2753 sanctiticatam,
779 2684 828 2758 qui
845 2683 893 2738 da·
919 2683 995 2737 iilud
1018 2685 1117 2739 initum
1133 2686 1261 2756 nuptiale
1279 2687 1427 2757 cujusdam
1447 2686 1619 2740 sacramenti
1635 2701 1680 2739 res
1698 2693 1747 2754 est,

71 2778 146 2829 ntur
163 2771 369 2827 catechumenis
395 2771 457 2827 loco
481 2770 679 2839 eucharistiae,
703 2777 786 2827 vocat
803 2787 893 2827 sacra·
919 2777 949 2823 at
968 2786 1018 2824 nec
1039 2772 1103 2842 msa
1119 2775 1300 2842 reparatione
1317 2773 1430 2828 irritam
1446 2773 1505 2840 liat,
1523 2771 1750 2842 pamndopuidem

71 2864 196 2928 uentum,
217 2858 251 2914 de
269 2875 323 2930 quo
335 2865 428 2914 tamen
444 2874 572 2930 expresse
589 2858 676 2927 addit,
694 2858 768 2930 quod
785 2856 894 2912 nonsit
919 2856 1024 2910 uiuente
1041 2858 1111 2927 uiro,
1130 2875 1150 2911 a
1172 2877 1226 2929 qao
1245 2859 1347 2913 relicta
1366 2866 1414 2928 est,
1430 2859 1596 2923 moechatur,
1619 2858 1646 2912 si
1662 2856 1748 2911 atteri

71 2962 164 3016 eorpus
180 2943 298 3014 Christi;
314 2944 378 3002 libr.
396 2950 420 3000 2.
441 2945 475 3000 de
493 2945 579 3014 symb.
601 2944 636 2999 ad
653 2942 806 3001 catechum
824 2961 849 3001 c.
866 2949 892 2999 2.
920 2944 1054 3013 rapuerit,
1073 2951 1101 2998 et
1118 2944 1168 2998 ille
1186 2945 1272 3015 irajas
1288 2944 1360 2999 moli
1381 2961 1470 3000 causa
1490 2952 1538 3010 cst,
1556 2945 1606 3014 pai
1622 2942 1748 3013 reliquit.

71 3038 204 3086 :uriom
221 3031 405 3099 infantansia
423 3038 499 3083 atero
511 3030 651 3084 Rebeccae
670 3036 751 3085 vocat
762 3046 893 3102 mamam
921 3045 945 3084 c.
964 3034 1010 3086 18:
1036 3031 1163 3103 Nuptiae
1180 3031 1415 3101 patriarcharum
1438 3048 1500 3085 cum
1517 3030 1612 3084 maltis
1633 3030 1750 3095 seminis

71 3122 276 3175 mentun
328 3119 366 3172 In
394 3118 494 3186 quiam
519 3117 650 3186 poenalia
674 3116 783 3187 (inquit)
812 3116 895 3185 quasi
920 3123 1124 3171 sacramentam
1154 3119 1271 3181 fueruat
1305 3117 1509 3186 conjunctionis
1547 3116 1652 3170 Christi
1688 3132 1750 3170 eum

71 3205 225 3259 indentitas
243 3213 268 3258 a
287 3213 490 3259 sacramentum
509 3223 639 3274 mapnam
663 3204 849 3258 cohibentibus
868 3210 893 3257 et
921 3202 1097 3261 multitudine
1114 3204 1256 3259 naaman
1273 3205 1356 3258 totius
1373 3203 1480 3272 mandi,
1497 3219 1569 3275 meae
1589 3209 1749 3256 convertun-

71 3291 181 3362 rsprobi
196 3291 228 3344 in
246 3290 327 3344 Esou
346 3293 571 3344 demorsstrontar
589 3290 707 3359 Jadoei,
726 3298 752 3344 et
770 3292 892 3360 praede·
921 3296 968 3343 tur
993 3292 1034 3345 ad
1045 3291 1152 3359 fidem,
1178 3291 1294 3361 nuptiae
1319 3298 1411 3345 autem
1438 3289 1662 3344 Christianorum
1687 3305 1750 3343 mem

71 3378 164 3433 anari
185 3378 215 3431 in
240 3377 333 3432 Jacob
352 3384 494 3447 apparent
518 3377 681 3433 Christiani.
717 3375 894 3432 Bemhardus
920 3394 978 3430 ana
997 3383 1105 3433 tantum
1122 3394 1209 3432 serore
1229 3386 1432 3433 sacramentam
1448 3384 1512 3431 sant
1528 3375 1646 3430 unitatis
1666 3375 1748 3430 ecele-

71 3480 144 3520 serm.
162 3463 200 3519 de
219 3479 305 3519 coena
320 3463 402 3520 Dom.
427 3464 558 3518 lotionem
580 3466 688 3535 pedam
704 3469 786 3518 vocat
803 3478 893 3518 sacra·
919 3463 980 3516 siae
999 3463 1111 3518 Christo
1136 3464 1284 3532 subjectae.
1307 3463 1370 3518 libr.
1390 3462 1424 3518 de
1441 3462 1497 3518 fide
1513 3469 1543 3518 et
1553 3460 1657 3533 operib.
1678 3477 1702 3537 c.
1722 3467 1747 3516 t.

71 3556 198 3606 uentum.
229 3548 385 3606 Cassander
401 3549 431 3605 in
442 3548 559 3605 consult.
578 3559 629 3604 art.
650 3554 694 3605 13:
712 3551 777 3604 Non
795 3557 895 3604 tamem
919 3549 1123 3605 matrimonium
1140 3551 1251 3620 statuit,
1278 3567 1338 3606 esse
1358 3550 1601 3605 adumbrationem
1618 3545 1750 3602 connubii

71 3653 221 3706 paenpreom
244 3636 368 3706 reperies
388 3644 453 3690 ante
478 3636 682 3700 Lomhordam,
714 3635 764 3706 pai
788 3643 894 3690 certam
919 3636 1088 3706 spirituales,
1109 3639 1187 3706 praa
1202 3637 1291 3691 initur
1307 3637 1381 3691 inter
1401 3635 1541 3691 Christum
1558 3643 1584 3689 et
1606 3634 1752 3689 sudamus

71 3722 187 3792 ediquem
207 3739 241 3776 oc
259 3722 404 3787 delinitam
420 3728 661 3775 sacramentorum
678 3740 820 3777 numerum
838 3729 894 3776 sta·
920 3722 949 3775 in
970 3723 1115 3791 baptismo.
1138 3722 1201 3780 libr.
1227 3728 1252 3778 2.
1280 3729 1377 3778 eontm
1400 3722 1506 3778 advers.
1530 3721 1585 3792 leg.
1603 3727 1632 3776 et
1648 3718 1748 3794 proph.

71 3808 156 3864 uait.
192 3810 219 3864 3.
244 3808 292 3862 Ea
321 3808 382 3878 ipso
410 3809 555 3862 verborum
583 3815 718 3866 contestu.
761 3808 792 3866 Si
819 3809 895 3864 dicta
921 3825 945 3864 c.
963 3815 993 3865 9:
1012 3812 1060 3864 Aa
1080 3818 1222 3865 utcontra
1240 3809 1398 3879 apostolam
1411 3809 1607 3878 disputaturus
1625 3809 1661 3862 de
1680 3824 1750 3877 pao-

71 3894 225 3965 patrum,in
244 3894 344 3966 quibus
355 3895 557 3951 matrimonium
569 3901 670 3951 vocant
683 3902 894 3964 sacramentum,
918 3898 998 3953 litote
1012 3899 1168 3967 fipararam
1192 3902 1276 3966 atpae
1299 3896 1439 3963 dicturas,
1455 3910 1511 3948 non
1535 3911 1596 3948 eam
1620 3893 1749 3948 debuisse

71 3983 215 4055 diligenter
234 3981 432 4054 expendantur,
451 3981 534 4037 facile
551 3981 705 4052 apparebit,
725 3983 848 4054 generali
865 3989 895 4038 et
918 3986 1028 4054 reparas
1043 4000 1136 4037 rerum
1153 3983 1331 4038 amararum
1344 3983 1380 4036 de
1390 3982 1472 4036 rebus
1483 3981 1608 4050 turpibus
1624 3981 1749 4035 dacae!

71 4077 121 4126 aa
137 4068 340 4140 significatione
357 4067 393 4123 ab
411 4067 465 4122 illis
483 4067 521 4122 sic
541 4067 643 4124 socan.
679 4066 738 4125 Leo
759 4069 838 4141 epist.
851 4076 894 4128 92.
919 4072 1045 4141 crispato
1071 4070 1149 4124 malta
1180 4069 1321 4138 schumet,
1356 4069 1470 4137 quondo
1504 4069 1586 4123 audit
1623 4068 1748 4136 pontiam

71 4157 99 4213 td
115 4154 224 4211 Rustic.
240 4154 466 4211 Narbonensem:
497 4153 564 4207 Cum
587 4155 706 4208 secutos
731 4155 893 4224 nuptiarum
920 4159 1068 4221 dactmem,
1086 4157 1163 4226 qaod
1181 4155 1315 4225 scriptam
1342 4160 1382 4207 est
1410 4154 1446 4207 de
1470 4152 1595 4207 masculo
1621 4160 1647 4206 ct
1667 4153 1749 4219 semi·

71 4242 197 4298 sdanitio
214 4242 256 4295 ito
273 4241 423 4295 constituto
442 4240 494 4310 sit,
517 4248 548 4293 ut
564 4247 682 4310 praeter
698 4258 811 4295 sexuum
830 4261 894 4298 con·
919 4261 966 4308 no,
984 4251 1065 4298 erunt
1083 4245 1140 4297 duo
1166 4243 1196 4295 s'n
1215 4258 1301 4296 corne
1319 4258 1385 4309 ano,
1404 4241 1512 4294 addere
1531 4247 1556 4294 et
1583 4239 1685 4308 dicere,
1700 4257 1747 4294 so·

71 4329 232 4383 humionem
254 4327 355 4381 habeat
377 4327 461 4380 etiam
487 4326 518 4380 in
535 4343 564 4380 se
586 4324 692 4380 Christi
717 4335 743 4381 et
761 4329 893 4383 molesios
920 4338 1091 4385 crementata
1107 4329 1158 4383 loc
1176 4345 1316 4398 mapsam,
1332 4343 1382 4396 epo
1400 4335 1494 4382 autem
1514 4326 1578 4381 dico
1589 4327 1619 4380 in
1638 4325 1750 4382 Christo

71 4421 275 4477 aeramentum,
292 4413 408 4467 dubiam
424 4431 480 4468 nan
498 4421 547 4477 est,
567 4429 628 4466 eom
648 4413 791 4468 mulierem
808 4417 893 4471 etiam
920 4423 947 4470 et
964 4417 1089 4473 ecclesio.
1128 4415 1210 4469 Itone
1227 4431 1293 4469 aero
1311 4413 1360 4468 ubi
1371 4420 1459 4467 essent
1477 4414 1670 4482 capnoscendo
1689 4420 1749 4468 tan·

71 4519 117 4557 son
132 4499 274 4570 pertinere
291 4501 333 4553 ad
348 4499 563 4569 matrimonium,
581 4500 612 4553 in
629 4517 686 4568 pao
704 4501 827 4572 docetm,
844 4520 894 4557 nu·
920 4509 965 4557 tae
980 4503 1224 4566 reisocromento,
1242 4502 1328 4555 idest
1341 4517 1426 4554 saera
1453 4500 1537 4568 sipno
1554 4504 1607 4556 etc.
1643 4499 1751 4556 Horum

71 4589 151 4644 arole
173 4605 229 4641 non
247 4587 346 4655 faisse
369 4585 529 4653 mysterium
551 4585 586 4654 (si
605 4601 705 4641 nornen
730 4588 894 4644 sacramenti
919 4605 953 4643 ac
976 4588 1108 4643 similium
1125 4588 1247 4643 locorum
1265 4584 1404 4642 evidentia
1421 4585 1589 4641 Bellarmino
1614 4587 1748 4657 expressit

72 4693 92 4731 n
119 4673 163 4729 his
182 4670 274 4728 verbis
298 4671 471 4742 acciperetur
489 4670 596 4741 stricte,
626 4689 796 4744 consequens
814 4673 894 4739 ioret,
919 4674 991 4731 hunc
1011 4673 1223 4744 confessionem,
1252 4672 1327 4743 qnod
1346 4672 1520 4741 Aapustinus
1537 4689 1636 4726 nomen
1653 4690 1749 4728 sacro-

71 4757 269 4814 natrimonium
294 4756 377 4812 etiam
403 4756 433 4812 in
456 4757 492 4814 V.
514 4754 548 4813 Τ.
571 4757 657 4814 iuism
685 4767 894 4831 sacramentum,
920 4761 1005 4815 menti
1020 4779 1076 4815 nau
1092 4761 1194 4831 abique
1212 4761 1308 4813 eodem
1326 4760 1411 4813 modo
1432 4758 1569 4828 accepiat,
1591 4760 1644 4812 sad
1662 4776 1750 4829 quoru

71 4845 139 4920 ruod
156 4843 339 4900 Bellarmiuus
358 4860 414 4898 non
439 4842 579 4913 concedit,
602 4844 725 4916 generali
751 4844 837 4917 igitur
858 4845 894 4900 si·
920 4849 1011 4917 doque
1038 4848 1139 4916 iaspo,
1165 4844 1332 4914 quandoque
1360 4852 1450 4898 autsm
1480 4844 1583 4919 stricto.
1628 4844 1752 4902 Probare

71 4931 242 5007 gnificatione
269 4929 309 4984 ita
335 4929 506 5002 appellatur,
534 4928 600 5001 quia
624 4931 730 4986 scilicm
747 4932 893 4988 adumbra-
919 4933 1005 5005 igitur
1022 4938 1145 5001 conatur,
1163 4930 1352 5004 Augustinum
1364 4928 1527 4987 sacramenti
1539 4945 1640 4985 nomen
1656 4931 1751 4988 stricte

71 5021 167 5076 donem
184 5017 337 5090 spiritualis
356 5016 558 5088 conjunctionis
575 5018 713 5073 etamoris
732 5018 803 5074 inter
815 5017 893 5075 Chri·
919 5023 1063 5091 acceptum
1081 5017 1212 5090 conjugio
1232 5015 1353 5072 tribuere
1380 5022 1402 5073 1.
1426 5018 1494 5086 quia
1515 5017 1642 5072 absolate
1659 5027 1686 5073 et
1705 5037 1750 5073 or-

71 5112 138 5163 run
153 5112 184 5161 et
202 5103 346 5160 ecclesiam
363 5104 503 5172 continet).
542 5101 753 5174 Chrysostomus
778 5111 806 5160 ot
825 5105 892 5161 Arn-
920 5106 1033 5160 dinarie
1049 5105 1091 5158 sic
1110 5111 1207 5174 soom
1231 5106 1258 5157 2.
1278 5104 1345 5172 puio
1369 5120 1425 5157 non
1441 5103 1499 5157 nisi
1520 5105 1550 5158 in
1567 5106 1686 5161 ecclesia
1704 5124 1750 5161 sa·

71 5192 171 5249 hadas
211 5189 337 5262 mysterii
372 5194 401 5245 et
435 5188 601 5245 sacramenti
629 5206 730 5245 nomen
767 5190 893 5247 tribuunt
919 5199 1088 5246 aramentum
1119 5207 1177 5245 esse
1207 5188 1294 5258 dicit,
1327 5197 1353 5243 et
1380 5206 1435 5259 per
1463 5190 1515 5245 iac
1541 5193 1749 5246 matrimonium

71 5280 195 5352 eonjugio
224 5294 280 5333 non
309 5276 365 5331 alia
390 5277 508 5340 ratione,
539 5292 621 5347 quarn
650 5276 716 5348 quia
744 5278 891 5349 mysticam
912 5278 1043 5350 fideliam
1055 5279 1112 5333 siue
1127 5276 1349 5333 Ohrr'stianoram
1366 5293 1386 5328 a
1402 5276 1588 5333 matrimoniis
1605 5279 1750 5348 prutilium

71 5365 139 5423 illam
156 5364 259 5423 Christi
276 5370 305 5419 et
325 5362 458 5419 ecelesiae
476 5362 714 5434 desponsationem
737 5364 891 5420 adumbrat.
919 5366 1083 5433 dr'stinpait,·
1105 5366 1132 5420 3.
1157 5363 1225 5434 quio
1242 5362 1357 5416 assumit
1383 5362 1415 5415 id
1431 5370 1565 5432 tanpaom
1584 5372 1689 5419 sertam
1709 5367 1751 5420 ad
1762 5369 1809 5410 XV·
1820 5368 1852 5410 ⁴³·

71 5451 226 5509 Ambrosius
246 5450 309 5508 libr.
331 5457 351 5508 l.
370 5450 406 5504 de
422 5448 525 5505 Abrah
542 5465 603 5519 cap.
624 5454 647 5504 i.
665 5447 741 5516 dicit,
761 5466 822 5504 earn
842 5453 892 5521 qai
914 5452 1095 5523 probandum
1121 5453 1223 5519 dopmo
1252 5447 1480 5518 eeeimiasticum,
1509 5451 1585 5518 qaod
1608 5450 1748 5506 uincsclam

71 5538 97 5593 ia
113 5540 207 5595 Dmm
220 5543 330 5609 peceat,
347 5535 519 5591 romanensi
536 5535 662 5591 coriatis
680 5535 809 5591 omittere
827 5554 891 5594 con·
919 5537 1091 5595 maenis
1119 5537 1156 5593 sit
1180 5534 1343 5604 insultabam
1371 5539 1395 5593 d.
1416 5536 1485 5606 qaia
1509 5536 1635 5605 loquitur
1652 5538 1749 5595 eodem
