4020 6022
216 224 276 282 sm
351 290 357 305 Ι
785 174 921 279 'nocue
939 216 1145 278 mersurus
1162 219 1331 286 cunnus

214 371 292 439 specs
310 380 452 443 consors,
476 374 526 443 qni
541 372 674 443 templum
691 390 722 429 ss
739 375 803 430 Deo
816 375 1002 444 parissimam
1019 383 1046 430 et
1073 372 1145 430 hom.
1165 381 1187 430 1.
1205 374 1235 429 iu
1248 372 1348 430 Matth.
1364 379 1394 431 ot
1411 374 1458 431 cit
1477 393 1502 433 c.
1520 374 1640 430 Inventa
1649 390 1729 430 caus.
1745 380 1775 430 et
1797 376 1903 447 quaest

213 456 406 514 holocaustum
417 460 641 532 acceptissimam
659 462 787 531 offerant,
807 461 937 518 aedhaec
954 461 1047 518 omnia
1072 458 1184 516 iisdem
1209 461 1318 530 Josepn
1338 462 1405 516 ticet
1424 478 1486 515 eam
1504 479 1561 516 nnn
1577 461 1763 531 contiepsrsss
1786 462 1905 525 ιἰιιιιιιι

215 542 245 597 in
276 545 400 615 simplice
426 563 460 601 ac
485 544 572 601 libero
602 545 754 602 coelibatus
784 547 926 618 proposito
955 549 1047 603 locum
1072 553 1174 615 menen,
1191 548 1398 617 superabatur,
1416 547 1512 602 rasorii
1526 548 1756 603 omnianossrat.
1786 546 1903 603 ambre

215 629 319 686 habero
337 638 462 702 possunt,
480 631 503 687 si
515 632 559 686 vol
576 631 694 688 mammo
711 649 768 688 non
785 633 1046 690 oceemeritvotum.
1072 630 1129 686 sius
1153 633 1190 687 de
1208 631 1272 689 inst
1288 630 1357 704 virg.
1384 649 1408 687 c.
1429 638 1454 689 ὃ.
1473 638 1502 688 et
1520 632 1623 688 citatur
1643 650 1667 689 c.
1687 650 1754 688 eum
1771 631 1903 689 initiamr.

215 715 368 787 Praecepto
408 716 480 772 onim
512 717 561 772 illa
587 735 644 773 non
680 717 806 790 obligant
828 718 883 774 nisi
914 720 1047 788 volentes,
1072 732 1146 771 caus.
1165 722 1194 772 et
1205 735 1232 788 q.
1246 716 1361 773 iisdem:
1383 718 1453 774 (inm
1464 719 1595 773 endiatnr
1613 720 1786 789 eonjupiam,
1806 719 1902 787 conjn-

215 807 245 856 at
262 802 333 857 vello
350 809 465 872 possunt
484 803 567 858 etiam
584 802 613 873 ii,
630 803 678 874 qui
699 820 756 859 non
771 811 907 862 voverunt
926 805 1045 862 coeliba—
1071 804 1113 872 pii
1122 820 1222 858 nomen
1233 804 1475 873 adsciscitm‚non
1485 822 1548 859 enm
1556 805 1903 874 pusuasiriadmietione

215 893 282 942 tum.
326 887 501 960 Augustinus
524 888 573 945 lib.
593 890 628 947 do
645 890 745 962 virgin.
758 906 783 944 c.
804 896 847 949 30.
867 892 924 948 voti
945 910 1044 949 nomon
1072 889 1256 958 copnoscitnr.
1291 890 1330 946 Et
1352 890 1433 947 addit
1458 889 1624 946 Gratianus:
1649 893 1742 954 lices,
1771 893 1850 960 qrsod
1874 891 1902 944 in

214 971 312 1037 habet,
340 974 390 1029 sod
415 991 465 1046 per
492 983 586 1030 votum
609 974 679 1030 nihil
703 975 781 1031 aliud
806 976 938 1050 intelligit
961 995 1045 1049 quem
1072 977 1283 1046 desponsatione
1311 978 1472 1047 conjnpinm
1499 976 1640 1030 indimus.
1687 975 1843 1047 Gregorius
1874 978 1903 1032 in

214 1058 323 1114 firmum
340 1066 369 1115 et
394 1066 567 1115 constantem
585 1060 670 1115 animi
689 1062 852 1118 sententiam
870 1080 904 1121 ae
922 1065 1045 1135 proposi·
1071 1060 1151 1133 epist
1170 1061 1207 1116 ed
1225 1061 1386 1117 Maumtium
1403 1069 1433 1118 et
1450 1061 1568 1118 hebetur
1587 1079 1611 1119 c.
1629 1062 1685 1129 Qui
1698 1063 1901 1134 desponsatam,

213 1150 280 1213 tum,
297 1152 329 1201 ιιι
345 1151 454 1201 constat
469 1161 503 1200 ex
521 1148 582 1217 ejus
599 1145 691 1201 verbis
711 1148 740 1202 in
761 1166 857 1205 comm
876 1150 977 1205 Psslm.
997 1157 1044 1206 tt:
1070 1146 1189 1218 ibidem:
1213 1148 1339 1202 Divinae
1367 1148 1439 1217 lepis
1463 1156 1504 1203 est
1527 1166 1588 1203 mos
1611 1166 1733 1218 sponssm
1757 1150 1903 1218 appetisse

213 1231 298 1286 Alias
322 1239 399 1286 sonet
419 1234 484 1287 Deo
500 1233 655 1288 condatem
672 1235 864 1306 conjupalem,
882 1244 914 1291 nt
926 1246 1045 1307 praetor
1071 1234 1211 1304 somma,
1229 1235 1305 1287 unde
1324 1234 1354 1287 in
1373 1235 1517 1302 eennpelio
1532 1235 1645 1300 dieitur,
1664 1237 1763 1305 accipe
1776 1236 1903 1290 Mariam

213 1335 326 1373 acorem
343 1337 424 1373 sesam
440 1337 498 1373 non
515 1321 623 1374 noverit
640 1320 748 1391 attam·
769 1323 824 1377 olii
835 1322 921 1377 ets'sem
938 1331 1043 1390 nocent,
1070 1320 1217 1388 coniaqem
1235 1327 1320 1375 taam
1365 1319 1406 1374 lix
1431 1337 1487 1391 quo
1509 1319 1549 1374 sic
1578 1321 1779 1382 concludimus.
1818 1321 1903 1387 Quae·

215 1406 265 1460 etsi
283 1406 392 1474 esperti
411 1405 579 1474 eonjapinm
599 1406 678 1460 adra
697 1407 770 1462 nilsii
786 1410 843 1464 tale
858 1410 937 1478 pati,
956 1411 986 1464 in
1005 1411 1043 1464 oi-
1070 1421 1182 1476 cunque
1198 1404 1278 1461 altori
1298 1422 1328 1460 se
1345 1406 1452 1476 patitur
1470 1406 1642 1477 desponderi,
1660 1413 1693 1461 ιιι
1704 1407 1829 1479 lietejus
1840 1426 1902 1465 con·

213 1493 322 1545 duitate
344 1491 452 1547 scilieet
473 1508 653 1561 permonere,
683 1501 710 1547 et
735 1495 793 1564 ipsi
814 1504 910 1551 sonent
932 1497 1046 1567 aliquid
1067 1493 1127 1562 jux,
1145 1508 1180 1546 oa
1197 1507 1251 1546 non
1270 1491 1362 1547 emisit
1377 1497 1472 1548 votum
1490 1492 1674 1564 virginitatis,
1696 1494 1768 1550 alios
1786 1512 1903 1568 namquo

214 1579 306 1647 ntajus
324 1595 409 1648 qssom
421 1577 485 1646 ills)
504 1578 559 1632 alii
576 1578 765 1646 crispiniensem
776 1581 869 1650 ipsam
881 1583 918 1636 ab
933 1584 1043 1637 ineunte
1069 1577 1163 1652 γάμον
1177 1575 1289 1651 ἄγαμον
1301 1578 1490 1634 contrahendo
1505 1579 1564 1633 Deo
1576 1586 1605 1633 ot
1616 1579 1775 1636 hominibus
1788 1581 1903 1636 illudere

211 1673 304 1718 aetate
322 1672 433 1731 seond,
457 1672 484 1719 st
503 1665 552 1719 isti
569 1675 701 1721 noverant
722 1667 884 1736 pissimum.
923 1668 1043 1742 Fulgon-
1070 1663 1158 1719 videri
1186 1669 1289 1733 posset
1335 1663 1391 1720 Sed
1421 1664 1511 1719 Maria
1538 1682 1623 1736 possa
1645 1665 1701 1722 fuit
1716 1667 1842 1738 Josspho
1859 1669 1902 1722 do

211 1749 267 1805 tius
305 1749 342 1805 de
360 1748 409 1806 fic.
427 1750 464 1805 ad
482 1750 557 1806 Potr.
577 1767 600 1807 c.
618 1756 648 1807 3:
670 1752 813 1822 Quisquis,
827 1753 930 1825 inquit,
947 1772 977 1809 se
997 1773 1043 1810 ea·
1069 1749 1207 1820 sponderi.
1242 1749 1326 1821 Ergo.
1364 1749 1550 1805 Bollerminus
1568 1752 1733 1824 respondet,
1752 1753 1806 1807 hoc
1821 1770 1901 1824 ergn-

211 1836 343 1890 straoerit
356 1844 478 1908 propter
495 1853 610 1905 rspnnm
629 1838 784 1907 coelestem,
801 1847 827 1893 et
843 1840 873 1893 in
891 1843 977 1896 cordo
992 1860 1043 1897 seso
1070 1841 1192 1891 mentum
1209 1838 1317 1891 duobus
1337 1838 1428 1892 modis
1456 1837 1526 1893 mlvi
1544 1853 1634 1908 poue·
1672 1840 1789 1909 Primo,
1814 1842 1842 1894 εἰ
1861 1841 1903 1894 vel

211 1921 412 1978 continentiam
442 1922 554 1977 emerit.
598 1924 638 1977 At
667 1922 750 1979 corde
778 1926 837 1981 solo
867 1944 922 1982 non
952 1933 1044 1999 potest
1069 1921 1188 1977 monim
1213 1924 1348 1989 daretur,
1375 1923 1497 1977 Beatam
1527 1924 1671 1993 Vispinsm
1696 1942 1761 1980 essm
1777 1926 1902 1996 Josepio

121 2010 126 2018 '
211 2009 325 2064 solenne
343 2007 531 2065 continentiae
554 2014 649 2065 votum
671 2008 744 2075 fieri,
771 2016 802 2065 ut
828 2011 882 2082 ipsi
905 2013 1044 2071 Pontiiicii
1068 2009 1277 2064 matrimonium
1293 2010 1464 2064 contrarius
1476 2011 1570 2064 animo
1581 2012 1798 2066 consummandi
1806 2014 1901 2067 matri·

212 2100 354 2165 statuunt,
399 2095 448 2151 sed
490 2095 639 2167 requiritur
678 2101 788 2168 praeter
823 2102 919 2155 sordis
956 2104 1043 2157 intem
1068 2095 1205 2162 moniam,
1235 2096 1327 2150 adnue
1350 2103 1441 2150 mmor
1469 2104 1716 2165 aonemundus,
1741 2114 1821 2168 mm,
1841 2117 1901 2175 enm

213 2183 318 2237 tionem
342 2181 426 2236 etiam
450 2183 510 2236 oris
540 2183 701 2252 professio,
730 2182 852 2255 loquitur
882 2202 949 2258 orgo
977 2188 1043 2242 Ful-
1070 2184 1150 2251 amis,
1172 2183 1310 2252 qaonsodo
1320 2185 1374 2251 fiet
1392 2184 1490 2236 sstndi
1513 2200 1570 2236 non
1587 2183 1720 2237 heinmo
1735 2192 1831 2239 sotum
1847 2186 1900 2239 eis·-

216 2268 326 2341 gontius
360 2273 469 2324 tantum
501 2268 537 2325 de
561 2267 647 2324 animi
667 2270 810 2340 proposito
832 2277 861 2327 et
882 2270 938 2327 fixa
953 2273 1043 2328 cordis
1068 2267 1209 2336 pinnam,
1241 2269 1336 2338 potnit
1370 2268 1442 2323 enirn
1478 2268 1529 2322 noc
1559 2274 1652 2323 votnm
1681 2269 1807 2326 emisisse
1836 2280 1900 2341 post

214 2355 359 2411 sententia.
1070 2354 1196 2424 eonjapii
1225 2353 1435 2408 celebrationem
1464 2362 1491 2408 et
1526 2362 1619 2408 tamen
1649 2362 1715 2409 ants
1746 2358 1900 2425 mepaliensi

85 2441 106 2529 ξ·
121 2439 202 2534 ζμ
250 2447 308 2496 510.
345 2445 369 2495 2.
400 2439 468 2494 Luc.
497 2444 521 2508 1,
546 2458 572 2495 v.
602 2446 643 2495 ei.
691 2442 785 2495 Beata
810 2442 891 2511 sirpo
914 2444 1043 2511 ondens,
1068 2439 1272 2504 retentionem,
1290 2445 1323 2496 ut
1340 2439 1422 2495 docet
1437 2439 1559 2494 Thomas
1577 2444 1649 2510 part.
1662 2445 1688 2496 ³.
1709 2458 1737 2512 q.
1752 2447 1792 2499 28.
1806 2450 1859 2502 art.
1875 2452 1900 2501 4.

85 2520 163 2585 virum
213 2534 410 2596 concepturam
424 2542 458 2579 nc
471 2525 635 2595 parituram
651 2527 761 2595 filiam,
781 2532 947 2597 mpondot:
972 2529 1044 2593 ρηο-
1070 2525 1111 2578 s'ta
1129 2532 1160 2579 at
1173 2526 1298 2596 primam
1315 2526 1432 2595 nuptiae
1449 2525 1606 2580 celebratae
1621 2526 1685 2593 sint,
1702 2528 1808 2583 deinde
1827 2538 1901 2585 esss-

85 2605 186 2688 ”¹222ss
213 2615 297 2668 mode
322 2615 375 2681 fiet
405 2612 496 2675 istud,
527 2612 657 2681 quostiam
686 2615 777 2668 einim
805 2633 860 2669 non
889 2620 1045 2684 sepnoscoi
1070 2628 1155 2681 qnam
1183 2613 1224 2665 ad
1254 2611 1428 2666 matrimonii
1461 2612 1722 2666 consummationem
1756 2617 1901 2687 reserens,

85 2708 181 2748 mmm·
219 2700 324 2762 Quibus
342 2697 433 2752 oerbs’s
457 2697 613 2767 siqnifieat,
634 2716 664 2752 se
686 2700 912 2770 impedimentum
934 2703 1044 2774 tabere,
1069 2699 1164 2752 Beata
1195 2697 1282 2765 Virdo
1311 2705 1404 2753 votnm
1427 2697 1599 2766 sirpinitntis
1626 2698 1751 2754 emiserit
1770 2701 1834 2770 epse
1852 2704 1900 2758 Jo-

213 2785 359 2856 qnnminas
378 2784 472 2854 filiam
490 2784 638 2853 concipere
656 2793 683 2839 et
695 2803 802 2854 parere
816 2797 918 2856 posset.
952 2791 1044 2859 Impe·
1069 2784 1155 2853 septo
1172 2783 1356 2838 consentiente
1374 2790 1414 2853 et,
1440 2790 1471 2837 at
1483 2783 1533 2853 pie
1550 2783 1676 2838 creditore
1682 2820 1691 2849 ,
1715 2785 1802 2840 etiam
1820 2789 1901 2844 sinai

213 2873 366 2927 dmentem
386 2877 478 2926 ausen
502 2871 579 2927 iilud
594 2889 651 2926 non
669 2873 753 2927 ettad
776 2889 834 2928 nse
847 2876 943 2944 poton
959 2893 1044 2946 qaam
1069 2877 1191 2926 coenos.
1234 2868 1323 2940 Atqui
1346 2886 1403 2924 non
1427 2886 1461 2925 ex
1485 2869 1568 2924 nudis
1592 2870 1761 2940 conjecturis
1780 2890 1900 2931 meerm-

210 2967 301 3014 votnm
343 2959 528 3014 continentiae
564 2960 626 3028 p'am
664 2960 800 3015 emissum.
864 2962 927 3017 Illa
970 2965 1044 3018 onim
1064 2956 1146 3037 dum,
1164 2955 1213 3012 sed
1231 2973 1265 3010 ex
1286 2954 1451 3027 evangelica
1466 2954 1583 3011 historia
1600 2954 1777 3026 probandum
1795 2959 1900 3025 fuisset,

210 3046 302 3115 sorba,
318 3046 409 3100 oirnm
425 3063 481 3100 non
496 3052 639 3115 eopnoseo,
656 3065 713 3102 non
729 3047 890 3116 oipniticent
906 3049 967 3117 iam
978 3058 1044 3104 aeta
1068 3042 1186 3097 Mmiam
1202 3046 1266 3114 post
1283 3040 1423 3112 sponsalia
1441 3058 1504 3096 cnm
1514 3042 1638 3112 Josopho
1653 3042 1798 3101 colobrm
1808 3055 1900 3103 votum

210 3150 267 3188 non
286 3149 436 3201 capnosco,
453 3133 505 3186 sed
521 3150 577 3188 non
596 3132 661 3187 lieet
679 3133 750 3187 nsiti
766 3151 947 3204 cognoscere,
972 3138 1043 3192 atio
1068 3126 1236 3199 virginitatis
1255 3125 1385 3183 mulsos.
1424 3126 1598 3183 Contrarium
1613 3128 1834 3188 demonstramus
1849 3133 1899 3189 hoc

211 3219 279 3289 qnia
311 3217 485 3288 ineptissima
513 3218 697 3289 {surrepente
716 3220 831 3291 χἰιίιιιι,
861 3239 924 3276 cum
951 3223 1044 3292 possis
1069 3214 1159 3269 modo.
1191 3213 1252 3268 Aut
1269 3212 1357 3270 inscio
1370 3212 1493 3284 ‹losepho
1510 3229 1612 3285 sponso
1630 3214 1721 3271 Meris
1734 3222 1831 3273 votnm
1849 3219 1900 3273 vir·

211 3305 304 3358 statim
322 3304 504 3373 responderi,
527 3305 580 3358 etsi
603 3323 677 3359 nnnc
701 3306 791 3360 viram
809 3324 865 3361 non
890 3309 1041 3377 coqnoscie,
1069 3300 1194 3373 ginilttit
1214 3298 1363 3366 emittet,
1394 3305 1444 3355 aut
1467 3300 1563 3356 eodem
1582 3301 1781 3361 consentiente.
1821 3304 1899 3361 Prius

211 3397 303 3444 mmcn
314 3391 407 3459 panio
419 3396 486 3459 post
504 3408 659 3461 copnosces.
701 3390 760 3446 Cur
778 3400 868 3447 ensem
881 3395 1043 3465 pronibere·
1070 3386 1124 3442 diti
1141 3387 1251 3458 nequit,
1269 3385 1337 3457 quit
1354 3392 1387 3441 ul
1403 3401 1484 3453 1¹¹012
1502 3385 1542 3440 51⁸
1559 3402 1671 3458 quoque
1690 3404 1810 3459 tmolus,
1830 3409 1900 3464 quae

211 3486 271 3542 tar,
294 3476 375 3530 nnlla
396 3476 472 3531 ratic
496 3476 582 3530 reddi
594 3484 687 3545 potest
712 3477 769 3531 nim
788 3485 895 3544 notam,
923 3499 988 3535 nans
1016 3490 1042 3536 et
1069 3481 1111 3529 etl
1135 3490 1203 3529 1¹¹01
1226 3478 1311 3544 pacit
1329 3478 1359 3527 el
1383 3472 1529 3544 promissa,
1555 3488 1611 3528 non
1629 3472 1715 3529 htbet
1735 3484 1899 3547 potestaten

210 3566 301 3619 sirum
327 3563 445 3618 habetat
475 3569 502 3616 et
524 3562 638 3632 juvenis
663 3571 737 3632 eros,
769 3580 819 3617 nse
844 3573 884 3620 ost
901 3568 1043 3638 credibile,
1068 3576 1169 3632 corpus
1191 3577 1272 3614 suum
1295 3559 1375 3616 ultori
1397 3558 1545 3615 addicendi
1568 3565 1619 3616 sut
1643 3562 1812 3631 promissum
1836 3582 1899 3622 oon·

210 3649 333 3705 sterilem
360 3656 410 3704 ant
436 3649 612 3718 impotentem
634 3648 739 3713 fnisse,
763 3650 806 3704 noi
828 3658 901 3705 certe
923 3652 956 3706 id
979 3653 1043 3725 ipsa
1065 3646 1139 3720 jugii
1157 3646 1242 3702 iuturi
1260 3663 1340 3702 usum
1358 3645 1555 3702 intervertendi
1574 3653 1596 3702 l.
1615 3644 1677 3704 Cor.
1696 3654 1728 3717 7,
1756 3668 1783 3705 v.
1801 3658 1827 3708 4.
1861 3653 1899 3707 At

210 3737 283 3791 scire
302 3738 425 3791 nondum
437 3742 566 3805 poterat,
589 3752 651 3789 cnm
669 3737 711 3788 ad
729 3735 820 3790 viram
839 3739 962 3792 modam
975 3756 1042 3808 per·
1069 3733 1159 3790 Maria
1175 3733 1229 3788 iuit
1246 3750 1348 3805 sponsa
1373 3739 1415 3799 ot,
1433 3740 1466 3789 ut
1484 3732 1602 3804 Spiritus
1622 3752 1645 3791 s.
1664 3734 1803 3808 loquitur,
1831 3757 1899 3793 asor

210 3824 334 3878 uenisset.
358 3823 418 3876 Noc
427 3822 545 3891 deniqne
555 3822 755 3891 prohibebatur
766 3822 857 3877 sirum
869 3841 1041 3893 copnormro,
1068 3820 1199 3892 Joseplri,
1224 3838 1290 3892 ergo
1313 3837 1369 3875 non
1393 3819 1491 3877 habuit
1516 3825 1681 3892 potestatem
1698 3839 1803 3895 corpus
1821 3842 1898 3881 suum

212 3911 272 3978 ispe
289 3909 388 3979 aliqua
404 3907 548 3976 commoni,
566 3915 597 3962 nt
614 3914 709 3961 notum
726 3915 774 3977 est,
791 3909 878 3979 ipitnr
896 3911 956 3982 ispe
971 3929 1042 3981 por·
1068 3908 1148 3963 elteri
1169 3906 1317 3963 addicendi
1335 3914 1384 3962 eut
1396 3907 1562 3978 promissum
1584 3907 1708 3980 conjugii
1720 3908 1809 3966 intnri
1820 3928 1955 3973 usumin

211 3996 339 4063 tienlan',
371 3995 404 4048 id
428 4001 468 4048 cst
486 4001 558 4051 soto.
604 3993 828 4064 Respondemus:
859 4002 882 4053 1.
908 3997 937 4052 in
954 3997 989 4054 V.
1007 3998 1040 4055 T.
1068 3993 1154 4048 imcic
1182 4000 1210 4049 et
1235 3993 1321 4050 invito
1349 3994 1473 4066 iosepho
1502 3993 1708 4052 intervertendi
1758 3996 1898 4055 Posterius

211 4081 318 4137 nullum
342 4086 433 4138 exstat
458 4080 620 4136 mendosum
646 4080 691 4135 vel
714 4081 870 4151 exemplum
894 4083 1041 4154 probatum
1068 4080 1163 4136 itidem
1181 4081 1237 4136 dici
1254 4080 1363 4153 nequit,
1383 4081 1407 4136 si
1426 4080 1499 4136 euim
1517 4097 1667 4137 consensus
1683 4082 1803 4155 insepti
1818 4084 1898 4141 inter·

210 4169 353 4226 vovendae
372 4175 522 4240 perpetuae
545 4164 726 4238 virginitatis,
757 4166 825 4237 quin
850 4168 966 4240 stillis,
993 4172 1042 4243 qui
1068 4167 1203 4237 cessisset,
1220 4185 1349 4239 quorsum
1364 4168 1400 4224 de
1417 4167 1576 4224 dimissione
1591 4168 1735 4241 cogitaret,
1756 4187 1821 4227 cum
1836 4190 1898 4244 gra·

209 4258 271 4312 Deo
289 4254 381 4311 dovoti
393 4258 480 4318 erant,
500 4254 528 4307 in
542 4252 577 4308 V.
589 4251 621 4308 T.
634 4251 711 4307 licuit
728 4253 932 4310 matrimonium
946 4273 1039 4328 copos-
1068 4252 1160 4308 vidam
1178 4271 1239 4311 eam
1257 4255 1413 4312 inveniret?
1455 4255 1552 4311 Mettis.
1574 4261 1597 4324 1,
1614 4272 1640 4309 v.
1655 4260 1695 4311 19.
1708 4262 1740 4311 et
1758 4259 1827 4328 quid
1844 4259 1898 4315 sibi

211 4360 286 4414 sere,
309 4347 341 4396 ut
358 4340 490 4397 Simeonis
514 4347 542 4395 et
561 4338 695 4396 Samuelis
722 4339 847 4411 exemplo
871 4342 1041 4399 ostendimus
1068 4341 1128 4397 vult
1144 4341 1213 4397 illud
1231 4342 1419 4415 evengelistae
1437 4360 1464 4402 v.
1485 4346 1530 4399 18:
1552 4342 1621 4397 Cam
1640 4350 1709 4396 esset
1728 4346 1900 4415 desponsata

210 4429 346 4501 superius,
364 4426 458 4499 ecquis
472 4426 559 4498 igitur
578 4425 687 4495 credat,
704 4424 820 4483 Mariam
839 4426 898 4484 sine
915 4434 991 4485 certo
1008 4447 1042 4486 ac
1069 4428 1170 4482 Maria
1193 4430 1326 4499 dempto,
1346 4432 1415 4502 πρὶν
1432 4429 1449 4499 ἢ
1466 4431 1613 4484 συνελθεῖν
1624 4427 1731 4494 αὐτούς,
1750 4439 1899 4503 amquam

135 4528 141 4537 '
212 4532 339 4588 expresso
355 4514 409 4569 Dei
427 4513 511 4570 verbo
534 4512 647 4585 propria
673 4529 706 4569 ae
730 4514 839 4585 privata
864 4515 985 4586 quadam
1001 4517 1042 4572 in·
1067 4515 1251 4582 convenirent,
1268 4517 1432 4572 inesntaest
1449 4515 1479 4569 in
1490 4522 1569 4570 atero
1588 4515 1700 4573 iniens.
1732 4514 1838 4574 Notum
1848 4526 1899 4590 est,

211 4604 334 4659 tentione
357 4602 414 4659 tale
440 4608 534 4657 votum
557 4600 674 4657 iecisse?
722 4606 746 4657 2.
767 4600 896 4673 Opinioni
920 4603 956 4659 de
979 4609 1042 4662 voto
1068 4601 1136 4673 quid
1162 4601 1300 4673 significet
1318 4606 1466 4658 συνελθεῖν
1484 4602 1519 4657 de
1545 4602 1652 4673 sponsis
1675 4618 1710 4658 ac
1733 4605 1899 4678 conjugibus

212 4697 362 4762 perpetuae
386 4687 554 4761 virginitatis
574 4704 592 4741 s
609 4685 698 4742 Maria
718 4687 816 4743 emisso
834 4689 982 4748 fortissime
1000 4709 1041 4748 re-
1068 4697 1245 4760 usurpatum,
1264 4690 1339 4761 qnod
1356 4688 1485 4746 videlicet
1501 4688 1668 4744 matdmonii
1686 4693 1899 4749 consummatio·

211 4783 320 4848 pugnat
347 4773 524 4847 desponsatio
553 4771 628 4829 iacta
654 4773 776 4845 Joseplm
801 4775 870 4832 Luc
896 4782 924 4845 l,
954 4794 980 4833 v.
998 4784 1040 4835 27.
1067 4792 1130 4831 nom
1150 4781 1179 4831 ot
1198 4792 1278 4831 usum
1296 4775 1471 4847 conjugalem
1487 4781 1566 4832 notet
1586 4781 1608 4831 1.
1625 4774 1686 4832 Cor.
1699 4783 1725 4848 7,
1741 4794 1769 4836 v.
1790 4786 1813 4835 5.
1831 4795 1897 4851 ergo

211 4868 325 4934 propter
343 4862 426 4934 quom
445 4858 585 4932 iosephue
603 4858 705 4916 dicitur
722 4859 792 4935 ἀνὴρ
810 4867 923 4935 Μαρίας
940 4864 1039 4922 Matth.
1067 4878 1129 4916 oum
1135 4861 1196 4932 jam
1204 4862 1373 4934 desponsata
1385 4868 1457 4918 osset
1467 4861 1557 4917 liaris
1569 4876 1602 4917 ac
1608 4861 1737 4933 jamdum
1755 4872 1829 4921 esset
1837 4882 1899 4938 gra-

213 4955 242 5018 1,
275 4966 301 5005 v.
323 4954 362 5004 16.
394 4953 423 5004 et
444 4947 534 5003 Maria
557 4947 659 5004 dicitur
681 4946 752 5019 γυνὴ
772 4946 874 5021 Ἰωσήφ
897 4948 996 5007 Motth.
1019 4957 1040 5021 t,
1067 4948 1146 5019 vida,
1182 4949 1322 5020 losephus
1352 4948 1615 5005 consummationem
1642 4949 1769 5022 conjugii
1807 4952 1898 5009 adhue

211 5054 237 5092 v.
257 5039 298 5090 20.
316 5033 383 5090 Luc.
402 5040 433 5103 2,
455 5051 482 5092 v.
503 5041 527 5091 ι.
563 5034 603 5093 Ut
620 5033 693 5091 enim
712 5034 899 5106 Hieronymus
918 5035 1041 5107 loquitur
1067 5036 1202 5108 speravit,
1230 5036 1368 5106 quomodo
1400 5037 1484 5108 igitur
1512 5036 1575 5106 ipso
1601 5035 1712 5092 conscio
1738 5043 1768 5094 st
1786 5054 1897 5095 comen·

210 5123 240 5177 in
254 5136 350 5176 comm.
368 5120 467 5177 Metth.
488 5128 510 5178 1.
535 5127 563 5177 et
586 5121 687 5177 citatur
710 5138 732 5175 c.
756 5119 868 5177 Gsnuit.
894 5126 935 5181 27.
961 5139 988 5193 q.
1008 5127 1039 5177 ιι
1066 5122 1164 5189 tionis,
1185 5123 1240 5178 imo
1269 5121 1350 5177 simul
1378 5128 1495 5179 vovente
1517 5121 1609 5177 Maris
1630 5127 1727 5178 votum
1747 5132 1899 5197 perpetuae

211 5207 430 5264 Consuetudins's
442 5216 482 5261 est
495 5209 716 5279 Scriptararnm,
734 5209 811 5278 qaod
827 5207 926 5278 sponsi
941 5208 998 5263 nisi
1015 5218 1041 5264 et
1066 5209 1232 5282 virginitatis
1257 5209 1380 5265 ιιιιίιὶιιι
1402 5208 1458 5264 dici
1479 5208 1589 5280 potest?
1633 5207 1758 5265 Historia
1780 5228 1898 5287 evange·

211 5310 331 5370 sponsae
361 5302 492 5349 vocemur
520 5312 628 5351 osores
676 5295 798 5352 Ibidem:
829 5296 896 5351 Non
919 5296 955 5349 ab
980 5295 1040 5351 alio
1065 5296 1120 5352 lica
1148 5295 1299 5368 simplicem
1331 5314 1364 5353 ac
1401 5295 1550 5352 candidum
1585 5293 1700 5367 Jessphi
1735 5301 1764 5352 et
1794 5297 1898 5356 Mariae

211 5385 323 5439 inventa
340 5388 381 5436 est
392 5380 513 5450 prasina
532 5381 590 5435 nisi
606 5400 626 5435 a
640 5382 763 5452 Josspt,
783 5383 832 5452 qni
844 5398 939 5452 paene
955 5381 1040 5435 licon-
1065 5383 1187 5439 animum
1201 5391 1338 5452 enarrant,
1351 5382 1426 5455 quod
1437 5386 1673 5439 consummassent
1683 5383 1897 5459 matrimonium,

103 5478 106 5485 ’
212 5467 392 5525 demandati
405 5470 523 5535 swnnae
538 5469 635 5523 neoris
648 5469 877 5526 onmianooorat.
904 5468 1039 5539 Origenes
1066 5470 1120 5525 nisi
1150 5469 1245 5526 divine
1272 5470 1415 5540 conceptio
1452 5468 1644 5525 intervenisset
1678 5469 1831 5545 eademque
1860 5473 1897 5533 ah
