4020 6022
809 310 1080 371 nncousuuro.
1377 400 1383 411 .
1728 326 1785 387 103

88 466 170 523 videl.
180 482 214 520 ee
223 468 327 535 fratre,
338 482 421 537 quam
435 465 599 521 sententiam
606 464 790 521 Beliarminus
800 465 923 522 demetr.
936 462 939 469 '
953 464 1040 522 Gen:
1060 464 1129 519 Cam
1148 469 1237 536 paula
1256 470 1358 523 clarius
1375 472 1420 537 sit,
1437 471 1542 525 Soram
1559 472 1652 536 fnisse
1671 472 1786 528 binomi-

87 569 110 608 c
129 556 172 609 28.
192 552 314 623 quinque
328 553 429 623 probat
441 551 618 623 argumentis.
647 551 741 606 Primo
756 542 939 607 anctoritate*
953 568 1014 605 nem
1033 554 1160 621 fingere,
1182 554 1344 621 prosimnm
1369 563 1422 619 est,
1449 564 1480 607 et
1502 564 1670 627 steteramus,
1695 557 1787 622 fnisse

89 639 316 693 doctissimorum
342 639 526 709 scriptoram,
552 653 622 708 quos
640 637 837 693 recensuimus.
874 636 922 692 Se·
936 636 1111 743 iprieipnam
1129 638 1249 707 Harum,
1273 641 1323 707 qui
1347 640 1486 709 siquidem
1509 651 1634 697 mortuus
1657 652 1696 697 est
1721 651 1786 698 ants

90 722 182 779 eundo
200 739 233 778 ex
251 738 276 778 a.
297 729 337 778 11.
352 723 424 780 Gen.
441 742 468 779 v.
485 729 533 779 27:
558 724 757 791 lberepenuit
770 724 923 794 Abraham,
936 732 1060 819 ¹patrem
1091 725 1185 777 There
1213 726 1291 781 Sara
1318 727 1349 781 ia
1377 729 1489 782 &mum
1519 729 1612 782 'l'liare
1643 731 1785 785 translata

71 810 205 865 ‚Naclor
231 817 257 863 et
274 810 372 878 Arae,
398 828 423 863 r.
443 814 485 865 29.
505 811 645 863 duxeruut
662 816 755 863 aulem
772 810 880 863 Abram
898 817 1034 878 stlatqne
1054 808 1094 861 ili
1109 812 1230 863 erlaoata
1247 820 1332 882 atque
1350 813 1416 866 inde
1433 821 1534 869 vocam
1554 815 1647 869 Thaso
1661 816 1737 885 filia,
1755 825 1786 869 stt

88 896 204 951 Nectar
235 912 353 965 arerem·
385 911 485 950 nomen
514 896 610 949 acoris
640 896 748 949 Abram
778 896 868 950 Sorai
898 882 1038 963 etjneqne
1058 896 1208 964 naturalis,
1226 914 1312 965 neusse
1325 898 1449 965 legitima
1466 900 1597 953 Har-anis
1607 901 1671 965 lilia
1681 903 1784 970 suerit,

86 998 186 1036 nomen
209 983 306 1037 neoris
334 982 451 1036 Naclror
475 982 592 1035 Melclra
614 982 678 1045 tilia
708 986 804 1051 Arae,
827 984 923 1051 patras
950 982 1003 1033 sed
1019 997 1081 1033 onus
1094 987 1184 1034 mat-re
1201 981 1288 1035 uidua
1306 985 1428 1042 adscita.
1466 984 1554 1049 Quam
1577 986 1743 1041 seutentiam
1761 988 1784 1041 si

86 1068 219 1123 Meletos
242 1074 268 1121 et
287 1070 383 1137 patris
404 1068 543 1137 desclae5
568 1068 619 1121 abi
636 1084 691 1138 per
714 1068 847 1122 Jescuam
866 1086 922 1123 eon
951 1081 1117 1136 sequamur,
1142 1066 1267 1136 praecisa
1282 1069 1342 1138 jam
1360 1074 1403 1123 est
1421 1070 1588 1139 disputatio,
1607 1088 1643 1126 an
1663 1072 1785 1142 potuerit

81 1161 176 1223 potest
201 1153 326 1220 intelligi
342 1154 402 1207 uisi
428 1153 532 1221 Sorai,
560 1168 632 1222 orsae
650 1160 718 1207 teste
742 1154 868 1223 loscplo
896 1162 920 1206 el
951 1151 1093 1206 Abraham
1111 1151 1204 1206 fratris
1214 1152 1299 1208 filiam
1312 1154 1421 1224 ducere,
1440 1173 1504 1211 nam
1513 1155 1608 1211 fratris
1626 1156 1784 1228 privignam

86 1240 258 1305 Hieronymo
275 1246 339 1292 erat
358 1239 512 1293 binominis.
548 1241 646 1309 Neque
666 1240 738 1292 enim
756 1239 817 1292 allo
837 1241 921 1293 morlo
951 1237 1052 1292 ducere
1074 1236 1136 1309 lege
1155 1255 1210 1291 non
1229 1246 1272 1294 est
1288 1239 1475 1311 prohibitum,
1496 1260 1551 1311 quo
1569 1242 1664 1297 referri
1683 1248 1783 1314 potest,

86 1324 222 1378 credibile
241 1332 293 1387 est,
318 1324 497 1393 scripturam
517 1326 644 1393 prodere
669 1325 792 1378 coluisse
807 1333 921 1396 patrem
950 1321 1025 1392 quod
1043 1321 1255 1391 chrysostomus
1272 1326 1301 1379 in
1318 1342 1416 1381 comm.
1436 1326 1560 1383 hocloco
1572 1334 1673 1395 monet,
1690 1344 1784 1381 omnes

85 1410 220 1465 Maenas
239 1418 265 1463 et
284 1427 339 1462 non
353 1418 463 1478 patrem
484 1410 574 1463 Sorai
593 1427 733 1481 personas
760 1411 842 1477 louye
860 1412 921 1477 slip-
948 1409 978 1461 in
998 1408 1110 1462 'liturae
1127 1410 1245 1472 familia
1266 1413 1356 1483 ipsam
1378 1414 1473 1467 Thura
1490 1430 1591 1468 uocare
1605 1420 1730 1483 patrem,
1748 1430 1783 1467 ac

84 1496 183 1559 orieris,
201 1503 227 1548 ct
247 1496 349 1549 deinde
365 1513 498 1564 qrrorsum
518 1497 619 1550 mentio
632 1497 715 1564 ,lieret
733 1496 869 1566 desolas,
894 1498 922 1549 si
947 1493 975 1546 si
991 1510 1084 1546 omnes
1096 1495 1170 1549 inter
1181 1512 1211 1548 se
1229 1497 1337 1557 fratres
1354 1505 1379 1550 ct
1390 1514 1503 1551 sorores
1519 1499 1648 1563 ficissent,
1665 1498 1783 1552 maxims

87 1581 203 1633 &seraa
220 1588 291 1634 esser
314 1598 333 1634 a
353 1580 449 1635 sarai,
492 1580 587 1635 Tertio
613 1581 642 1633 in
662 1582 722 1635 eod,
749 1597 810 1651 cap,
831 1600 858 1635 v,
877 1588 918 1637 31,
947 1595 1008 1631 eum
1030 1588 1139 1633 mrortno
1161 1582 1264 1634 Harae
1285 1581 1378 1636 Sarae
1397 1584 1621 1653 aoLotlripatra
1638 1585 1784 1639 habuerint

86 1665 201 1720 dicitur:
227 1666 307 1719 Tulit
331 1667 426 1734 doque
448 1667 542 1719 Thura
560 1668 669 1719 Abram
686 1668 781 1735 filium
799 1686 877 1721 sarim
895 1677 921 1722 et
950 1664 1060 1719 Tlraren
1091 1684 1147 1719 non
1175 1668 1224 1720 aei
1253 1668 1357 1735 solam,
1393 1671 1445 1723 sed
1475 1671 1560 1723 etiam
1592 1671 1684 1740 patris
1713 1669 1782 1724 loeo.

85 1754 158 1807 tort
176 1753 267 1817 filium
284 1752 367 1805 Aram
391 1752 449 1815 filii
465 1753 526 1820 sai,
549 1760 576 1805 et
596 1752 686 1807 Sorai
706 1771 807 1807 nerum
831 1772 919 1821 snam,
948 1757 973 1808 6.
992 1750 1112 1815 Quidam
1129 1754 1305 1822 respondent,
1324 1754 1514 1811 Abrahamum
1535 1756 1645 1810 duxisse
1662 1771 1781 1811 sororem

85 1854 199 1893 semem
219 1838 324 1892 Abram
346 1838 402 1901 filii
420 1838 473 1892 srri.
512 1838 607 1898 Quare
626 1856 680 1892 non
699 1840 772 1892 dimit
789 1840 922 1894 etseras·
949 1854 1028 1891 suam
1045 1840 1075 1893 in
1096 1856 1217 1901 uxorem,
1237 1856 1299 1894 cum
1318 1842 1346 1895 in
1365 1842 1523 1912 gentilismo
1541 1843 1634 1897 adhue
1650 1842 1783 1898 mestitu-

80 1924 175 1993 filiam
192 1942 287 1992 suam,
311 1925 364 1977 secl
382 1924 473 1977 solam
496 1941 597 1976 riarum
620 1927 723 1977 snam!
756 1924 836 1979 Certe
855 1926 918 1990 tilia
945 1930 991 1978 tus
1010 1925 1064 1979 diis
1089 1926 1186 1979 alionis
1212 1928 1327 1983 serviret
1344 1929 1402 1985 Jos.
1423 1934 1470 1995 24,
1488 1946 1514 1984 v.
1534 1934 1557 1985 2.
1577 1945 1660 1999 quam
1680 1934 1777 1999 postea

84 2010 260 2079 complectier
283 2017 323 2062 est
338 2009 424 2077 patri
447 2026 532 2077 mans
557 2028 651 2065 names.
696 2011 754 2065 Sed
777 2011 844 2080 arsia
862 2031 918 2066 non
944 2011 981 2065 ad
999 2027 1094 2066 verum
1118 2011 1210 2066 Deum
1234 2028 1382 2068 conversus
1407 2031 1463 2069 non
1486 2014 1608 2084 potuerit
1628 2014 1774 2069 dimittere.
1799 2010 1897 2055 lii-³⁰²

84 2102 145 2147 erat
157 2095 279 2166 proprie
297 2095 374 2161 filia,
392 2095 491 2162 recinit,
510 2112 572 2149 eam
590 2097 705 2150 miscere
723 2115 784 2151 cem
803 2098 848 2162 iis,
867 2100 918 2167 qni
944 2095 999 2151 Sed
1020 2113 1084 2150 eum
1108 2096 1161 2151 hec
1182 2096 1319 2152 incertum
1337 2098 1388 2168 sit,
1411 2116 1530 2170 cumque
1549 2099 1603 2169 ipsi
1621 2099 1740 2170 gentiles
1758 2115 1776 2153 a

79 2182 199 2249 proprie
218 2190 297 2234 mant
316 2182 378 2243 tilii.
415 2180 529 2247 Quarto,
548 2182 575 2235 si
591 2182 738 2236 Abraham
758 2175 783 2236 et
800 2184 916 2239 Nestor
943 2181 1116 2238 matrimonio
1136 2183 1208 2237 inter
1224 2182 1324 2239 fratres
1343 2190 1371 2239 et
1390 2200 1497 2240 sorores
1517 2184 1725 2251 abhorruerint,
1745 2190 1777 2239 ut

83 2268 254 2337 accepissent
267 2284 419 2335 permanes
436 2283 561 2330 sorores,
586 2268 618 2319 id
635 2270 777 2333 fecissent,
798 2271 866 2338 qnia
885 2286 916 2323 eo
945 2268 1071 2338 superius
1091 2268 1308 2323 demonstratum
1328 2269 1395 2333 init,
1424 2271 1544 2340 denique
1568 2288 1631 2325 cum
1651 2269 1778 2326 Abraha-

84 2360 206 2421 tempore
227 2368 284 2420 per
309 2368 400 2405 mores
426 2352 542 2405 illoram
564 2354 686 2420 peullam
711 2355 843 2409 licuisset.
879 2354 918 2407 At
945 2367 1006 2406 mus
1024 2352 1077 2406 hac
1105 2354 1212 2408 ratione
1232 2360 1374 2423 peccasset
1404 2371 1459 2410 non
1477 2356 1566 2411 solum
1585 2355 1773 2412 contrahendo

84 2439 111 2492 si
125 2446 191 2493 tarro
217 2447 243 2492 et
260 2454 316 2506 per
338 2439 427 2507 legem
445 2446 573 2501 naturae,
597 2448 624 2493 et
639 2456 695 2511 per
719 2458 809 2494 mores
828 2440 918 2508 peritis
945 2438 1108 2493 sedetiam
1138 2440 1166 2493 in
1193 2439 1244 2494 tali
1261 2442 1392 2512 conjugio
1416 2442 1620 2511 permanendo,
1648 2442 1711 2497 ideo
1737 2442 1783 2497 vel

84 2524 208 2579 lr'eaisset
240 2524 297 2577 tale
331 2525 494 2594 sosjsqium
530 2524 619 2593 inire,
658 2526 730 2580 nihil
761 2527 918 2596 prosilisset
947 2525 1068 2580 Haranis
1086 2525 1131 2580 rel
1149 2524 1242 2580 Thare
1260 2526 1415 2598 privignam
1435 2528 1531 2583 Suram
1546 2527 1632 2583 fuisse
1649 2528 1780 2583 verisimi-

84 2612 217 2665 Abrahae
246 2611 353 2671 dicere,
382 2627 465 2664 soror
492 2599 554 2663 rn'ea
568 2610 625 2681 est,
648 2612 682 2665 ist
698 2613 771 2666 enim
789 2614 861 2666 dreit
878 2615 920 2667 uel
947 2610 1009 2666 lius.
1046 2610 1231 2665 Bellarminus
1251 2612 1361 2683 regerit,
1381 2616 1479 2667 vocari
1497 2631 1621 2669 sororem
1638 2615 1780 2679 Abrabae,

84 2698 230 2783 tepentium
255 2698 417 2765 conjugium
444 2696 514 2754 Gerr.
534 2700 577 2752 12.
597 2705 623 2751 et
640 2703 687 2753 20.
731 2700 847 2767 Oportet
866 2700 918 2768 ἐφ’·
945 2716 1012 2767 erpo
1025 2715 1081 2751 eon
1092 2698 1184 2760 fuisse
1198 2700 1310 2753 Therae
1322 2701 1503 2770 privignam
1522 2699 1736 2770 respondemus:
1749 2705 1781 2757 ut

84 2790 130 2837 ter
147 2784 253 2849 silleri,
280 2783 404 2837 leminea
431 2783 547 2836 illenim
570 2784 696 2839 locorum
715 2785 758 2838 ita
777 2785 920 2841 torruisse
948 2782 1072 2838 affinitas
1091 2789 1134 2838 est
1146 2783 1322 2838 simulacrum
1340 2786 1595 2857 consanguinitatis,
1615 2787 1656 2841 ita
1670 2802 1781 2857 quoque

84 2870 246 2939 eonjnpinm
271 2886 333 2921 oram
349 2868 473 2937 propria
490 2886 603 2937 sorore,
629 2878 660 2923 ut
684 2872 784 2925 credito
809 2872 920 2926 nomiae
947 2868 1125 2925 simulacrum
1147 2868 1287 2923 fraternae
1309 2876 1337 2925 et
1361 2872 1481 2927 sororiae
1507 2871 1722 2941 propinquitatis
1740 2877 1784 2927 est

84 2957 193 3009 sororis
216 2956 311 3008 statim
333 2957 493 3025 crsrterenl,
519 2973 580 3010 eane
604 2974 660 3012 aon
685 2956 777 3021 fnisse
796 2973 918 3011 arerem.
946 2955 1019 3009 iuter
1036 2955 1154 3009 duorum
1174 2956 1325 3025 conjugum
1344 2955 1445 3009 liberos
1458 2972 1491 3011 ex
1510 2956 1626 3010 dirersis
1642 2958 1782 3012 matrimo-

84 3044 214 3111 Dsm'uee
232 3042 296 3110 qais
319 3042 432 3105 orsam,
459 3043 652 3096 Abratanmm
669 3043 730 3111 siue
743 3043 806 3097 nlla
826 3058 919 3095 neces·
947 3039 1002 3094 niis
1020 3046 1173 3111 susceptos.
1219 3040 1249 3096 si
1272 3040 1334 3111 quis
1360 3048 1459 3111 urgeat
1477 3058 1572 3096 vocem
1591 3042 1691 3117 Πξηῑξ
1719 3060 1783 3098 cers

84 3130 169 3183 sitate
197 3127 308 3181 drmime
322 3128 474 3196 propriam
493 3145 632 3195 sororem,
656 3146 719 3181 cum
731 3136 852 3199 propter
869 3130 921 3183 lroo
946 3143 1028 3179 soror
1048 3143 1119 3193 mea,
1138 3143 1204 3193 erpo
1217 3127 1326 3180 ratione
1339 3128 1601 3197 consanguinitatis,
1618 3146 1675 3181 non
1689 3136 1782 3183 autem

83 3217 188 3270 mimen
210 3218 288 3267 Deus
306 3214 427 3282 jusserit
450 3216 515 3267 Leo.
535 3217 582 3267 20.
607 3222 754 3283 astrumque
777 3216 921 3283 conjupcm
946 3212 1100 3281 affinitatis
1111 3213 1176 3277 snit
1194 3229 1291 3279 soror;
1317 3213 1530 3282 respondemus,
1554 3213 1670 3268 eandem
1689 3216 1782 3286 urgeri

80 3302 167 3355 simul
187 3300 304 3353 stacam!
347 3304 371 3354 3.
391 3299 446 3354 Sed
473 3317 536 3354 cum
558 3300 587 3355 in
606 3299 731 3355 Levitico
756 3317 812 3354 non
831 3302 918 3355 solum
947 3314 1029 3368 posse
1064 3304 1161 3352 contra
1197 3297 1359 3353 Bellarmini
1392 3298 1563 3368 opinionem,
1598 3299 1646 3370 qui
1676 3301 1782 3371 statuit,

81 3385 246 3458 conjugium
266 3384 360 3440 fratris
385 3392 414 3438 et
433 3385 551 3454 sororis,
571 3385 620 3440 scd
637 3385 721 3439 etiam
741 3401 804 3439 cum
825 3386 920 3441 fratris
951 3382 1025 3455 quod
1046 3382 1130 3437 fuerit
1149 3400 1181 3437 ex
1202 3384 1287 3437 fratre
1305 3383 1405 3453 neptis.
1446 3383 1551 3448 Quodsi
1576 3386 1686 3441 omnino
1707 3386 1783 3458 cupi·

78 3470 140 3526 tilis
170 3470 348 3541 prohibeatur
379 3488 406 3526 v.
435 3475 475 3528 19.
506 3469 569 3525 idco
600 3470 749 3526 verisimile
782 3488 836 3526 non
870 3478 919 3537 cst,
948 3487 1010 3523 mus
1027 3470 1124 3524 literae
1143 3468 1277 3530 insistere,
1294 3469 1491 3524 recurrendum
1508 3470 1592 3527 fuerit
1606 3473 1642 3527 ad
1662 3472 1784 3528 divinam

76 3556 272 3612 Abrahamum
300 3555 421 3611 voluisse
448 3562 545 3610 contra
569 3571 727 3627 expressam
755 3557 830 3612 illam
858 3576 919 3628 pro·
948 3555 1182 3625 dispensationem
1200 3570 1232 3609 ex
1251 3559 1316 3624 post
1332 3553 1408 3609 facto
1428 3563 1565 3625 secutam,
1592 3556 1665 3612 sicut
1683 3558 1718 3613 de
1736 3558 1784 3614 Ja-

77 3641 244 3699 hibitionem
261 3659 341 3697 suam
360 3660 394 3697 ex
410 3642 497 3698 fratre
512 3642 617 3714 neptim
636 3644 665 3697 in
681 3660 794 3699 uxorem
809 3645 918 3700 ducere.
947 3641 1010 3696 cohi
1042 3640 1217 3711 patriarchae
1244 3657 1308 3694 cum
1334 3640 1443 3695 duabus
1476 3643 1615 3697 sororibus
1648 3644 1782 3716 conjugio

77 3728 160 3795 Quae
190 3727 376 3782 Bellarminus
414 3743 466 3799 pro
500 3727 671 3783 adstruenda
705 3727 753 3783 illa
782 3730 920 3784 sententia
948 3728 1053 3783 dictum
1071 3726 1131 3784 init.
1161 3728 1207 3784 Sic
1219 3727 1337 3781 Davidis
1355 3744 1419 3781 curn
1433 3728 1607 3784 Bethsabaca
1622 3729 1784 3800 eonjugium

77 3816 172 3884 affert,
193 3813 308 3869 firmiter
327 3812 440 3885 quidem
458 3813 579 3883 probent
599 3813 847 3879 incurrereturmis,
870 3816 918 3871 Sa·
947 3830 1003 3867 non
1027 3812 1082 3868 luit
1109 3812 1233 3883 legitime
1262 3816 1446 3880 contractum,
1476 3813 1585 3868 interim
1613 3820 1706 3870 tamen
1722 3821 1786 3886 post

76 3918 141 3957 ram
162 3918 218 3954 non
239 3898 325 3954 fuisse
341 3898 474 3954 Abrahae
492 3915 622 3967 sororem,
641 3900 690 3954 sed
707 3917 917 3955 saroaxrvaan-
947 3906 1039 3955 actam
1056 3916 1074 3953 a
1089 3898 1201 3953 Davide
1231 3914 1325 3952 reram
1347 3898 1547 3967 poenitentiam
1573 3899 1705 3955 divinitus
1731 3900 1786 3956 fuit

76 3990 135 4049 sair
153 4003 209 4042 nen
229 3986 355 4057 probant,
373 3986 468 4041 Sarum
487 3986 573 4042 luisse
590 3986 789 4056 fratrisfiliam,
812 3988 917 4051 ἐνδοξό·
947 3985 1147 4057 approbatum,
1178 3989 1205 4037 et
1231 3998 1263 4037 ex
1290 4000 1323 4038 eo
1349 3990 1432 4038 natus
1453 3983 1598 4048 Salomon,
1626 4003 1677 4055 pcr
1702 4003 1784 4057 quem

76 4092 163 4143 τερον
181 4079 237 4141 est,
263 4090 281 4127 a
297 4073 396 4143 Moyse
415 4074 551 4128 recenseri
569 4076 641 4127 dnos
658 4075 811 4141 llaranos,
834 4090 920 4129 unum
948 4070 1051 4127 Christi
1067 4068 1242 4140 genalogiam
1261 4068 1402 4124 Mattius.
1424 4075 1454 4137 l,
1473 4087 1498 4125 r.
1518 4077 1542 4124 t.
1563 4069 1689 4138 deducit,
1709 4070 1783 4144 quod

78 4166 190 4233 patrem
207 4157 308 4227 Lothi,
327 4158 445 4212 alterum
468 4165 575 4227 patrem
599 4158 725 4213 Melchae
745 4163 773 4213 et
792 4158 919 4225 leschas,
950 4156 1145 4226 opponendum
1161 4154 1344 4222 Bellarmino,
1373 4154 1421 4225 qui
1441 4154 1476 4208 de
1496 4156 1626 4227 conjugio
1652 4155 1784 4211 Abrahae

81 4252 111 4301 et
125 4245 160 4300 de
178 4244 330 4314 posteriore
356 4243 523 4298 discriminis
540 4260 627 4299 causa
645 4244 715 4307 diei,
743 4246 816 4315 quod
837 4244 920 4300 fuerit
949 4251 978 4297 et
996 4242 1081 4297 Sarae
1100 4241 1245 4310 disputans
1265 4238 1376 4295 tandem
1394 4239 1435 4294 sic
1452 4241 1605 4295 concludit:
1638 4240 1707 4304 Quis
1724 4257 1782 4295 crs-

83 4340 165 4402 pater
182 4329 308 4385 Melchae
328 4336 355 4384 et
373 4329 501 4393 ieschae,
522 4347 555 4384 ox
574 4347 630 4401 quo
648 4331 731 4385 etiam
750 4330 818 4385 illud
836 4331 921 4401 expli·
948 4331 1007 4397 ctat,
1033 4327 1180 4395 ellepitimo
1204 4333 1230 4379 et
1255 4326 1358 4379 incesto
1382 4326 1515 4395 eonjupio
1544 4327 1666 4381 oolrsmrs
1689 4327 1783 4380 Derim

81 4418 141 4473 cari
166 4422 273 4487 potest,
307 4415 382 4486 quod
408 4416 524 4470 Nachor
552 4418 658 4479 fratris
684 4417 802 4471 Hareni
823 4420 918 4487 filiam
948 4416 1069 4469 matare
1096 4413 1226 4465 lseredem
1246 4411 1394 4479 Abrahae,
1420 4430 1453 4464 en
1478 4430 1531 4481 quo
1550 4412 1674 4466 Messias
1690 4412 1782 4465 nasei·

83 4502 258 4559 matrimonio
283 4500 336 4556 sibi
362 4502 507 4571 copulasse
530 4502 648 4557 videtur.
687 4509 711 4557 t.
730 4502 787 4556 Alii
807 4520 918 4573 respon·
946 4510 1025 4553 terras
1046 4506 1107 4552 erat
1125 4496 1197 4552 etc‘l
1221 4502 1251 4550 at
1268 4514 1334 4550 num
1356 4495 1459 4552 excidit
1476 4498 1530 4570 ipsi
1549 4497 1644 4554 Judae
1660 4497 1782 4553 incestus

83 4588 164 4654 dent,
196 4587 270 4657 quod
299 4587 465 4642 vocabulum
494 4589 603 4641 sororis
633 4587 715 4643 aliter
745 4588 918 4657 intellexerit,
946 4602 1009 4641 cum
1028 4600 1100 4639 nuru
1120 4598 1172 4636 sua
1195 4580 1336 4637 Thamar?
1372 4583 1442 4638 Gen.
1464 4590 1505 4650 38,
1523 4602 1548 4637 v.
1572 4591 1612 4640 te.
1638 4582 1737 4641 Matth.
1759 4590 1782 4656 l,

82 4672 246 4731 Abimeleeh
271 4673 377 4728 scilicet
404 4672 439 4728 de
458 4672 580 4726 naturali
598 4689 691 4728 sorore
709 4678 736 4727 et
754 4672 819 4728 inde
836 4690 917 4744 argu·
945 4689 971 4726 r.
984 4676 1008 4727 ³.
1041 4668 1228 4739 Hieronymus
1241 4668 1269 4721 in
1286 4684 1384 4725 comm.
1397 4686 1422 4723 c.
1438 4667 1588 4724 1.Matth.:
1609 4670 1780 4734 Notandum,

83 4766 223 4816 mentetua
248 4758 346 4825 fuerit,
374 4776 450 4813 soror
467 4764 521 4824 est,
545 4776 611 4829 ergo
630 4776 699 4813 uxor
719 4776 775 4813 non
795 4764 844 4813 est
886 4760 918 4813 In
946 4758 976 4811 in
1010 4754 1176 4823 penealopia
1213 4753 1371 4807 Saloutaria
1413 4772 1462 4808 eas
1503 4754 1609 4807 assisini
1641 4754 1782 4822 muilier-es,

84 4848 139 4903 alio
155 4863 222 4903 rere
241 4861 325 4900 sensu
341 4845 486 4899 Abraham
505 4844 612 4899 vocarit
630 4843 726 4899 Suram
744 4860 873 4909 sororem,
891 4853 920 4900 et
946 4860 1017 4912 qaus
1049 4841 1200 4909 Scriptura
1230 4841 1424 4909 reprehendit,
1448 4850 1479 4895 nt
1496 4842 1546 4909 qni
1569 4848 1688 4910 propter
1716 4860 1781 4914 pec·

83 4950 146 4989 cum
167 4932 249 4987 dicit:
268 4933 321 4985 Est
339 4932 402 4995 lilia
419 4932 522 5001 patris,
541 4948 598 4985 non
615 4932 716 4984 matris
735 4948 819 4999 meae,
838 4930 918 4986 intel·
946 4937 1054 4983 catores
1082 4932 1209 4995 irriserat,
1239 4927 1487 4996 deprecatoribus
1516 4942 1635 4980 nascens
1661 4929 1782 4983 omnium

84 5020 161 5090 tigit,
183 5018 258 5090 quod
276 5016 346 5072 Sara
365 5034 421 5073 non
440 5016 633 5089 generatione,
650 5016 699 5070 sed
717 5016 773 5071 alio
792 5026 920 5088 respectu
943 5022 1062 5087 peccata
1077 5012 1191 5066 deleret.

85 5104 170 5160 tuerit
186 5102 244 5158 filia
261 5102 380 5157 Therae
412 5102 538 5173 Cumque
559 5101 632 5155 filiae
654 5108 682 5155 et
699 5119 806 5157 sorores
825 5103 918 5157 dican·
982 5106 1042 5156 315.
1080 5102 1105 5153 6.
1125 5098 1253 5152 Otionicl
1268 5098 1373 5159 fratris
1392 5097 1482 5161 tiliam
1507 5098 1537 5150 in
1559 5113 1676 5152 acorem
1696 5098 1781 5153 deest.
1794 5100 1814 5141 θ·
1830 5100 1901 5141 orus·

86 5198 131 5245 tur
147 5190 193 5243 vel
210 5189 387 5255 generatione
405 5194 433 5243 et
445 5187 693 5258 consanguinitate,
712 5188 757 5241 vel
769 5190 920 5258 affinitate,
932 5187 1005 5275 tulos.
1028 5191 1067 5254 15,
1086 5202 1113 5241 v.
1129 5191 1175 5239 to:
1197 5184 1278 5237 llicit
1293 5183 1388 5247 Calel,
1409 5185 1459 5253 qni
1465 5185 1638 5251 percusserit
1651 5182 1781 5237 Cariati·
1795 5150 1862 5243 pppis
1857 5162 1921 5244 affin

86 5282 118 5331 ut
147 5274 306 5346 privignae,
338 5275 381 5329 vel
413 5273 496 5328 etiam
518 5274 685 5345 amplians,
713 5274 776 5329 ideo
807 5292 842 5329 ne
868 5273 1047 5342 hoc'sepher
1068 5278 1095 5324 et
1114 5270 1219 5340 ceperit
1236 5286 1309 5330 caris,
1335 5269 1410 5322 dabo
1429 5269 1455 5322 ei
1473 5269 1566 5322 risam
1581 5269 1673 5339 filiam
1694 5256 1844 5323 moenum*

86 5361 212 5432 exemplo
239 5360 409 5415 convellatur
437 5360 536 5431 regula
564 5358 695 5413 divinitus
721 5357 757 5413 do
781 5360 922 5430 cognatio·
947 5375 1073 5422 morem,
1097 5374 1123 5412 v.
1141 5363 1183 5411 1'l.
1202 5356 1329 5425 cepitque
1347 5371 1408 5408 eam
1430 5355 1559 5409 Otlroniel
1585 5355 1662 5419 filim
1688 5356 1782 5421 Canes,

86 5447 130 5503 nis
147 5446 282 5519 gradibus
300 5447 420 5515 tradita,
448 5446 560 5514 dicunt,
588 5443 780 5499 Abrahamum
809 5445 922 5501 duxisse
947 5446 1043 5509 frater
1062 5442 1147 5496 (ialal
1164 5442 1271 5510 junior,
1291 5440 1422 5510 deditque
1441 5441 1468 5493 ei
1486 5444 1576 5493 Aram
1595 5439 1685 5503 tiliam
1703 5456 1783 5493 snam

86 5550 210 5591 sororem
236 5532 323 5604 patris
350 5530 517 5603 privignam.
565 5538 589 5589 5.
610 5528 751 5585 Lutherns
776 5529 806 5585 in
835 5547 860 5585 c.
878 5537 921 5588 20.
946 5545 1068 5593 ermom,
1088 5528 1163 5599 quod
1180 5527 1315 5599 repetitur
1332 5526 1448 5583 tendam
1468 5524 1782 5589 verbislud.t,v.12.
