4020 6022
816 322 870 379 DE
886 321 1086 383 cONJUGIO.
1733 336 1793 394 427

100 491 163 528 mem
182 477 240 530 ait:
263 478 429 548 Praecipio,
455 494 569 532 acorem
592 495 611 531 a
628 477 689 531 ciro
706 494 761 531 non
783 478 935 545 (lacedem
966 495 1024 532 esse
1043 480 1203 547 diuortium,
1220 482 1252 535 in
1267 499 1322 551 quo
1339 483 1481 538 vinarium
1496 482 1670 538 matrimonii
1687 483 1796 537 ealcum

100 570 128 613 et
152 579 213 615 arm
237 563 293 630 cit,
315 566 419 633 qrsodsi
441 565 617 632 discesserit,
643 581 756 618 manere
781 566 933 635 innuptam.
962 575 1081 623 masat.
1117 568 1207 636 Atqui
1216 569 1369 637 Pontificio
1388 569 1443 623 illa
1459 568 1639 640 separatione
1655 568 1795 623 maculam

99 648 176 701 Nam
193 650 337 718 inpriore
355 651 417 704 loco
434 652 493 720 aqit
512 654 548 705 de
565 652 673 720 injusta
693 652 875 719 discessione,
904 652 934 704 in
961 652 1088 719 conjnutr·
1103 652 1201 706 multis
1218 654 1345 707 etuariis
1362 655 1453 708 modis
1469 654 1593 712 soluitur.
1632 654 1709 717 Quid
1722 655 1794 706 enim

94 736 256 803 posteriore
274 737 418 805 dejesta,
448 738 475 790 si
497 737 569 791 enim
592 745 685 805 aperet
704 739 739 790 de
755 738 935 806 separatione
959 738 997 790 sit
1030 738 1171 793 uinculum
1201 740 1388 801 matrimonii,
1420 741 1520 795 docent
1546 740 1600 795 hae
1625 740 1794 795 sentement:

98 819 203 874 illicita
223 822 257 874 ob
276 823 350 877 leues
368 840 479 890 causas,
497 841 558 877 crem
576 825 626 887 ait,
643 824 748 893 quodsi
765 824 933 888 discesserit,
961 831 987 877 et
1006 824 1170 879 adhaerebit
1188 827 1271 880 uuori
1290 842 1374 896 sesam
1395 827 1543 896 faciamus
1560 827 1588 881 ei
1608 827 1793 895 adiutorium,

98 924 155 959 nan
168 908 251 960 daret
262 909 427 975 conjrrqibas
439 909 586 978 optionem,
604 917 634 963 ut
648 917 714 978 post
726 911 933 979 separationem
961 914 1038 980 quod
1055 913 1092 966 sit
1111 930 1206 967 coram
1223 913 1304 982 ipso,·
1331 913 1432 968 mulier
1454 913 1609 967 nonhabet
1629 919 1792 982 potestatem

98 1001 149 1045 out
167 994 302 1065 innuptae
325 1003 483 1065 manerent,
508 1004 558 1049 aut
581 997 651 1051 airis
674 997 933 1052 reconciliarentur.
960 999 1090 1067 corporis
1108 999 1167 1067 sui,
1193 1000 1246 1053 sed
1269 1001 1330 1066 vir,·
1358 999 1459 1053 iterum
1483 999 1637 1066 eonvenite,
1659 1017 1694 1053 ne
1712 1006 1794 1053 tentet

98 1077 324 1148 Respondemus:
345 1082 519 1138 Contrarium
533 1068 675 1138 evidente}
687 1082 934 1137 demonstravimus
959 1102 1007 1138 oos
1029 1084 1121 1137 Satan
1126 1106 1138 1152 ,·
1154 1103 1211 1139 non
1228 1091 1292 1138 sunt
1312 1086 1383 1153 duo,
1402 1087 1455 1140 sed
1471 1103 1528 1138 una
1546 1103 1633 1154 caro,·
1657 1093 1683 1139 et
1700 1085 1793 1154 ipsum

101 1167 228 1235 superius
246 1172 276 1222 et
292 1167 454 1223 Bellermini
479 1169 617 1240 argutiam
644 1170 673 1223 in
695 1169 838 1240 pulverem
857 1169 933 1224 rede·
961 1171 1170 1225 matrimonium
1188 1172 1321 1239 definitur
1334 1171 1570 1225 individuauitae
1585 1172 1791 1227 cmuadudine.

41 1253 85 1296 Μ
101 1252 200 1322 gimus.
263 1256 290 1311 2.
329 1253 457 1308 Cernens
493 1257 683 1311 dimissionem
719 1256 846 1324 conjupii
878 1255 935 1309 nisi
960 1258 1000 1309 At
1028 1257 1096 1310 haec
1126 1257 1220 1312 omnia
1253 1257 1368 1310 vincula
1403 1258 1488 1312 soluit
1515 1258 1667 1312 diuortium
1696 1260 1792 1328 qtsoad

96 1347 214 1408 propter
236 1356 350 1393 causam
376 1342 578 1405 fornicationis
598 1342 767 1412 pronuntiat
793 1358 852 1396 esse
874 1342 933 1395 slli-
960 1350 1052 1395 torum
1077 1350 1102 1397 et
1129 1343 1369 1399 cohabitationem.
1412 1344 1493 1411 Erpo
1511 1343 1636 1397 homines
1652 1352 1792 1413 separant,

98 1427 183 1479 citam
203 1432 229 1479 et
254 1427 440 1495 illegitimam.
487 1428 592 1483 Contra
610 1430 681 1483 banc
699 1428 806 1483 theudi
828 1435 933 1481 senten·
960 1447 1029 1497 qnos
1050 1431 1130 1483 Deus
1149 1430 1302 1499 conjunpit.
1337 1427 1448 1500 Excipit
1466 1429 1663 1499 Bellarmiuus,
1681 1431 1791 1485 cohabi-

99 1513 168 1565 tiam
197 1513 343 1578 Pontificii
376 1515 541 1581 decernunt,
569 1522 685 1585 praeter
714 1515 933 1580 fornicationem
960 1515 1092 1569 tationem
1123 1522 1149 1570 st
1176 1515 1336 1569 societatem
1364 1514 1431 1568 lecti
1455 1524 1483 1569 et
1509 1532 1636 1581 mensae,
1668 1518 1705 1571 de
1735 1534 1792 1586 quo

97 1601 202 1653 multas
222 1601 298 1654 alias
317 1618 375 1655 esse
392 1620 506 1668 causas,
522 1610 641 1672 propter
659 1620 731 1672 quas
748 1602 829 1656 licita
849 1609 874 1655 et
894 1601 930 1655 le·
960 1601 1111 1670 loquantur
1141 1602 1220 1655 dicta
1253 1600 1393 1671 eliopeto,
1429 1620 1485 1655 non
1516 1603 1629 1668 efficere
1658 1603 1703 1656 ael
1732 1620 1792 1657 esse

97 1686 198 1752 pitina
229 1688 379 1756 conjaqum
407 1690 552 1760 separatio
584 1689 649 1754 deri
672 1689 772 1757 possit.
823 1686 933 1757 Excipit
959 1689 1051 1758 ipsium
1079 1689 1232 1751 uinculum,
1268 1690 1320 1742 sed
1349 1705 1383 1743 ee
1415 1689 1467 1743 illo
1503 1689 1645 1758 consequi,
1683 1689 1793 1761 alioqui

98 1770 291 1837 Bellurmiuue,
313 1773 456 1827 Christum
474 1775 578 1828 ullatth.
598 1777 639 1830 19.
657 1774 821 1844 promisisse
840 1781 931 1828 centu·
959 1777 1173 1844 quostiescunque
1189 1776 1234 1828 air
1254 1781 1282 1827 et
1299 1791 1371 1828 acor
1395 1776 1480 1829 etiam
1497 1775 1581 1844 justa
1599 1777 1634 1829 ds
1654 1793 1741 1830 masa
1760 1778 1789 1831 in

94 1860 176 1928 picem
207 1861 237 1912 in
266 1860 318 1914 hoc
349 1861 442 1914 seculo
471 1869 496 1914 et
522 1862 609 1914 sitam
634 1869 777 1914 aeternam
801 1861 852 1923 iis,
883 1858 933 1928 qui
957 1863 1085 1915 diuersos
1108 1861 1236 1930 reqiones
1254 1861 1365 1916 abirent
1393 1870 1476 1930 atque
1501 1863 1575 1916 inter
1592 1878 1621 1916 se
1640 1863 1790 1932 distarent,

95 1962 198 2001 amores
215 1946 374 2001 dimiserint
385 1954 506 2019 prepter
524 1947 712 2015 euangelicam
720 1946 930 2016 perfectionem,
957 1949 1083 2018 conjuqii
1100 1948 1241 2002 vincutum
1263 1948 1427 2011 solueretur,
1454 1950 1531 2018 quod
1554 1956 1594 2002 est
1619 1949 1789 2004 obasrdissi·

97 2039 123 2085 et
149 2034 274 2086 Paulum
301 2037 326 2088 1.
346 2032 410 2086 Cor.
432 2036 453 2085 7.
480 2034 587 2100 docere,
616 2035 693 2103 quod
719 2034 811 2102 possit
830 2032 930 2101 fidelis
956 2052 1037 2089 mum.
1072 2033 1294 2104 Respondemus:
1314 2032 1366 2088 Est
1382 2034 1453 2089 ratio
1470 2034 1587 2090 maxiem
1605 2033 1699 2105 dispar
1717 2035 1790 2091 inter

97 2120 243 2188 conjugem
261 2119 403 2185 infidelem
437 2119 579 2174 dimittere
615 2137 649 2174 ac
678 2120 816 2189 proinde,
845 2119 929 2172 uerbo
956 2121 1158 2192 separationem
1176 2120 1270 2191 quoad
1290 2125 1380 2175 torum
1405 2125 1433 2176 et
1455 2137 1578 2176 mensam
1597 2137 1615 2175 a
1632 2120 1786 2177 Pontificiis

98 2207 216 2261 Domini
238 2223 295 2260 non
321 2222 380 2261 csse
406 2207 605 2261 rmioersaliter
627 2214 654 2260 et
677 2207 737 2260 sine
762 2206 928 2260 limitatione
956 2207 1109 2262 institutam
1130 2212 1158 2261 et
1177 2206 1249 2261 iuter
1268 2205 1421 2261 absentiam
1440 2207 1600 2262 alterutrius
1620 2208 1747 2279 conjugis
1759 2208 1786 2263 in

96 2293 274 2362 accipienda.
321 2291 377 2347 Sed
407 2291 653 2346 demonstravimus
683 2291 767 2362 paulo
801 2297 865 2362 post
900 2290 929 2345 in
954 2294 1067 2365 regione
1085 2293 1244 2364 peregriua,
1264 2291 1313 2347 ills
1336 2292 1409 2347 euim
1433 2308 1489 2347 nou
1508 2308 1653 2362 corporum
1670 2299 1789 2363 tantum,

98 2381 258 2449 quaestione
285 2379 319 2434 de
348 2378 512 2435 infidelitate
537 2385 566 2434 et
592 2385 656 2435 roto
681 2378 835 2449 religionis,
861 2377 930 2432 haec
955 2375 1009 2435 sed'
1030 2380 1115 2434 etiam
1139 2378 1291 2433 ammarum
1318 2377 1519 2447 separationem
1542 2377 1732 2448 complectitur
1760 2385 1788 2435 et

97 2466 174 2521 dicta
197 2466 226 2520 in
251 2465 372 2520 alienum
397 2483 507 2520 sensum
534 2465 738 2521 aBellarmino
763 2464 928 2537 detorqueri.
954 2465 1107 2520 maritalem
1125 2463 1257 2519 affectum
1274 2462 1358 2531 tullit3
1384 2462 1454 2517 haec
1471 2480 1537 2519 vero
1555 2480 1700 2535 corporum
1719 2465 1787 2519 dun-

97 2555 124 2607 3.
147 2552 370 2621 separationem,
388 2568 460 2620 quae
486 2557 510 2606 1.
529 2551 654 2606 Corinth.
677 2554 698 2606 7.
718 2558 799 2605 entra
815 2569 928 2606 causam
955 2557 1033 2607 taxat
1063 2550 1265 2621 separationem
1297 2547 1463 2613 introducit,
1501 2548 1655 2605 animorum
1693 2556 1787 2606 autem

96 2639 296 2701 fornicationis
322 2637 506 2704 describitur,
533 2637 643 2691 Paulus
667 2653 717 2691 nec
742 2639 856 2700 suada,
880 2654 928 2691 nec
955 2638 1177 2710 conjunctionem
1196 2642 1223 2692 et
1240 2634 1392 2691 maritalem
1409 2635 1540 2690 affectum
1559 2635 1699 2709 relinquit.
1733 2636 1848 2695 Illalm
1868 2636 1914 2680 ²¹⁷·

97 2727 235 2793 decernit,
260 2727 312 2778 sed
335 2727 428 2789 docet,
456 2741 518 2778 eam
538 2741 668 2794 perqncre
693 2743 755 2779 cum
776 2732 927 2795 praecepto
955 2723 1078 2781 excludit
1101 2722 1299 2795 obligationem
1328 2721 1365 2776 ad
1396 2721 1490 2778 officia
1517 2723 1693 2795 conjugalia,
1718 2724 1787 2780 hacc

95 2812 228 2880 Domini,
247 2813 295 2880 qui
310 2810 453 2882 praeemit
472 2828 527 2865 non
547 2812 705 2878 discedere,
726 2813 841 2880 qnando
862 2827 927 2866 aero
954 2812 1070 2869 eandem
1086 2810 1217 2874 includit;
1248 2808 1297 2863 illa
1314 2807 1467 2862 instituitur
1483 2809 1512 2864 iu
1525 2815 1698 2879 perpetuum,
1716 2816 1783 2865 haec

96 2900 230 2968 conjuqes
256 2905 355 2952 contra
379 2898 461 2951 illam
485 2897 609 2967 apastoli
632 2898 791 2953 doctrinam
810 2898 927 2968 privata
954 2900 990 2956 ad
1010 2903 1116 2956 certum
1136 2897 1272 2952 duntaxat
1289 2899 1411 2965 tempus;
1429 2893 1478 2950 illa
1494 2894 1617 2950 animum
1629 2897 1785 2953 recedendi

94 2985 272 3040 contumacia
289 3001 319 3037 se
335 2991 486 3053 separant,
506 2991 571 3037 tnnc
588 2985 698 3039 Paulus
714 2987 815 3039 madet
831 3002 928 3039 recan-
953 2987 991 3042 ad
1011 2983 1179 3057 praestanda
1196 2981 1290 3038 officia
1306 2979 1465 3052 conjugalia
1482 2980 1613 3048 excludit,
1632 2981 1701 3039 haec
1721 3000 1787 3040 eun-

94 3072 273 3140 ciliationem,
294 3079 343 3124 out
361 3071 389 3124 si
407 3071 458 3125 hoc
473 3071 576 3137 nolint,
590 3072 772 3140 pronuntiat,
799 3088 846 3126 eos
868 3073 928 3125 sine
956 3074 1018 3129 dem
1048 3069 1183 3139 includit,
1208 3069 1258 3123 illa
1284 3085 1339 3122 nou
1365 3066 1481 3138 requirit
1505 3084 1669 3123 consensum
1698 3069 1786 3140 partis

95 3159 228 3228 conjuqio
247 3159 347 3212 debere
365 3174 486 3212 manae.
526 3157 710 3214 Bellarminus
730 3158 832 3230 repetit
848 3176 926 3213 suam
954 3158 1127 3225 alterutrius,
1150 3174 1168 3213 a
1189 3172 1244 3226 quo
1261 3153 1294 3209 fit
1312 3152 1457 3224 separatio,
1474 3152 1544 3208 haec
1562 3171 1626 3209 vero
1644 3154 1787 3228 utriusque

94 3245 241 3313 cramben,
269 3245 353 3298 uerba
380 3246 505 3314 apostoli
528 3264 583 3299 non
613 3261 671 3299 csse
699 3246 866 3314 accipienda
891 3248 928 3299 de
953 3245 1041 3316 partis
1059 3259 1196 3300 consensu
1208 3240 1364 3311 suscipitur.
1396 3239 1482 3295 Plura
1495 3240 1588 3311 quoad
1602 3240 1696 3298 fictam
1709 3243 1786 3299 illam

95 3333 200 3385 illicita
211 3331 387 3395 dncmdonc,
405 3332 489 3403 idque
501 3330 683 3387 invictissima
694 3331 927 3387 demonstratione
954 3331 1064 3386 divorti
1087 3326 1229 3385 Pontificii
1252 3325 1440 3383 definitionem
1465 3325 1647 3384 fundamenta
1671 3329 1786 3385 adduxi-

96 3435 126 3472 se
145 3416 298 3472 ostendisse
314 3416 457 3488 gloriatur,
485 3417 535 3471 sed
553 3416 629 3488 quod
646 3434 681 3473 ea
695 3418 732 3472 sit
750 3417 842 3488 potius
862 3417 929 3474 ficta
954 3436 1014 3473 mus
1031 3415 1166 3487 superius.

96 3513 125 3560 et
170 3504 245 3559 victa
282 3522 365 3575 quam
413 3504 531 3572 invicta,
577 3505 747 3559 ostendimus
792 3505 926 3575 superius.
988 3510 1047 3562 639.
1088 3501 1215 3559 Secundo
1251 3498 1445 3570 explicandum
1477 3504 1520 3553 est
1549 3499 1603 3556 hoc
1637 3500 1713 3570 laco,
1749 3521 1786 3556 un
1799 3494 1818 3537 t.
1834 3495 1868 3538 Μ

94 3597 119 3648 s.
140 3590 266 3645 muru
286 3591 389 3645 Mares.
410 3595 434 3648 s.
462 3592 527 3646 seeo
540 3592 674 3660 prensus
690 3608 804 3646 neuen
823 3593 929 3646 umen
953 3599 1046 3645 nuno
1064 3591 1193 3644 eureus
1218 3586 1399 3641 antenna
1417 3587 1583 3642 secuturus
1624 3586 1720 3643 vius
1736 3589 1785 3643 au-
1799 3553 1904 3642 titt...

92 3686 173 3733 entra
190 3695 284 3732 casnm
302 3679 515 3743 fornicationis,
543 3678 610 3746 quia
633 3679 773 3747 eiusmodi
797 3679 926 3733 dimissio
952 3677 997 3733 cui
1012 3680 1119 3748 posset,
1145 3680 1178 3729 ut
1194 3689 1344 3729 cousensus
1361 3672 1447 3728 faciat
1465 3673 1591 3744 nuptias,
1618 3673 1658 3729 ita
1675 3692 1785 3746 quoquc
1798 3654 1878 3743 ἓξὲξ,

92 3765 189 3834 objicit
208 3764 344 3835 periuriis
363 3764 490 3828 ustionis,
509 3764 711 3826 fornicationis
729 3772 755 3818 et
771 3766 926 3832 adulteri,-
952 3764 1108 3820 dissensum
1140 3759 1316 3815 matrimonia
1346 3758 1509 3822 dissolvere,
1539 3775 1603 3814 cum
1639 3776 1784 3817 musarum
1798 3755 1891 3846 εἴη·

91 3854 143 3906 sed
174 3853 210 3904 ds
237 3851 281 3905 his
305 3849 444 3920 periculis
467 3849 612 3913 Pontificii
638 3867 695 3903 non
724 3857 789 3904 sunt
811 3850 924 3920 soliciti,
952 3849 1150 3906 soumariarum
1168 3846 1305 3902 mntraria
1322 3846 1377 3900 siut
1395 3843 1500 3900 effecta.
1537 3845 1621 3899 Nihil
1637 3848 1709 3901 enim
1727 3856 1784 3901 tam

91 3939 180 3992 libere
197 3938 270 3991 enim
292 3938 444 3991 decernunt
467 3936 676 4003 separationem
699 3939 740 3991 ad
763 3944 866 3990 certum
884 3939 925 3990 in·
952 3935 1083 3990 naturale
1107 3942 1161 4001 est,
1190 3951 1274 4003 qaam
1298 3949 1329 3986 eo
1354 3947 1453 4001 qenere
1477 3930 1631 4000 quidquam
1659 3934 1785 4003 dissolui,

91 4032 231 4079 certumve
266 4031 380 4092 tempus.
427 4022 539 4093 Excipit
573 4022 771 4090 Bellarmiuus,
809 4027 924 4093 quando
952 4041 1006 4092 qao
1027 4022 1191 4089 colligatum
1209 4027 1258 4074 est.
1300 4017 1317 4073 l.
1336 4016 1413 4075 Nihil
1437 4023 1477 4072 35.
1500 4016 1529 4071 ff.
1554 4017 1589 4072 de
1614 4019 1702 4090 regul.
1727 4021 1784 4092 jur.

84 4113 169 4181 justa
182 4119 222 4164 est
235 4110 371 4173 dimissio,
390 4109 547 4179 periculum
565 4110 774 4178 fornicationis,
792 4112 839 4164 cai
855 4111 925 4180 obji-
951 4112 1025 4164 Fere
1055 4108 1260 4178 quibuscunque
1292 4106 1383 4158 modis
1410 4104 1580 4174 obligamur,
1618 4105 1720 4160 iisdem
1753 4107 1783 4160 in

91 4198 166 4252 citur
182 4197 327 4264 unaue,
351 4214 407 4250 non
424 4196 561 4264 imputari
583 4195 745 4264 dimittenti,
768 4196 819 4266 qui
838 4197 926 4250 retitur
951 4195 1124 4250 contrariam
1146 4191 1217 4245 actis
1236 4190 1405 4257 liberantem
1429 4207 1489 4242 mem
1512 4191 1610 4259 quibus
1628 4191 1721 4245 modis
1738 4208 1785 4245 oc·

91 4286 157 4353 iure
175 4301 235 4352 suo,
251 4285 304 4337 sed
321 4284 353 4350 ei,
371 4282 420 4351 qui
439 4283 650 4348 deditcausam,
669 4281 1100 4367 curdimitteretur,lquirimus,
1137 4278 1239 4332 iisdem
1269 4278 1300 4331 in
1327 4275 1499 4330 contrarium
1528 4276 1599 4329 actis
1624 4277 1784 4335 ananau.

91 4373 171 4441 quad
198 4371 301 4441 probat
327 4369 452 4438 enensplo
480 4369 654 4423 dimissionis
684 4370 718 4423 ob
747 4369 970 4449 adulteriumql.
991 4367 1061 4423 Fere
1081 4372 1137 4422 153.
1156 4364 1216 4420 eod.
1259 4362 1314 4420 Sed
1337 4361 1425 4426 absit,
1452 4360 1507 4415 imo
1526 4362 1684 4433 longissime
1701 4364 1783 4433 absit,

91 4457 316 4529 Respondemus:
353 4456 404 4510 Est
432 4455 526 4526 dispar
547 4455 618 4511 ratio
635 4455 708 4509 inter
740 4455 984 4529 dimissionemffut
1007 4450 1180 4507 matrimonia
1199 4454 1390 4505 consummata
1413 4454 1508 4502 mutuo
1533 4448 1782 4520 utriusquepartis

91 4551 206 4616 propter
234 4543 401 4599 adulterium
431 4549 459 4597 et
492 4542 564 4597 inter
594 4542 779 4598 dimissionem
813 4539 1077 4615 propteridisseusu
1098 4538 1163 4607 jure
1189 4535 1302 4590 dissolvi
1319 4533 1502 4589 adstruamus.
1552 4537 1577 4589 1.
1599 4535 1681 4599 Quod
1704 4538 1785 4590 Deus

91 4648 190 4687 causas
209 4630 277 4685 alias
304 4646 322 4682 a
338 4626 492 4684 Pontificiis
511 4627 636 4696 additas,
662 4628 710 4683 illa
735 4629 807 4683 euim
829 4622 1108 4695 nititurjconjuncit,
1129 4624 1209 4677 homo
1227 4640 1284 4676 non
1307 4629 1418 4690 separet
1435 4619 1535 4676 Matth.
1556 4626 1600 4688 19,
1628 4638 1654 4677 v,
1675 4628 1700 4679 6.
1723 4623 1783 4693 jam

90 4717 183 4774 verbis
200 4716 320 4785 Christi,
338 4715 406 4771 haec
425 4732 490 4770 vero
510 4713 604 4770 divina
621 4714 784 4770 auctoritate
803 4715 926 4771 destitui·
951 4727 1015 4767 vero
1032 4709 1158 4781 legitima
1171 4707 1346 4764 matrimonia
1356 4707 1434 4763 Deus
1445 4707 1504 4779 ipse
1522 4707 1672 4777 conjunxit.
1706 4708 1782 4781 Ergo

90 4811 144 4860 tur.
181 4804 236 4857 Illa
260 4802 343 4856 solvit
364 4801 455 4872 ipsum
475 4800 623 4872 conjugale
645 4800 800 4868 vinculum,
824 4807 856 4855 ut
874 4819 925 4857 suo
950 4798 1042 4852 nullus
1053 4797 1134 4853 homo
1146 4795 1242 4851 eadem
1254 4811 1383 4866 separare
1395 4792 1486 4864 debet,
1505 4802 1533 4848 et
1549 4811 1599 4864 per
1611 4810 1783 4866 consequens

91 4890 152 4945 loco
171 4888 355 4953 ostendimus,
381 4888 451 4941 haec
467 4903 532 4942 vero
552 4892 660 4941 tantum
678 4887 769 4958 quoad
789 4893 879 4943 torum
898 4894 1001 4975 et,nec
1030 4883 1084 4954 ipsi
1121 4883 1256 4954 conjuges
1295 4887 1391 4936 mutuo
1418 4879 1546 4935 dissensu
1572 4896 1632 4936 sese
1655 4898 1783 4952 separare

90 4976 322 5032 cohabitationem
350 4974 508 5029 instituitur.
552 4973 606 5027 Illa
627 4973 782 5029 adulteram
802 4981 924 5030 extremo
950 4978 978 5026 et
1004 4970 1150 5042 sejungere
1176 4968 1287 5024 debent.
1343 4966 1530 5036 Chr5soetom.
1564 4965 1637 5022 hom.
1673 4972 1715 5025 63.
1754 4968 1782 5022 iu

89 5062 226 5134 supplicio
259 5061 386 5132 subjicit,
417 5060 440 5115 si
480 5060 659 5131 magistratus
688 5078 767 5115 suum
802 5061 924 5116 officium
949 5057 1048 5112 Matth.
1076 5054 1197 5111 ostendit
1215 5053 1355 5119 Christus,
1381 5053 1422 5107 ὅτι
1447 5056 1494 5108 καὶ
1521 5053 1597 5128 παρὰ
1622 5053 1718 5128 φύσιν,
1736 5059 1781 5109 καὶ

89 5149 176 5204 iaciat
192 5148 236 5204 vel
253 5152 420 5220 potestatem
433 5146 550 5200 aliarum
567 5146 726 5215 nuptiarum
744 5146 770 5202 ei
781 5147 924 5218 permittit,
950 5140 1026 5217 παρὰ
1043 5142 1133 5215 νόμον
1145 5142 1175 5195 τὸ
1195 5136 1355 5214 γινόμενον·
1382 5141 1457 5212 παρὰ
1478 5137 1566 5211 φύσιν
1580 5139 1648 5212 μὲν,
1671 5140 1712 5194 ὅτι
1727 5148 1781 5214 μία

88 5234 113 5289 si
132 5234 311 5305 magistratus
330 5233 360 5288 in
380 5232 472 5289 officio
492 5250 542 5287 suo
559 5232 596 5286 sit
613 5232 765 5304 negligens,
778 5231 847 5287 haec
858 5250 923 5288 vero
948 5236 1076 5305 sipisim
1096 5227 1174 5301 σάρξ,
1193 5228 1269 5301 παρα
1292 5224 1423 5301 riparii
1436 5225 1478 5280 in
1492 5228 1539 5281 rasi
1551 5229 1620 5281 troi
1638 5221 1781 5297 cuniper-

88 5320 275 5376 dimittentem
292 5326 321 5375 et
339 5319 480 5374 dimissam
494 5335 638 5389 personam
657 5319 686 5372 in
704 5319 774 5373 rivis
789 5319 922 5390 relinquit
948 5338 994 5377 τος
1022 5320 1069 5371 καὶ
1086 5312 1266 5374 κελεύσαντος
1291 5314 1330 5387 μὴ
1355 5313 1579 5386 διαχωρίζεσθαι,
1602 5312 1679 5368 niret
1701 5312 1780 5381 (lou-

88 5412 117 5462 et
134 5407 225 5462 neutn'
244 5411 408 5476 potestatem
432 5405 496 5461 novi
522 5405 689 5461 matrimonii
707 5404 846 5474 concedit,
871 5405 1034 5471 sic-dator)
1054 5400 1249 5456 inensrttscts
1264 5404 1345 5454 τοῦτο
1363 5399 1443 5473 δρᾶν.
1480 5405 1505 5457 2.
1524 5398 1564 5456 Ut
1583 5399 1695 5470 nuptias
1713 5397 1780 5473 legi·

87 5508 143 5562 que
162 5492 284 5563 periculo
305 5492 422 5548 ustionis
444 5498 473 5546 et
497 5490 671 5547 murtationis
689 5497 835 5563 utramque
854 5508 920 5562 par-
948 5490 1031 5546 timus
1050 5503 1105 5543 nou
1122 5487 1214 5560 quivis
1233 5502 1383 5542 consensus
1400 5485 1475 5551 iacit,
1496 5486 1545 5542 sed
1563 5485 1612 5558 qui
1629 5485 1713 5541 verbo
1727 5486 1780 5542 Dei

87 5588 144 5635 tem
162 5577 284 5649 subjicit.
320 5585 346 5635 5.
370 5580 543 5634 Contertdunt
562 5578 718 5647 Pontificii,
741 5578 798 5633 talc
818 5579 917 5635 debere
947 5583 976 5636 ct
992 5574 1103 5648 legibus
1129 5573 1303 5631 naturalibus
1323 5570 1469 5630 conformis
1498 5578 1554 5641 est,
1579 5571 1603 5626 si
1626 5570 1688 5645 quis
1707 5572 1779 5629 euim
