4020 6022
799 350 853 409 DE
870 348 1071 409 consumo,
1707 362 1767 421 343

76 507 176 576 solnm,
195 509 244 565 sed
262 509 346 566 etiam
366 516 480 567 aeterna
495 512 632 583 percipiet
647 511 780 583 praemia
825 509 910 565 Adde
941 505 1050 562 insidiis
1079 522 1139 564 sese
1172 513 1325 578 exponunt,
1355 507 1410 563 illis
1436 508 1541 564 nullam
1573 510 1691 579 gratiam
1720 514 1770 564 aut

76 593 153 663 quod
173 594 277 651 donum
294 596 364 651 illud
381 597 483 653 debeat
497 598 546 667 pio
563 598 670 661 studio,
701 597 755 668 piis
781 596 910 669 precibus
936 594 1068 648 auxilium
1093 595 1233 664 promisit,
1263 603 1295 649 nt
1317 593 1385 649 nihil
1408 595 1532 649 dicamus
1556 595 1592 651 de
1617 612 1665 665 eo,
1693 596 1768 667 qnod

76 695 110 733 ac
130 679 208 735 lucta
234 683 368 739 adversos
396 683 487 739 carnis
512 684 751 753 concupiscentias
777 683 864 739 soseri
882 687 911 737 et
936 696 1068 751 magnum
1087 678 1232 735 discrimen
1251 680 1287 735 sit
1303 681 1376 735 inter
1394 682 1593 735 confinentiam
1610 683 1651 736 ad
1661 690 1769 752 tempus

75 768 245 835 conservari,
263 786 319 841 qna
338 770 374 827 de
389 786 420 827 re
437 770 478 825 its
492 770 601 825 disserit
613 769 788 826 Chemnicius
799 777 871 842 part.
886 775 909 825 3.
937 770 966 820 et
994 772 1086 820 votum
1108 774 1265 835 perpetuae
1299 767 1499 834 coruscatioc,
1531 784 1594 821 cum
1627 768 1675 822 illo
1703 784 1767 839 spes

76 866 166 905 exam.
190 854 225 908 de
250 855 348 911 coelib.
372 862 401 911 et
426 855 546 927 virginit.
565 874 588 912 c.
615 862 639 911 4.
657 873 685 926 p.
705 861 752 911 itis
783 856 862 911 Sicut
880 857 911 909 in
936 851 1103 907 matrimonii
1122 868 1156 907 ac
1173 870 1239 907 usus
1257 853 1413 925 conjugalis
1439 855 1599 925 conjuncta,
1631 853 1684 909 hoc
1702 870 1767 909 vero

25 935 196 1005 'tintinnis
220 941 304 995 donis
334 942 454 1010 divinis,
481 942 549 1012 quia
575 960 643 997 caro
660 941 831 1012 concupiscit
858 926 1000 1008 orl-lcum
1018 937 1194 1007 abjuratione
1218 939 1342 1010 conjugii
1370 939 1550 1010 conjunctum
1568 956 1628 995 esse
1647 946 1767 996 constat.

74 1037 175 1077 ommes
200 1026 348 1095 spiritum,
380 1028 490 1096 studio,
520 1036 637 1096 conatu,
669 1029 746 1083 lucto
774 1029 910 1082 amussis
936 1022 1143 1079 *sirmundus
1172 1024 1220 1080 lib.
1250 1030 1274 1080 6.
1301 1026 1365 1080 inst.
1397 1042 1420 1079 e.
1448 1030 1492 1081 23.
1540 1025 1646 1091 Quodsi
1673 1024 1769 1097 aliqua

75 1126 192 1163 earnem
210 1120 237 1165 st
255 1115 386 1169 oratione
404 1116 482 1169 dona
499 1122 565 1169 sunt
588 1116 801 1183 mutanda,
831 1130 909 1168 sceo-
935 1109 1084 1165 necessitas
1107 1109 1280 1181 prohibebit,
1309 1116 1367 1164 tum
1385 1128 1450 1166 vero
1474 1112 1594 1167 maxima
1609 1111 1768 1167 adhibentis
1867 1152 1870 1157 .

74 1196 163 1251 lenda
188 1206 216 1253 st
246 1204 451 1271 commanda,
484 1203 534 1271 qui
569 1202 643 1255 enim
665 1200 837 1269 neplipentia
866 1201 908 1253 ita
935 1196 1022 1250 virtus
1048 1196 1115 1262 erit,
1147 1200 1179 1251 ut
1197 1197 1343 1267 cupiditati
1370 1197 1540 1254 continentia
1565 1196 1769 1253 reluctetur.**

73 1291 180 1354 torpet,
211 1294 241 1339 ut
270 1287 352 1341 nuda
370 1287 520 1357 dilipents'a
538 1296 651 1343 concurr
669 1296 696 1343 et
713 1291 826 1343 audeat
844 1305 908 1342 con·
935 1281 1007 1339 Vide
1024 1288 1133 1339 tractat.
1152 1282 1186 1339 de
1204 1283 1306 1338 minist.
1327 1282 1353 1355 ξ.
1373 1288 1430 1338 337.
1460 1284 1573 1340 membr.
1595 1290 1619 1341 4.
1655 1283 1766 1353 Excipit

71 1371 218 1425 tinmtianr
236 1372 336 1437 colere,
353 1373 435 1427 nulla
454 1373 777 1444 luctaconcupiscsntiae
788 1374 908 1442 resistat,
935 1368 1132 1439 Beliarminus,
1155 1370 1207 1423 stsi
1219 1369 1372 1439 promissio
1384 1371 1576 1439 particularis
1593 1372 1685 1440 deest,
1704 1371 1766 1436 suf-

71 1463 102 1509 ιιι
133 1473 197 1510 eam
226 1458 379 1527 ssprinsat,
407 1476 510 1529 corpus
540 1461 742 1532 tsnsperantiae
773 1467 799 1514 et
826 1460 906 1513 hone·
935 1456 1015 1513 neers
1046 1463 1138 1509 tamen
1168 1456 1334 1523 peneralsm.
1382 1456 1453 1513 Luc.
1486 1462 1532 1511 11:
1565 1456 1656 1511 Petite
1675 1463 1702 1511 et
1718 1473 1765 1511 ae·

70 1548 182 1595 aarum
209 1544 422 1613 occupationum
448 1546 588 1601 erumnis
621 1564 679 1601 san
707 1547 832 1617 snbs'pat,
858 1562 908 1599 nec
934 1542 1052 1610 cipistis.
1085 1541 1153 1600 doh.
1174 1547 1223 1597 162
1245 1541 1280 1594 Si
1295 1542 1365 1611 quid
1376 1542 1518 1611 petieritis
1536 1544 1667 1611 Patrem,
1686 1544 1766 1598 dabit

71 1636 172 1683 caveat
207 1636 234 1683 st
262 1631 329 1684 sitm
360 1632 519 1687 occasiones
545 1640 731 1702 prouocantes
752 1632 906 1695 libidinem,
933 1628 1018 1683 uobis.
1060 1626 1121 1682 Jac.
1142 1633 1170 1682 1:
1197 1627 1251 1691 Qui
1271 1628 1387 1698 indipet,
1403 1629 1527 1700 postulet
1545 1648 1564 1682 a
1580 1631 1660 1696 Dea,
1691 1630 1764 1684 alio·

70 1716 148 1769 adeo
165 1722 197 1769 ut
213 1733 249 1771 ns
268 1716 381 1786 qssidem
397 1725 478 1787 petat
503 1720 627 1789 qratiam
644 1729 672 1774 st
693 1720 830 1779 stasilium
849 1717 909 1772 Dei
934 1714 984 1783 qui
999 1714 1027 1767 si
1043 1714 1236 1782 requireretur
1248 1714 1406 1785 peculiaris
1419 1708 1587 1785 proscissio,
1618 1733 1667 1770 nee
1683 1718 1764 1787 fides,

69 1800 115 1853 ad
131 1800 339 1871 continentiam,
357 1805 411 1858 sed
427 1804 540 1859 deliciis
557 1822 587 1859 se
604 1807 701 1875 dedat,
721 1805 842 1875 crapula
858 1823 907 1859 sen
932 1815 983 1853 nse
1006 1815 1084 1870 spes,
1112 1815 1163 1852 nec
1188 1799 1318 1869 dilectio,
1345 1816 1394 1853 nee
1420 1801 1587 1856 continentia
1604 1802 1765 1871 eonjupalis

70 1885 224 1941 saturitate
242 1896 365 1943 uentrem
384 1890 544 1955 distendat,
574 1893 660 1946 otium
685 1898 803 1947 sectetur
821 1901 847 1946 et
864 1892 907 1945 in·
932 1903 982 1940 nec
1013 1887 1101 1940 uirtus
1132 1886 1194 1939 alia
1218 1886 1283 1956 peti
1311 1894 1415 1955 posset.
1466 1886 1693 1959 Respondemuslt
1731 1889 1766 1944 st

69 1974 182 2027 emtisa
198 1972 328 2029 libidinis
345 1984 518 2046 aucupetur,
551 1977 697 2031 &donum
722 1978 907 2033 nominemini
932 1974 1083 2027 secundum
1112 1973 1281 2027 uoluntatem
1300 1973 1360 2026 Dei
1384 1981 1525 2041 petamus,
1556 1978 1623 2029 tunc
1652 1976 1765 2032 exaudit

69 2077 130 2114 non
152 2060 272 2130 accipiet
295 2069 322 2115 et
345 2062 457 2116 etsamsi
472 2063 533 2132 ipsi
551 2065 650 2118 mum
668 2065 721 2127 sit,
754 2082 811 2119 non
829 2080 906 2117 msu-
933 2076 983 2114 nos
1005 2065 1026 2115 1.
1043 2059 1106 2115 doh.
1127 2066 1155 2124 5,
1187 2077 1213 2113 v.
1236 2065 1274 2115 14.
1292 2059 1419 2115 voluntas
1438 2061 1486 2115 illa
1501 2060 1555 2117 Dei
1573 2066 1616 2116 est
1633 2062 1661 2117 in
1679 2063 1763 2118 verbo

69 2145 225 2199 seitabr'tet
241 2148 354 2216 mcolet,
373 2149 425 2202 sed
435 2148 532 2219 potius
546 2150 733 2220 suffocabitet
747 2150 907 2217 srstinpust.
932 2144 986 2201 Dei
1009 2145 1144 2210 revelata,
1172 2147 1231 2216 Jam
1249 2162 1314 2201 vero
1332 2146 1361 2200 in
1384 2152 1444 2201 tota
1461 2146 1605 2219 Scriptura
1627 2166 1763 2221 nusquam
1777 2148 1831 2191 ΠΙ·
1848 2148 1881 2191 ⁷⁹·

70 2236 96 2287 5.
116 2234 184 2287 Non
212 2233 304 2287 nunus
331 2243 373 2289 est
395 2236 500 2288 donum
515 2236 577 2289 Dei
599 2238 713 2291 medem
737 2253 820 2307 quam
842 2253 905 2290 eon·
932 2238 1022 2288 exstat
1038 2232 1102 2289 talis
1121 2233 1281 2305 promissio,
1301 2233 1376 2305 quod
1394 2241 1425 2289 ιιι
1443 2234 1543 2304 fidem,
1575 2254 1666 2308 spem,
1697 2236 1764 2291 dile·

69 2316 176 2385 tinere,
205 2325 235 2372 at
260 2318 443 2375 ndsilominus
466 2324 719 2392 crederepossum
745 2339 838 2377 omnes
858 2324 909 2393 qui
933 2318 1059 2388 ctionem,
1076 2319 1233 2375 castitatem
1250 2326 1301 2375 etc.
1338 2319 1416 2375 Deus
1437 2321 1504 2377 dare
1522 2321 1762 2393 vultpetentibns,

67 2402 183 2471 soluat,
214 2412 240 2458 st
256 2412 330 2461 reete
349 2407 493 2462 hortamur
510 2425 603 2463 omnes
630 2411 672 2463 ad
688 2411 779 2474 fidem.
825 2412 906 2478 Erpa
932 2405 972 2460 ita
996 2421 1107 2477 quoque
1132 2404 1296 2475 virginalem
1322 2406 1518 2462 continentiam
1543 2407 1670 2462 omnibns
1700 2424 1763 2478 pro-

68 2490 158 2545 stians
179 2492 221 2545 nd
244 2493 451 2551 continentiam.
495 2492 650 2564 Responsio
674 2495 733 2565 peti
754 2500 847 2566 potest
873 2513 906 2553 ox
932 2492 1053 2560 miserit,
1083 2492 1151 2563 quin
1180 2492 1275 2562 potius
1306 2492 1380 2549 clare
1415 2494 1577 2563 pronuntiat
1613 2494 1763 2565 apostolus,

72 2575 252 2633 ffisfincflone
276 2578 402 2650 superins
431 2580 535 2636 tradita
563 2580 635 2637 inter
655 2581 728 2638 dona
750 2584 907 2638 communia
932 2578 1066 2650 quosdam
1092 2595 1148 2633 non
1178 2579 1319 2635 continere
1350 2583 1379 2633 et
1409 2579 1521 2650 quidem
1546 2587 1693 2651 propterea
1709 2596 1763 2635 non

69 2667 101 2717 et
116 2663 241 2734 propria.
290 2664 352 2720 Non
369 2665 482 2722 credere
502 2672 545 2721 est
567 2672 713 2738 peccatnm
740 2669 905 2740 damnabile,
932 2666 1090 2730 continere,
1120 2664 1194 2736 quod
1218 2665 1405 2721 destituantur
1428 2665 1476 2721 illo
1501 2666 1572 2720 dono
1597 2666 1763 2737 quibusdam

71 2748 122 2803 sed
152 2766 209 2804 non
239 2750 379 2805 continere
407 2753 573 2825 aconjugio
606 2770 662 2809 non
693 2760 736 2810 est
759 2760 905 2825 peccatnm
933 2752 1067 2807 duntaxat
1085 2751 1205 2822 proprio,
1222 2768 1256 2805 ac
1274 2751 1327 2806 illis
1345 2768 1400 2806 non
1417 2752 1590 2822 praescribit,
1608 2759 1641 2806 ut
1659 2757 1764 2823 petant,

71 2833 216 2889 danum
257 2834 375 2891 Credere
392 2837 429 2893 ab
446 2838 574 2895 omnibns
595 2840 736 2894 salvandis
748 2840 905 2911 requiritur,
934 2839 1036 2893 donum
1063 2837 1133 2893 illud
1160 2837 1214 2892 sibi
1240 2838 1317 2901 dari,
1347 2839 1397 2893 scd
1422 2847 1453 2892 nt
1479 2841 1584 2893 nubant
1615 2845 1636 2894 1.
1655 2838 1717 2895 Cor.
1737 2846 1761 2908 t,

71 2919 122 2977 sed
140 2936 158 2974 a
175 2920 305 2993 conjugio
323 2922 464 2979 continere
482 2940 538 2978 non
555 2924 705 2997 requiritur
718 2926 754 2981 ab
767 2926 905 2983 omnibus.
931 2942 957 2978 r.
975 2930 998 2981 9.
1016 2941 1050 2980 ac
1064 2923 1221 2995 junioribus
1240 2924 1331 2979 viduis
1349 2942 1405 2979 non
1423 2924 1602 2995 praescribit,
1620 2930 1651 2978 ut
1668 2942 1686 2979 a
1702 2925 1763 2979 Deo

70 3010 97 3065 ι’.
119 3008 156 3064 Si
172 3010 314 3065 emtimrs
325 3028 381 3064 non
394 3011 506 3082 possint
524 3014 677 3083 omnesqui
686 3014 790 3083 nolunt,
811 3015 906 3069 mutis
931 3016 1030 3082 petant
1048 3011 1253 3081 continentiam,
1272 3011 1322 3067 sed
1340 3019 1371 3064 ut
1387 3011 1493 3065 nubant
1513 3017 1533 3067 ι.
1545 3009 1616 3067 Tim
1636 3018 1660 3076 5,
1677 3029 1703 3068 ι.
1724 3017 1762 3067 ll.

72 3093 232 3150 mnrium
267 3096 377 3152 nullum
417 3098 472 3153 erit
502 3106 650 3168 peccatum
684 3101 829 3164 fornicari
862 3102 907 3157 nel
930 3098 1047 3170 Regerit
1064 3096 1260 3155 Beliarminns:
1291 3100 1356 3153 Non
1383 3099 1416 3153 id
1437 3099 1527 3152 solum
1551 3106 1593 3152 est
1611 3099 1762 3152 secundum

72 3182 223 3250 moechari,
241 3190 271 3237 nt
288 3168 405 3255 si'quis,
423 3194 574 3256 antequam
591 3203 706 3241 onorem
726 3192 821 3254 ducat,
840 3208 906 3260 pra·
930 3186 992 3239 Dei
1006 3185 1193 3254 uoluntatem,
1221 3186 1299 3253 quod
1315 3192 1356 3238 est
1371 3184 1559 3237 necessarium
1578 3183 1763 3254 adsalutem,

68 3269 180 3323 sissima
204 3277 341 3339 serpentar-
362 3271 484 3325 stimulis
504 3274 601 3327 camis
623 3281 649 3328 et
671 3292 728 3329 non
751 3276 846 3330 statim
863 3277 904 3329 in·
930 3274 983 3327 sed
1003 3272 1087 3327 amm
1104 3272 1151 3340 id,
1182 3273 1261 3340 quod
1278 3278 1318 3325 est
1335 3270 1412 3341 utile,
1430 3277 1457 3324 et
1474 3270 1575 3324 utilisss
1597 3288 1681 3339 quam
1700 3271 1762 3339 ejus

67 3355 161 3411 cariat
179 3358 358 3422 accremari
374 3358 403 3411 si
407 3366 560 3428 postquam
571 3376 686 3415 usonem
697 3361 785 3430 duait,
799 3363 904 3433 promel
931 3359 1100 3430 oppositum,
1131 3373 1219 3427 neque
1249 3358 1283 3411 id
1306 3358 1397 3412 salum
1421 3359 1499 3426 quod
1524 3358 1583 3426 ipse
1603 3356 1762 3426 imperavit,

67 3441 104 3497 ab
135 3457 171 3496 su
194 3442 282 3508 absi,
312 3451 363 3498 aut
390 3442 446 3499 ata
475 3446 570 3499 morbo
599 3447 682 3516 praei
710 3464 745 3502 ac
768 3449 902 3503 diuturno
929 3446 981 3498 scd
990 3445 1075 3499 diam
1087 3447 1165 3515 qnod
1179 3442 1320 3499 canssduit
1334 3451 1359 3497 et
1373 3442 1762 3513 Mudauitetcuipraemium

67 3528 193 3599 laboret,
221 3536 252 3583 ut
278 3546 335 3585 nan
365 3530 450 3585 liceat
474 3540 571 3601 petere
598 3533 721 3588 deditum
745 3535 903 3604 coniupale.
929 3531 1080 3586 maoeimm
1100 3531 1249 3601 promisit,
1280 3531 1309 3587 in
1339 3549 1456 3602 quorum
1479 3546 1593 3585 numero
1620 3538 1660 3584 est
1679 3529 1762 3584 coeli-

66 3614 296 3687 Rcspoudemns:
313 3616 366 3672 Est
385 3616 480 3689 dispar
497 3618 568 3674 ratio
587 3618 659 3675 inter
676 3635 731 3690 eos,
748 3621 798 3693 qni
816 3639 847 3677 ss
865 3622 902 3678 ad
930 3619 1019 3672 batus.
1069 3617 1296 3690 Respondemus:
1327 3617 1404 3675 Nihil
1428 3617 1564 3687 potuisset
1580 3615 1727 3672 absurdius
1745 3632 1763 3669 a

67 3703 268 3759 continentiam
303 3703 436 3760 divinitus
472 3706 565 3761 vocari
600 3705 760 3779 intelligunt
796 3714 826 3764 et
854 3709 903 3781 qni
929 3704 1097 3762 Beliarmino
1124 3705 1188 3762 dici.
1241 3705 1359 3776 ,Donum
1388 3702 1564 3774 prophetiae,
1596 3703 1762 3773 linguarum,

66 3795 173 3845 tumme
191 3790 297 3863 absque
315 3791 460 3847 vocatione
477 3792 674 3848 continentiam
693 3792 808 3865 eligunt.
847 3795 902 3859 Qui
930 3792 1104 3849 sanationum
1122 3797 1165 3847 est
1181 3790 1257 3862 utile,
1276 3807 1309 3845 ac
1326 3790 1409 3862 longe
1425 3788 1522 3844 utilius
1542 3794 1598 3857 est,
1618 3788 1671 3844 hoc
1689 3788 1761 3844 dono

66 3875 160 3932 carnis
187 3876 304 3932 stimulis
331 3885 480 3950 urgentur,
513 3880 631 3934 necdum
650 3879 694 3935 vel
711 3881 827 3951 aetatis,
858 3883 903 3938 vel
930 3880 1092 3934 instructum
1127 3894 1187 3933 esse
1214 3893 1298 3949 quam
1325 3893 1358 3932 eo
1388 3874 1515 3946 destitui,
1544 3875 1640 3947 ecquis
1668 3880 1761 3930 tamen

65 3960 187 4017 aliarum
217 3962 487 4019 circumstantiarum
513 3966 620 4021 ratione
647 3967 809 4039 conjuginm
834 3968 903 4026 inire
930 3966 1022 4023 dicere
1037 3965 1118 4029 velit,
1147 3980 1240 4019 omnes
1260 3980 1341 4034 posse
1357 3963 1410 4017 hoc
1429 3963 1533 4017 donum
1553 3977 1570 4016 a
1588 3960 1650 4017 Deo
1666 3968 1761 4032 petere

65 4052 202 4119 possunt,
231 4049 274 4104 vel
300 4048 349 4120 qni
374 4048 472 4104 visunt
493 4068 557 4107 cnm
581 4052 700 4123 conjuge
717 4059 844 4126 aegrota,
873 4053 903 4109 in
929 4058 956 4107 et
973 4067 1135 4123 perpressa
1153 4048 1321 4121 impetrare?
1355 4047 1449 4120 Fungi
1467 4046 1654 4102 ecclesiastico
1681 4047 1760 4102 mini·

66 4150 208 4189 carcerem
235 4133 348 4191 detrusa
372 4142 426 4192 etc.
442 4136 483 4191 illi
500 4136 675 4211 intelligant,
704 4156 733 4195 se
757 4141 849 4196 vocari
866 4141 903 4196 ad
928 4139 1011 4195 sterio
1029 4138 1201 4210 etpopulum
1219 4136 1353 4193 instruere
1372 4142 1414 4191 est
1433 4136 1509 4205 utile,
1528 4152 1562 4189 ac
1573 4136 1656 4207 longe
1665 4134 1760 4189 utilius

65 4219 283 4288 continentiam,
313 4227 429 4293 possunt
457 4220 544 4294 igitur
567 4224 597 4279 in
621 4226 752 4297 precibus
774 4227 831 4283 suis
851 4227 902 4283 niti
929 4244 1012 4298 quam
1041 4226 1071 4280 in
1102 4226 1161 4280 vita
1176 4225 1289 4295 privata
1318 4223 1435 4295 degere,
1466 4229 1496 4277 at
1524 4239 1591 4277 num
1614 4228 1760 4293 propterea

67 4305 188 4379 speciali
206 4306 255 4362 ills
266 4306 304 4362 sd
317 4307 486 4364 coelibatum
497 4326 531 4365 ac
543 4312 741 4369 continentiam
758 4314 902 4371 vocatione
928 4330 1022 4369 omnes
1044 4311 1147 4383 privati
1171 4326 1221 4382 per
1238 4325 1335 4381 preces
1353 4327 1371 4364 a
1387 4308 1449 4365 Deo
1465 4308 1619 4380 [impetrare
1636 4314 1759 4379 possunt,

64 4409 99 4448 ac
124 4398 201 4449 certo
219 4410 332 4465 sperare
350 4396 568 4469 exauditionemq
598 4399 649 4455 sed
673 4401 774 4472 quibus
791 4407 902 4474 praesto
928 4406 960 4456 ut
978 4399 1111 4455 ecelesiae
1131 4388 1256 4453 doctores
1269 4395 1412 4452 evadant?
1437 4395 1574 4451 Nimirum
1586 4395 1760 4451 vocationem

64 4484 110 4535 est
127 4477 249 4535 facultas
268 4480 383 4537 ineundi
400 4483 583 4554 matrimonii,
607 4502 641 4541 ac
659 4486 838 4543 nihilominus
860 4503 901 4543 re·
928 4504 1006 4541 suam
1031 4484 1150 4557 quilibet
1173 4482 1219 4538 hic
1242 4483 1379 4553 respicere
1405 4481 1489 4537 debet
1511 4489 1596 4553 atque
1613 4497 1646 4537 ea
1664 4498 1682 4537 a
1698 4480 1759 4536 Deo

62 4564 189 4621 medinm
226 4567 294 4621 illud
327 4570 489 4640 repudiant,
525 4571 580 4626 imo
616 4571 759 4643 abjurant,
794 4573 901 4629 etiamsi
928 4577 1035 4643 petere,
1065 4587 1137 4642 quae
1154 4586 1222 4625 suae
1240 4568 1379 4624 vocationi
1397 4568 1554 4623 necessaria
1579 4568 1671 4637 ridet,
1699 4575 1759 4622 turn

61 4651 188 4709 usfiones
204 4654 340 4722 sentiant,
371 4656 413 4711 illi
429 4657 521 4713 Deum
540 4663 650 4715 tentant
666 4666 695 4715 et
712 4676 767 4714 non
785 4665 902 4730 possunt
928 4659 1037 4714 demum
1056 4663 1161 4712 certam
1179 4654 1363 4711 exauditionis
1384 4672 1463 4726 spem
1481 4654 1625 4725 concipere
1650 4653 1759 4724 poterit.

59 4756 96 4795 ex
117 4738 175 4796 fide
197 4756 282 4798 crare
328 4741 407 4799 Nihil
431 4744 566 4815 potuisset
583 4744 768 4800 Beliarminus
793 4745 900 4812 afferre,
927 4743 982 4798 Sed
1005 4743 1054 4812 qui
1080 4741 1265 4799 continentiae
1288 4740 1360 4796 dono
1383 4757 1444 4796 sese
1471 4739 1617 4795 destitutos
1636 4740 1758 4795 animad-

62 4825 142 4901 qnod
165 4825 202 4880 ad
226 4826 364 4883 fallaciam
384 4829 489 4885 diaboli
506 4829 607 4885 Matth.
635 4838 664 4891 4.
694 4849 720 4889 r.
740 4837 764 4887 6.
783 4831 899 4901 propius
925 4836 1044 4897 vertunt,
1062 4828 1103 4883 illi
1123 4846 1179 4884 non
1199 4832 1333 4883 vocantur
1353 4826 1390 4881 ad
1410 4825 1588 4895 coelibatum,
1612 4843 1664 4881 nec
1680 4826 1758 4882 Dens

59 4912 217 4977 accederet,
238 4930 321 4985 quam
338 4914 391 4970 hoc
411 4917 498 4985 ipsius
516 4923 718 4988 argumentum.
762 4917 900 4988 cupiebat
925 4915 981 4970 illis
1008 4915 1148 4970 consuluit
1170 4913 1353 4983 coelibatum,
1382 4911 1432 4966 sed
1456 4927 1506 4984 per
1528 4911 1646 4968 electum
1676 4931 1756 4969 snum

60 4999 193 5054 diabolus
213 4998 324 5055 Christo
342 5001 516 5072 persuadere,
535 5009 567 5058 ut
587 5020 603 5058 e
623 5004 693 5059 turri
718 5003 748 5058 in
766 5020 899 5076 praeceps
924 5018 1059 5074 organum
1089 5002 1208 5056 Paulum
1243 4999 1414 5055 voluntatem
1445 5014 1523 5052 suam
1561 4998 1602 5053 sic
1631 5000 1755 5070 exponit:

58 5102 91 5141 se
110 5083 276 5156 demitteret,
295 5086 363 5155 quia
379 5089 489 5156 anpelis
505 5092 670 5143 mandatum
687 5090 739 5159 sit,
757 5098 789 5144 ut
806 5092 899 5159 ipsum
927 5089 981 5152 Qasr·
996 5109 1051 5146 non
1068 5090 1217 5157 conducat,
1234 5086 1350 5141 nubant.
1400 5086 1523 5155 Propter
1539 5085 1756 5149 fornicationem

58 5171 237 5237 numediani,
268 5172 317 5228 sed
342 5174 408 5245 qnia
432 5175 575 5241 omiserat,
606 5176 636 5229 in
662 5175 717 5229 siis
734 5176 805 5242 tuis,
835 5178 899 5234 ideo
924 5177 1025 5232 lrabeat
1047 5179 1236 5247 unusquisque
1258 5190 1373 5227 uxorem
1391 5189 1481 5226 suam
1533 5170 1648 5227 Frusha
1672 5172 1756 5246 igitur

55 5256 191 5315 ctrimn
209 5256 263 5328 ipsi
280 5259 440 5331 respondet,
459 5261 614 5315 Dominum
634 5262 728 5314 Deum
745 5267 823 5315 tuum
841 5280 898 5317 non
924 5262 969 5318 hic
989 5263 1023 5318 de
1040 5263 1102 5318 aliis
1120 5260 1249 5318 remediis
1267 5257 1399 5331 cogitatio
1411 5256 1569 5327 suscipitur,
1586 5258 1680 5330 qualia
1691 5264 1756 5312 sunt

57 5344 190 5401 umbos.
238 5343 317 5399 Idem
339 5364 389 5401 nos
407 5346 567 5401 Beliarmini
594 5351 759 5418 argumento
786 5365 898 5420 respon·
924 5349 1012 5403 oratio
1028 5356 1123 5403 contra
1140 5347 1335 5420 suggestiones
1352 5342 1471 5407 diaboli,
1500 5344 1639 5414 jejunium
1658 5348 1754 5398 contra

57 5432 169 5488 demus.
205 5430 337 5487 Promisit
354 5432 430 5488 Deus
449 5433 569 5504 gratiam
588 5448 668 5488 suam
687 5432 896 5489 ambulantibus
923 5434 1058 5489 luxuriam
1075 5434 1178 5504 carnis,
1206 5432 1327 5489 solitudo
1345 5430 1381 5486 ad
1401 5430 1544 5485 vitandum
1563 5429 1754 5487 illecebrarum

56 5518 88 5573 in
110 5516 258 5573 vocatone
282 5534 348 5587 sna,
377 5518 427 5573 sed
450 5519 498 5590 qui
515 5517 621 5591 absque
640 5518 794 5587 ‚somnone
812 5526 897 5576 teme·
922 5518 1099 5591 adspectum,
1129 5519 1326 5592 castigationes
1353 5516 1476 5589 corporis
1506 5522 1558 5572 etc.
1605 5515 1755 5587 Apostolus

56 5599 136 5659 saria
161 5608 189 5658 et
211 5602 353 5675 arroganti
378 5607 443 5659 voto
467 5602 559 5660 Deum
583 5610 693 5663 tentant
715 5622 750 5663 ac
776 5604 896 5664 Satanae
922 5605 996 5661 enim
1027 5606 1138 5661 unicum
1167 5605 1239 5661 illud
1269 5602 1421 5660 remedium
1449 5602 1522 5674 illis,
1556 5602 1602 5674 qui
1627 5609 1759 5665 uruntur,
