4020 6022
283 200 341 257 174
862 190 984 251 LOCUS
1000 190 1204 251 vlumus
1221 191 1390 258 QUINTUS

279 364 305 402 v.
332 352 373 402 11.
417 345 502 403 Deut.
523 353 571 415 tt,
600 364 626 401 r.
652 351 692 403 30.
714 364 736 404 a
764 352 812 417 tt,
838 364 862 405 v.
881 353 923 403 20.
945 363 1002 403 nou
1020 347 1108 402 solam
1140 348 1227 415 edm,
1259 367 1316 404 non
1348 350 1439 417 napis
1470 349 1569 403 borum
1587 365 1685 419 sama,
1708 349 1759 418 qui
1771 354 1972 419 peccauerunt,

279 434 435 504 gravissimi
449 434 557 506 peccati
575 450 652 489 reum
669 432 746 504 ficit,
763 434 812 489 sed
831 434 915 490 etiem
927 431 1111 489 excommuni-
1137 435 1297 505 scripsisse,
1321 435 1428 489 remitti
1446 435 1508 489 illis
1525 435 1638 503 debus,
1664 436 1718 490 sed
1741 434 1836 502 mapis
1851 440 1973 505 propter

279 519 383 574 cationi
401 519 514 591 subjicit
531 536 563 575 ac
580 520 701 577 sannae
719 521 820 590 tradit,
851 538 915 576 cum
941 522 975 576 de
993 536 1111 576 ceremo-
1137 522 1294 587 moesiam,
1314 523 1383 591 quic
1399 523 1430 575 in
1447 540 1503 577 unc
1520 522 1594 576 male
1611 529 1709 592 apente
1728 520 1812 575 multi
1829 528 1907 587 sant,
1924 520 1973 591 qai

279 604 400 661 nialibus
426 607 495 661 alias
520 607 610 663 dieat:
642 608 824 663 Circumoisio
846 608 919 661 nihil
943 614 983 661 est
1002 606 1064 663 Gal.
1084 612 1112 673 6,
1137 610 1358 675 confundantur,
1385 614 1412 661 et
1431 609 1462 662 in
1481 625 1536 661 uno
1555 608 1752 662 contumeliam
1771 614 1821 661 urst
1829 607 1972 675 fraudem

279 709 304 748 v.
324 698 363 750 15.
401 694 490 748 Nemo
508 712 557 749 cor
573 695 681 762 iudicet
697 695 728 748 in
746 695 823 765 cibo,
840 702 891 749 aut
904 700 992 763 potu,
1012 692 1110 747 autin
1133 695 1260 764 patients
1277 696 1360 749 multi
1377 704 1453 762 sunt,
1472 695 1802 765 quiindipnentur,quia
1814 694 1843 747 si
1858 693 1973 762 patitur

277 788 362 849 parte
389 781 449 833 diei
470 781 554 847 festi,
580 788 629 835 aut
650 782 824 850 neomeniae,
853 789 904 834 aut
922 781 1109 847 sabbatorum,
1139 782 1252 851 aliqrrid
1288 798 1372 834 unum
1410 783 1575 844 membrum,
1620 781 1825 849 compatiuntur
1868 777 1972 833 omnia

280 884 352 934 quae
369 874 433 920 sum
450 867 550 921 ambra
560 868 743 936 futurorum,
763 885 866 936 corpas
894 874 984 921 antem
1003 865 1112 921 Christi
1137 866 1324 937 Hieronymus
1341 867 1370 922 in
1389 883 1488 921 comm
1509 866 1627 936 primum
1646 866 1759 937 quidem
1770 864 1971 937 expositionem

279 952 337 1010 Col.
345 958 369 1023 2,
379 958 417 1009 16.
428 958 507 1007 etl'l.
521 952 631 1023 Excipit
643 952 835 1021 Bellarminus,
850 960 872 1010 t.
880 953 1030 1023 probabile
1043 967 1109 1022 esse,
1137 952 1212 1007 illam
1238 952 1336 1019 affert,
1364 969 1447 1023 quam
1467 952 1650 1007 Bellarminus
1668 952 1751 1006 unice
1779 956 1875 1022 urget,
1905 950 1971 1003 dum

280 1040 358 1107 quod
369 1039 482 1108 primm
491 1041 599 1108 prodas
610 1040 766 1103 affinitatis
778 1041 808 1093 in
821 1041 896 1094 linea
908 1047 987 1093 recta
999 1040 1107 1108 simpli·
1137 1055 1188 1110 per
1205 1056 1278 1108 eum,
1297 1039 1345 1109 qui
1362 1038 1491 1109 injuriam
1510 1055 1608 1108 passus
1626 1045 1681 1104 est,
1700 1036 1834 1108 iutelligit
1847 1045 1972 1106 patrem,

281 1126 349 1179 citer
360 1127 521 1195 prohibitus
532 1126 644 1196 sitjure
663 1128 862 1195 naturae,sed
875 1143 931 1180 non
945 1127 1010 1180 ideo
1025 1141 1110 1195 prae·
1137 1125 1187 1179 sed
1210 1126 1304 1180 statim
1329 1125 1412 1179 aliam
1435 1125 1565 1196 adjungit
1590 1122 1818 1195 explicationem,
1846 1138 1906 1194 qua
1922 1138 1972 1194 per

280 1220 360 1282 cepta
371 1212 721 1280 omniadepradibusesse
732 1212 963 1282 naturaliaque
975 1210 1109 1265 antimosi
1136 1228 1213 1282 eum,
1245 1213 1295 1281 qui
1321 1212 1416 1265 intulit
1445 1210 1596 1278 iniuriam,
1625 1209 1755 1280 intelligit
1785 1210 1971 1263 recommuni-

280 1300 399 1353 alterum
417 1306 458 1351 est
476 1298 617 1361 naturale.
657 1296 879 1369 Respondemus:
907 1297 1109 1353 Prohibitionss
1136 1307 1251 1362 cantem,
1271 1314 1321 1367 per
1339 1313 1409 1365 eum,
1430 1299 1480 1367 qui
1492 1314 1599 1365 passm
1617 1304 1665 1365 est,
1695 1296 1972 1363 excommunicatum,

279 1385 344 1439 illes
362 1401 456 1440 omnes
477 1389 542 1439 sunt
558 1384 682 1455 ciusdem
697 1385 815 1456 generis,
828 1383 894 1456 quia
904 1385 1110 1455 subjunguntur
1136 1384 1184 1437 cai
1204 1385 1350 1437 videbatur
1375 1383 1485 1451 injuria
1509 1383 1601 1446 faeta.
1640 1380 1868 1452 ‘theophylactus
1886 1380 1972 1436 refert

281 1469 406 1541 pueruli
422 1468 616 1541 propositioni:
641 1470 746 1523 Nullas
758 1472 800 1523 ad
810 1471 1004 1539 propinquam
1015 1469 1110 1521 carnis
1136 1470 1173 1524 ad
1191 1476 1371 1525 scortatores:
1418 1469 1505 1531 Quem
1533 1468 1604 1522 dicit
1625 1468 1763 1537 injuriam
1792 1467 1924 1522 intulisse
1947 1474 1972 1520 et

279 1573 348 1610 suae
373 1556 501 1621 accedat,
530 1560 627 1624 postea
647 1571 697 1624 per
715 1554 821 1625 species
848 1555 897 1609 illa
918 1555 1110 1626 propinquitas
1137 1556 1246 1626 injuria
1266 1557 1415 1626 affectum!
1435 1572 1483 1610 eos
1501 1556 1552 1626 qui
1562 1554 1708 1622 smnicati
1723 1562 1813 1609 nant.
1853 1554 1972 1622 Utrique

283 1642 438 1713 explicatur
464 1647 493 1695 et
509 1642 621 1696 tandem
638 1641 775 1713 generalis
798 1642 937 1696 conclusio
963 1641 999 1696 ad
1016 1657 1110 1696 omnes
1137 1643 1210 1696 enim
1241 1658 1271 1695 ss
1298 1651 1393 1697 mutuo
1419 1642 1530 1712 injurio
1556 1642 1718 1711 affecerant.
1777 1638 1972 1695 'theodoretus

280 1727 473 1800 prohibitionis
494 1728 601 1799 species
619 1728 760 1798 pertinens
778 1727 898 1783 suumn
916 1729 1022 1781 Anima
1039 1744 1110 1795 quae
1135 1730 1220 1799 patri
1236 1736 1345 1784 mortuo
1363 1729 1399 1784 eb
1418 1746 1458 1798 eo,
1473 1728 1521 1800 qui
1531 1743 1678 1783 novmcam
1690 1726 1815 1791 duxerat,
1832 1726 1971 1795 injuriam

279 1815 382 1879 feeerit
411 1829 444 1867 ea
468 1813 720 1867 abominationibus
746 1812 790 1866 bis
812 1814 973 1883 quippiam,
1004 1813 1111 1881 peribit
1136 1818 1244 1879 factam
1269 1816 1358 1878 fuisse
1378 1814 1490 1884 statuit,
1520 1814 1566 1869 oui
1594 1812 1758 1885 expositioni
1781 1811 1971 1867 Bellarminus

282 1902 427 1955 demedio
441 1900 546 1970 populi
562 1901 621 1967 asi,
647 1914 702 1969 quo
719 1897 844 1953 veritatis
865 1897 974 1971 iulgors
1000 1907 1111 1954 coactus
1137 1901 1241 1956 trusae
1257 1901 1310 1956 hoc
1329 1900 1454 1973 opponit,
1472 1900 1548 1972 quod
1563 1917 1619 1970 per
1633 1907 1749 1953 marten
1760 1900 1890 1953 solemur
1907 1915 1970 1954 con·

281 1986 465 2041 Bellarminus
495 1986 556 2057 ipse
585 1985 638 2040 hoc
670 1985 730 2041 loco
761 1984 903 2054 concedit,
935 1987 1029 2040 omnia
1058 1987 1112 2039 illa
1132 1989 1236 2058 japeto
1262 1989 1418 2053 mnodum,
1446 1988 1566 2055 ideoque
1595 1994 1705 2041 monuo
1727 2004 1784 2038 non
1805 1986 1905 2050 facem
1929 1986 1970 2039 in·

276 2080 433 2142 pramepta
463 2074 499 2125 de
539 2073 676 2139 prodibus
709 2072 884 2140 copnationis
918 2087 977 2125 esse
1014 2071 1111 2141 aliquo
1130 2076 1251 2144 jurium,
1268 2075 1318 2144 qui
1334 2075 1396 2143 eius
1414 2090 1528 2127 uxorem
1546 2073 1631 2128 ducit.
1662 2072 1728 2126 Alia
1744 2072 1819 2127 enirn
1834 2072 1908 2126 ratio
1928 2078 1971 2126 est

279 2161 363 2214 modo
399 2159 562 2223 naturalia,
590 2176 652 2211 cunt
684 2159 842 2227 propositio
878 2158 933 2212 illa
962 2158 1112 2227 pancratis,
1136 2162 1237 2216 viduae
1263 2162 1376 2217 alterius
1402 2162 1607 2231 cujuscunque,
1638 2159 1694 2214 alia
1722 2157 1824 2214 viduae
1847 2176 1866 2213 a
1889 2166 1971 2229 patre

279 2263 359 2300 nemo
391 2247 508 2299 accedat
537 2246 577 2299 ad
602 2246 765 2314 proximam
796 2244 944 2314 campomis
975 2245 1035 2311 sai,
1058 2245 1112 2313 jus
1135 2248 1259 2315 relictae,
1277 2248 1324 2317 qui
1347 2246 1421 2301 enim
1441 2246 1525 2301 aliam
1543 2263 1737 2318 quamcunque
1756 2246 1869 2300 viduam
1883 2245 1970 2309 ducit,

279 2340 399 2387 naturae
417 2330 631 2401 complectatur,
657 2338 686 2383 et
703 2331 734 2383 in
751 2330 872 2399 simpatia
888 2332 1048 2399 praeceptis
1075 2331 1111 2383 dc
1136 2350 1192 2390 non
1222 2332 1310 2389 afficit
1338 2333 1441 2404 injuria
1480 2334 1600 2404 priorem
1637 2333 1767 2387 maritum
1804 2331 1971 2387 defunctum

279 2420 414 2489 praelibas
427 2416 591 2471 vocabulum
608 2417 756 2489 turpitudo
776 2424 928 2486 repetatur.
964 2416 1024 2473 Nec
1044 2432 1110 2484 pro·
1136 2424 1249 2491 propter
1279 2420 1398 2474 solutum
1430 2417 1631 2473 matrimoniale
1658 2418 1814 2487 vinculum,
1844 2418 1897 2474 sed
1921 2417 1971 2487 qui

280 2508 370 2561 babile
393 2506 500 2569 solum,
527 2510 560 2559 ut
577 2503 759 2560 Bellaminus
783 2503 921 2574 loquitur,
948 2505 1000 2558 sed
1022 2503 1110 2572 plane
1135 2506 1223 2577 patris
1242 2506 1286 2560 sui
1304 2506 1417 2560 viduam
1436 2505 1531 2572 ducit,
1554 2505 1577 2557 is
1593 2514 1714 2576 propter
1727 2503 1972 2574 propinquitatem

280 2601 383 2649 certum
403 2600 429 2645 et
445 2592 633 2645 indubitatam
655 2597 713 2655 est,
736 2591 856 2661 primum
874 2591 992 2661 gradum
1019 2588 1109 2644 affini·
1135 2600 1200 2665 post
1224 2600 1340 2649 mortem
1365 2593 1453 2662 patris
1477 2592 1569 2647 adhuc
1597 2592 1744 2646 durantem
1761 2597 1869 2662 patrem
1888 2608 1971 2645 suum

280 2679 346 2736 tatis
373 2694 461 2749 aeque
482 2694 516 2731 ac
534 2677 653 2747 primum
672 2676 789 2747 gradum
812 2676 1060 2748 consanguinitatis
1080 2676 1109 2729 in
1135 2678 1288 2751 ignomimn
1319 2677 1414 2735 afficit.
1465 2677 1619 2748 Repetatur
1645 2678 1697 2732 hoc
1722 2678 1783 2733 loco
1807 2676 1909 2749 regula
1928 2683 1971 2735 16.

279 2766 352 2822 linea
372 2769 448 2821 recta
459 2765 523 2835 jure
541 2770 657 2819 naturas
673 2762 845 2833 prohibitam
862 2780 935 2833 esse,
960 2781 1024 2818 cum
1042 2779 1107 2832 apo·
1136 2766 1263 2837 superius
1294 2764 1448 2836 proposita,
1479 2764 1554 2836 qnod
1579 2765 1782 2835 propinquitas
1815 2772 1877 2819 tam
1904 2783 1971 2819 ecn-

281 2851 367 2909 sulus
385 2852 487 2907 diserte
504 2850 603 2919 addat,
630 2851 715 2904 talem
732 2851 950 2914 fornicationem
967 2866 1018 2903 nec
1034 2851 1107 2903 inter
1134 2853 1349 2923 canpainitatrs,
1400 2870 1484 2923 quam
1530 2853 1684 2921 affinitatis
1723 2870 1779 2906 uon
1818 2854 1972 2919 marim,

279 2946 374 3008 pentes
397 2937 504 2994 audiri.
548 2942 573 2992 2.
600 2935 752 2991 Probabile
775 2953 847 3003 esse,
872 2937 948 3004 quod
965 2936 1108 3005 apostolus
1135 2942 1247 2994 etiamsi
1274 2956 1330 3008 per
1357 2946 1472 2993 mortem
1505 2940 1623 2993 decedat
1648 2955 1790 3008 persona,
1824 2941 1972 2993 mediante

280 3026 412 3095 loquatur
432 3026 468 3077 de
486 3021 601 3092 aliquo,
624 3022 675 3090 qui
690 3038 837 3075 nouercam
861 3022 1028 3075 concubinae
1045 3021 1108 3074 loco
1135 3045 1191 3096 qna
1227 3024 1454 3093 consanpainitaa
1490 3025 1533 3079 cel
1571 3025 1702 3094 affinitas
1733 3032 1774 3078 est
1814 3034 1971 3079 connata.

279 3112 391 3165 baberet
408 3110 513 3163 virente
532 3108 625 3162 adbuc
633 3116 726 3177 patre,
747 3108 1108 3176 quodscelasnantantum
1134 3112 1315 3181 Expendatur
1353 3110 1436 3166 etiam
1474 3110 1544 3165 ratio
1573 3109 1603 3165 in
1640 3110 1705 3181 lege
1733 3110 1829 3165 divina
1858 3111 1971 3181 adjecta

281 3201 411 3261 incertae,
429 3198 479 3250 sed
497 3205 523 3250 ct
541 3196 712 3250 adulterium
723 3203 793 3263 erat,
810 3196 894 3263 idque
905 3196 1110 3262 pravissimum,
1135 3200 1202 3253 Lev.
1223 3202 1262 3265 18,
1282 3215 1308 3250 v.
1328 3202 1358 3252 8:
1376 3197 1443 3251 Non
1461 3196 1568 3250 reveles
1586 3197 1742 3251 nuditatem
1759 3197 1859 3251 weris
1874 3202 1969 3267 patris

282 3285 311 3340 id
329 3283 405 3356 quod
418 3280 566 3337 Anselmus
584 3286 613 3337 et
630 3280 752 3335 Thomas
769 3280 906 3352 eolligunt
924 3298 958 3336 ex
973 3286 996 3338 2.
1010 3280 1072 3335 Cor.
1086 3288 1110 3347 t,
1136 3285 1186 3352 tui,
1200 3285 1315 3338 nudius
1333 3283 1406 3336 enim
1420 3283 1515 3351 patris
1533 3282 1578 3335 tui
1587 3289 1637 3350 est,
1656 3299 1729 3353 quae
1738 3282 1809 3337 ratio
1827 3284 1970 3355 generalis

280 3388 307 3427 v.
327 3376 374 3425 12:
395 3368 506 3437 Sm'tm'
520 3367 597 3421 vobit
615 3386 671 3420 ’¹0⁷¹
683 3375 805 3436 propter
822 3385 890 3432 tum,
908 3367 957 3436 4²¹5
970 3367 1042 3431 steti
1068 3368 1110 3420 ²7⁷⁸·
1136 3376 1179 3427 est
1196 3370 1232 3424 sd
1250 3386 1365 3425 uxorem
1383 3368 1471 3439 patris
1487 3374 1546 3422 tum
1563 3368 1671 3437 mortui,
1690 3374 1750 3421 urm
1767 3368 1890 3425 viventis
1908 3388 1969 3439 per-

275 3458 397 3527 jurium,
416 3471 466 3507 nec
481 3461 600 3524 propter
619 3469 695 3522 eum,
720 3454 770 3521 qui
786 3470 889 3521 parares
909 3460 949 3505 est
966 3453 1110 3522 iujuriam,
1137 3460 1239 3522 tineus,
1269 3456 1343 3527 quod
1368 3472 1510 3526 nunquam
1527 3470 1631 3525 negare
1656 3456 1760 3525 poterit
1775 3455 1970 3513 Bellarminua

281 3546 332 3597 sed
348 3544 389 3595 ad
399 3541 639 3603 manifestandam
649 3538 857 3593 solicitudinem
872 3546 1007 3606 nostram,
1027 3556 1111 3607 quam
1138 3546 1271 3614 Disputat
1288 3541 1451 3596 Aristoteles
1471 3541 1518 3596 lib.
1550 3545 1571 3595 1.
1590 3539 1672 3597 ethic.
1693 3558 1717 3596 e.
1738 3546 1779 3597 11.
1799 3546 1913 3611 mapnis
1930 3547 1970 3599 ci-

281 3630 414 3685 babtmut
434 3645 490 3698 pto
517 3627 602 3681 vobit·
641 3626 717 3678 Nam
742 3625 781 3688 ft,
807 3625 857 3693 Ψ·
874 3627 945 3692 fffl'i
968 3625 1111 3695 injur-tam,
1136 3649 1233 3685 corum
1257 3628 1463 3683 calamitatibus
1488 3635 1613 3681 mortuos
1639 3629 1847 3695 quodammodo
1871 3632 1971 3701 aspiri,-

283 3727 324 3772 ωε
345 3717 422 3783 filins
449 3716 634 3781 immtaonss,
659 3712 709 3780 qni
725 3728 788 3765 eam
803 3712 933 3782 pertulit,
958 3718 999 3767 ert
1018 3721 1111 3782 pater,
1138 3720 1241 3788 quanto
1259 3714 1348 3785 magis
1366 3712 1422 3767 dici
1439 3719 1539 3784 potest,
1556 3713 1670 3785 flagitiis
1687 3714 1717 3768 in
1738 3714 1865 3771 defuncti
1883 3718 1971 3788 patris

167 3816 210 3861 xv.
223 3816 270 3861 stt.
283 3806 365 3873 caius
391 3820 462 3857 acor
478 3800 586 3855 oetam
609 3808 658 3854 est.
700 3796 926 3869 Respondemus:
959 3806 983 3857 t.
1008 3798 1112 3855 sufficit
1137 3802 1249 3855 viduam
1278 3798 1429 3857 communis
1455 3800 1603 3870 ipsummet
1623 3806 1731 3871 patrem
1757 3800 1863 3873 injurie
1887 3803 1969 3861 affici.

283 3891 372 3955 nobis,
392 3888 467 3962 quod
484 3886 669 3942 Bellarminus
688 3886 824 3954 concsffit,
844 3887 976 3940 incestum
994 3902 1067 3951 esse,
1085 3889 1113 3941 si
1138 3888 1194 3945 Sed
1216 3887 1298 3942 redeo
1316 3886 1352 3940 ad
1371 3891 1477 3943 textum
1499 3885 1689 3957 apostolicum,
1707 3888 1755 3959 qui
1766 3887 1971 3961 simplicissime

283 3980 346 4048 quis
376 3993 523 4032 nccmcam
551 3992 631 4028 neam
660 3975 747 4028 etiam
773 3982 839 4045 post
875 3981 990 4029 mortem
1014 3976 1112 4043 patris
1138 3974 1237 4045 exponi
1259 3978 1351 4043 potest
1376 3972 1430 4027 hoc
1455 3972 1550 4028 modo:
1582 3972 1643 4027 Etsi
1671 3973 1750 4029 vohis
1766 3974 1867 4045 scripsi
1886 3977 1970 4046 paulo

283 4069 377 4121 ducat
426 4063 514 4135 Atqui
545 4062 666 4117 incestus
695 4060 876 4116 committitur
901 4065 996 4116 conae
1022 4062 1110 4132 legem
1139 4060 1274 4128 serenus,
1300 4066 1394 4114 amen
1420 4058 1450 4113 id
1480 4059 1585 4114 tactum
1613 4065 1656 4115 est
1687 4077 1744 4115 non
1761 4068 1878 4131 propter
1898 4080 1970 4130 cum,

282 4158 405 4209 naturae.
451 4148 527 4221 Ergo
550 4148 595 4203 lex
620 4146 769 4220 prohibens
792 4147 954 4219 conjugium
980 4165 1044 4203 cum
1063 4166 1110 4205 no·
1139 4149 1188 4216 qui
1207 4150 1344 4211 laeserat,
1371 4144 1461 4200 idest
1481 4151 1512 4198 ut
1531 4161 1608 4209 eum,
1638 4144 1686 4216 qui
1703 4145 1852 4202 ecelesiam
1879 4154 1909 4203 st
1926 4168 1970 4205 me

282 4257 364 4299 raca
387 4236 508 4309 pertinet
534 4235 572 4289 ad
599 4242 712 4290 natmae
729 4233 827 4305 legem.
877 4239 900 4289 t.
927 4233 1111 4291 Bellarminus
1138 4239 1190 4294 isto
1217 4234 1320 4290 scelere
1346 4231 1468 4303 graviter
1492 4230 1659 4301 offendant,
1686 4232 1723 4287 ad
1747 4232 1988 4305 desperationem·

284 4345 363 4385 suam
385 4323 540 4397 opinionem
565 4337 620 4376 non
645 4319 747 4391 probat
769 4319 890 4375 evidenti
912 4320 1004 4391 aliquo
1027 4340 1112 4395 argu-
1138 4325 1291 4395 redigerem,
1319 4336 1369 4373 nso
1386 4325 1502 4389 propter
1519 4334 1594 4388 eum,
1616 4319 1665 4387 qui
1684 4320 1778 4375 laesus
1793 4322 1909 4391 mat,
1939 4327 1968 4380 id

284 4420 385 4472 mento.
420 4411 501 4476 Quod
517 4408 591 4464 enim
608 4408 708 4463 attinet
723 4406 815 4462 locum
826 4423 860 4463 ex
877 4413 901 4462 2.
916 4406 977 4463 Cor.
997 4414 1112 4475 t,v.12.
1138 4419 1181 4469 est
1198 4417 1230 4466 ut
1247 4424 1338 4464 meum
1356 4423 1423 4476 erga
1437 4404 1530 4477 ipsum
1545 4406 1667 4460 animum
1684 4406 1807 4462 vindicta
1818 4411 1969 4481 explerem,

284 4502 446 4563 adductum,
464 4513 528 4552 eum
539 4494 752 4564 chrysostomus
770 4492 843 4550 hom.
859 4492 938 4549 rain
950 4500 975 4551 t.
988 4493 1111 4556 Corinth.
1139 4497 1263 4571 quamvis
1281 4495 1327 4550 ille
1345 4494 1381 4549 ad
1393 4495 1498 4563 justam
1517 4493 1587 4547 iram
1608 4510 1653 4549 me
1676 4504 1892 4567 provocaverim
1918 4502 1968 4557 ced

283 4588 368 4645 refert
384 4585 422 4640 ad
439 4583 591 4639 orciniam.
630 4581 754 4633 Timebat
772 4579 884 4651 (inquit)
903 4582 1057 4652 apostolus,
1077 4602 1110 4638 ne
1138 4591 1171 4640 ut
1200 4583 1430 4649 manp‘estarctur
1456 4581 1580 4634 studium
1607 4588 1726 4634 aestum
1747 4597 1819 4652 erpa
1842 4601 1908 4655 nos,
1940 4587 1968 4641 id

283 4675 365 4729 iliam
383 4669 551 4741 teselniam)
575 4669 680 4724 malum
705 4685 794 4736 supra
811 4669 925 4721 modum
950 4671 1112 4739 depasceret
1137 4679 1180 4728 est
1206 4679 1239 4726 ut
1267 4686 1316 4723 roe
1343 4668 1505 4732 excitarem,
1535 4684 1591 4738 quo
1624 4684 1655 4722 re
1684 4667 1746 4738 ipss
1776 4671 1971 4741 ostenderetis,

284 4770 309 4815 et
336 4767 469 4830 perperat
501 4765 587 4812 totam
611 4756 725 4811 laedae
750 4755 903 4810 ecclmiam.
948 4755 1111 4813 Ambrosius
1138 4758 1234 4831 quanti
1250 4757 1450 4813 admonitiones
1468 4761 1577 4811 nostm
1595 4756 1763 4826 apostolicas
1779 4756 1892 4814 iaciens
1919 4766 1968 4816 eta

282 4847 312 4902 in
341 4863 438 4900 comm.
466 4843 632 4916 generaliter
656 4842 692 4896 ds
715 4842 820 4897 mutuis
838 4840 1041 4897 Corinthiorum
1070 4845 1110 4899 in·
1138 4854 1162 4902 3.
1187 4846 1285 4915 Longe
1315 4842 1490 4897 verisimilius
1524 4847 1580 4909 est,
1612 4842 1686 4914 quod
1714 4848 1825 4900 mortno
1859 4846 1969 4903 demum

279 4933 360 5002 juriis
389 4931 515 5002 exponit:
548 4931 649 5000 Inique
687 4937 828 4984 casatum
865 4930 1009 4998 apostolus
1041 4930 1111 4985 dicr't
1137 4938 1217 5002 patre
1246 4930 1418 4985 incestuosus
1449 4929 1496 4985 ille
1522 4927 1680 4983 Corinthius
1710 4946 1859 4988 novercam
1890 4950 1969 4989 suam

282 5018 377 5087 illam
406 5020 457 5088 qui
473 5021 605 5073 incestum
622 5016 793 5081 admiserat,
818 5030 869 5068 nec
886 5033 942 5068 non
959 5016 1043 5070 etiam
1060 4990 1125 5071 bosi
1139 5016 1254 5084 duxerit,
1274 5017 1363 5088 primo
1382 5015 1455 5072 enim
1472 5015 1509 5069 sd
1528 5014 1731 5084 copulationem
1744 5014 1823 5071 illam
1834 5017 1968 5075 incestam

281 5107 379 5174 turpis,
398 5123 466 5175 quos
478 5105 601 5175 injurias
619 5111 645 5157 ct
658 5104 781 5167 fraudes
798 5102 941 5166 fratribus
968 5103 997 5154 in
1011 5103 1111 5170 prima
1122 5094 1125 5137 ἶ
1137 5101 1321 5158 munivebant
1343 5101 1493 5169 Cormthii,
1517 5100 1612 5171 ecquis
1630 5117 1696 5156 rero
1724 5107 1783 5156 tam
1800 5102 1969 5176 profligatae

282 5192 402 5261 epotata
426 5194 528 5255 fecisse
553 5191 701 5260 sipnificat.
748 5188 785 5243 Et
809 5193 920 5259 postea:
950 5189 992 5241 Hi
1015 5189 1109 5258 inique
1139 5190 1271 5245 cadmiae
1295 5206 1342 5244 eos
1367 5188 1453 5244 fuisse
1480 5186 1631 5255 existimet,
1662 5192 1694 5241 at
1712 5188 1967 5246 msmtamsimum
2003 5203 2005 5208 ·

283 5279 400 5332 tractam
417 5284 489 5346 sunt,
508 5278 558 5346 qui
576 5295 595 5331 a
611 5276 751 5340 fratribus
775 5275 921 5329 sacraria
936 5274 1021 5343 passi
1036 5284 1109 5332 sant.
1135 5276 1204 5330 illud
1230 5276 1319 5349 patris
1345 5291 1379 5330 aa
1405 5273 1456 5328 lilii
1483 5290 1540 5328 uns
1557 5274 1673 5330 muliere
1695 5274 1873 5332 mannaan
1892 5276 1969 5333 adul-

283 5365 338 5419 Hic
357 5376 454 5417 sensas
474 5372 530 5427 est,
551 5378 631 5431 mem
646 5362 677 5415 in
695 5362 788 5430 capite
805 5362 941 5429 sporum
967 5372 1108 5433 mmorat,
1139 5364 1239 5420 terium
1256 5364 1376 5420 tolerare
1392 5360 1551 5416 voluerint?
1594 5360 1703 5417 Deinde
1720 5362 1866 5433 apostolus
1883 5362 1969 5421 haud·

280 5450 329 5505 abi
345 5450 422 5519 diest,
439 5451 466 5504 si
481 5450 527 5505 essi
542 5449 655 5517 abqrdd
673 5449 816 5515 mnata,
840 5456 867 5503 ct
883 5464 943 5518 epo.
980 5452 1108 5507 Ostendis
1134 5468 1274 5524 quaquam
1294 5446 1536 5521 praetermissurus
1552 5447 1665 5519 suasu,
1682 5450 1750 5521 quin
1766 5458 1879 5521 pausm
1896 5452 1970 5523 ejus·
