4020 6022
856 222 1125 285 6666616616.
1783 241 1841 298 sss
1939 272 1942 276 ,

145 377 264 446 innupta
285 385 473 448 6666661661
499 379 614 448 conjupi
639 378 841 442 reconcilietur,
867 374 1078 441 61Β61·ἷ61116.
1107 381 1162 434 div.
1179 397 1240 452 cap.
1262 388 1303 437 19.
1333 381 1439 437 Β6166
1457 383 1486 436 16
1503 398 1564 454 666.
1587 389 1626 440 10.
1647 383 1731 440 Mara
1753 384 1843 439 eonci-

143 462 711 535 1661116666.1161666616666166161,
743 463 792 519 sed
820 462 914 533 potius
940 446 1074 518 reilium
1119 465 1309 536 Forojulieuse
1348 483 1408 521 666.
1454 473 1492 522 10.
1532 466 1774 538 Theophylactum
1812 468 1842 522 in

144 555 226 604 vocat
244 564 306 603 eam
331 549 367 603 61
392 549 658 616 reconciliationem,
685 549 751 619 qnia
776 567 832 603 nun
854 555 911 602 tam
930 534 1230 621 66·,666.19.Μ61111.
1248 552 1323 608 etin
1341 558 1363 608 1.
1382 552 1443 607 Cor.
1462 552 1843 610 166661116611666616666

39 666 44 672 -
143 635 322 704 probationis
353 635 397 690 rel
420 635 616 705 permissionis
644 651 727 706 quam
760 634 916 687 territionis
948 628 1067 688 666611
1099 641 1139 691 12.
1167 636 1350 692 Ausbelmum
1379 638 1410 693 iu
1437 654 1497 708 666.
1529 645 1553 693 t.
1591 646 1619 693 61
1655 645 1693 695 19.
1740 637 1840 695 1161111.

145 721 367 775 commutationis
385 737 438 775 vox
456 727 505 788 est,
525 729 638 774 maneat
657 721 776 789 innupta
795 729 843 773 aut
863 717 978 771 virore·
1008 719 1197 776 Alexandrum
1224 721 1277 777 111.
1309 722 1468 792 pontificem
1494 724 1524 777 in
1548 739 1572 780 c.
1592 729 1632 778 11.
1656 729 1736 795 66116
1760 742 1785 777 x.
1804 722 1839 778 de

144 807 318 875 concilietur,
334 806 365 860 id
384 816 425 862 est
444 806 508 862 talis
526 807 660 861 desertrix
688 805 791 859 frustra
815 804 995 885 potestatemq
1008 822 1099 875 66666.
1117 812 1146 862 61
1164 807 1318 865 matrimon.
1347 808 1539 863 Innocentium
1557 807 1610 864 111.
1634 824 1657 863 c.
1680 808 1842 863 (1166166166

144 909 178 949 66
206 909 284 961 6666
314 892 378 947 novi
405 892 571 947 matrimonii
603 891 657 947 sibi
691 891 818 959 somniat,
856 889 979 961 quinimo
1009 890 1044 945 16
1063 891 1196 961 divortiis,
1214 892 1340 948 doctores
1357 892 1547 958 scholasticos,
1565 892 1713 948 concilium
1728 894 1841 948 Floren-

145 979 224 1047 scist,
241 977 296 1033 sibi
312 979 342 1032 in
359 983 495 1048 perpetuo
511 977 650 1034 coelibatu
667 978 816 1032 visendum
847 993 914 1040 esse,
930 975 982 1030 nisi
1008 977 1097 1031 tinum
1124 978 1154 1031 in
1179 978 1304 1032 16611661
1326 977 1438 1034 Armen.
1463 995 1496 1033 ac
1521 978 1633 1033 166166
1653 978 1736 1032 etiam
1753 978 1842 1032 conci·

146 1063 205 1118 viro
224 1080 275 1117 suo
292 1062 361 1118 velit
378 1063 558 1118 rscdnciliari.
592 1064 654 1126 Quo
675 1063 803 1133 pertinet,
823 1063 899 1133 quod
915 1061 980 1115 Tar·
1008 1063 1075 1117 lium
1098 1063 1291 1118 Tridentinum
1318 1081 1384 1118 sess.
1411 1069 1454 1121 21.
1484 1081 1544 1119 666.
1563 1072 1586 1120 1.
1631 1063 1842 1134 Respondemus

146 1147 244 1203 novius
261 1148 322 1202 libr.
344 1154 368 1202 3.
389 1149 426 1201 de
442 1149 561 1202 matrim.
582 1165 605 1202 6
627 1156 649 1204 9.
670 1155 698 1202 61
716 1154 756 1203 28.
788 1162 821 1201 ex
844 1146 930 1202 Suida
955 1152 983 1199 et
1012 1155 1034 1204 1.
1066 1147 1095 1201 in
1121 1165 1234 1217 penore:
1270 1153 1290 1204 1.
1323 1148 1414 1204 Unica
1435 1149 1577 1203 doctrinae
1595 1148 1721 1203 coelestis
1745 1148 1851 1222 regula

39 1233 70 1275 rt
87 1232 132 1273 ¹⁶⁴³·
146 1232 208 1286 aliis
225 1232 387 1288 auctoribus
412 1233 590 1301 demonstrat,
612 1233 779 1302 particulam
802 1230 819 1301 ἤ
847 1248 903 1286 666
922 1248 982 1286 esse
1007 1233 1123 1288 verbum
1143 1240 1192 1288 661.
1226 1233 1269 1286 Ex
1295 1250 1351 1289 uuo
1373 1233 1486 1287 Domini
1512 1233 1597 1288 verbo
1616 1232 1753 1304 sapientia
1768 1249 1841 1289 6616.

146 1325 281 1389 66166166
298 1318 492 1388 destinauerit,
512 1319 720 1388 disjunctivam,
747 1318 796 1373 sed
817 1317 981 1389 quaudoque
1009 1319 1135 1387 Spiritus
1151 1320 1243 1372 sancti
1270 1319 1402 1372 doctrina
1422 1327 1562 1388 estquod
1585 1319 1728 1372 canonicis
1752 1319 1842 1372 literis

147 1403 356 1474 διασαφητικήν,
378 1404 540 1474 6166661116
564 1404 592 1457 16
612 1403 875 1473 comparationibus.
914 1401 979 1458 Vid.
1008 1411 1048 1457 est
1063 1405 1208 1472 praedita,
1237 1412 1334 1457 contra
1360 1421 1443 1472 quam
1469 1404 1496 1457 si
1521 1404 1591 1474 quid
1620 1411 1746 1457 statuunt
1778 1419 1841 1457 con·

148 1490 454 1553 11661166661161.1.
474 1496 518 1546 10.
555 1496 579 1545 1.
602 1489 633 1542 Si
651 1488 792 1560 apostolus
822 1489 980 1557 loqueretur
1007 1490 1084 1553 cilia,
1103 1491 1187 1553 nefas
1206 1490 1288 1553 duco,
1314 1489 1354 1542 ait
1376 1488 1562 1560 Hieronymus
1580 1489 1609 1542 in
1625 1505 1687 1561 666.
1706 1496 1729 1546 1.
1748 1487 1841 1562 Galat.

148 1576 184 1630 16
208 1575 375 1632 discessione
400 1575 436 1630 ob
466 1574 683 1637 fornicationem,
716 1574 819 1629 1166116
843 1573 978 1628 66611611-
1006 1577 1070 1643 Epo
1088 1575 1158 1630 solis
1176 1575 1237 1629 illis
1256 1575 1470 1644 Scripturarum
1494 1575 1585 1642 libris,
1612 1576 1841 1644 6611666666-

147 1667 222 1716 66161
240 1660 358 1728 Christo,
376 1661 424 1732 qui
442 1659 626 1727 11611156.
647 1665 688 1715 32.
706 1667 775 1714 616.
799 1665 837 1722 19,
854 1676 880 1714 v.
899 1666 924 1714 9.
942 1658 978 1713 ob
1006 1662 1065 1714 nici
1082 1661 1274 1730 appellantur,
1299 1661 1371 1714 tunc
1402 1662 1534 1715 honorem
1552 1668 1579 1714 et
1603 1663 1731 1715 timorem
1751 1660 1843 1714 didici

145 1744 356 1803 fornicationem
390 1746 587 1800 discessionem
626 1744 761 1800 66666111.
809 1745 852 1798 Ac
883 1743 906 1797 si
935 1742 979 1798 rel
1006 1748 1130 1813 deterre
1149 1753 1179 1799 ut
1204 1747 1312 1799 nullum
1335 1762 1432 1800 eorum
1455 1755 1598 1801 auctorem
1620 1747 1767 1801 enitendo
1788 1746 1842 1799 ali·
1906 1734 1910 1749 '

142 1832 261 1888 maxime
292 1830 432 1887 Pontificii
457 1831 584 1902 excipere
610 1829 706 1897 velint,
737 1829 879 1884 0111161666
910 1831 978 1882 dun·
1005 1831 1077 1898 quid
1105 1848 1215 1885 errasse
1242 1832 1404 1900 firmissime
1426 1834 1548 1903 credam,
1581 1833 1655 1887 alios
1680 1838 1772 1886 autem
1798 1831 1839 1884 ita

143 1925 220 1970 sasas
239 1919 335 1986 66661
354 1924 454 1986 torum,
471 1935 526 1971 non
547 1924 639 1970 nutem
659 1918 757 1984 quoad
774 1915 915 1968 uinculum
935 1915 977 1967 di·
1004 1915 1074 1985 1666,
1101 1924 1132 1970 ut
1159 1916 1332 1986 quantalibet
1361 1917 1510 1971 scnemata
1540 1918 1724 1986 doctrinaque
1751 1932 1838 1985 prae·

142 2003 262 2057 sortium
276 2003 347 2071 fieri
359 2002 529 2074 permisisse,
547 2002 670 2057 nondum
688 2007 782 2055 tamen
794 1998 976 2054 contradictio
1000 2001 1136 2070 66116661,
1155 2003 1293 2057 6661166
1314 2019 1409 2057 666666
1423 2011 1529 2072 putem,
1555 2004 1700 2074 66161661
1718 2002 1759 2055 ita
1778 2019 1838 2056 sen·

142 2088 194 2144 erit
220 2088 340 2153 sublata,
371 2087 438 2159 quia
461 2088 603 2158 apostolus
628 2088 729 2142 diserte
754 2085 789 2142 16
809 2085 976 2140 discessione
1002 2095 1106 2156 semnt,
1136 2090 1188 2141 scd
1210 2089 1279 2157 quia
1301 2089 1371 2143 ruiti
1390 2091 1435 2143 uel
1460 2104 1516 2161 per
1538 2089 1604 2143 illos
1628 2095 1765 2159 auctores,
1794 2090 1837 2143 uel

142 2173 272 2246 loquitur.
315 2174 389 2229 Uror
406 2191 463 2227 non
487 2174 618 2226 discedat
636 2190 656 2226 a
670 2174 741 2240 niro,
770 2173 890 2226 maritus
919 2189 976 2223 non
1000 2173 1145 2242 probabili
1164 2174 1264 2243 aliqua
1288 2176 1408 2243 ratione,
1435 2177 1513 2246 quod
1531 2193 1551 2229 6
1569 2175 1685 2229 ueritate
1710 2192 1767 2228 non
1790 2176 1837 2228 ab·

142 2261 267 2313 dimittat
290 2276 412 2313 urrerem.
448 2258 598 2328 Apostolus
624 2258 747 2328 loquitur
777 2257 822 2310 vel
852 2257 888 2311 de
920 2255 974 2310 dis-
1003 2259 1125 2326 torreat,
1150 2263 1327 2329 persuadere
1353 2269 1512 2331 potueruut,
1543 2261 1635 2332 inquit
1662 2260 1837 2331 Augustinus

141 2344 266 2400 66661666
284 2346 380 2413 quoad
395 2344 544 2406 vinnium,
561 2344 606 2397 rel
630 2343 665 2399 16
690 2342 859 2398 discessione
876 2343 973 2413 quoad
1003 2345 1082 2415 epist.
1104 2352 1143 2401 19.
1163 2345 1200 2399 61
1217 2345 1330 2401 Η16166.
1351 2361 1435 2416 quam
1455 2362 1516 2401 6666
1534 2345 1700 2401 catholicam
1711 2345 1835 2401 omnium

141 2438 240 2486 tamn.
279 2430 309 2484 Si
334 2429 421 2500 prins,
445 2428 593 2499 probatum
623 2428 676 2484 6111
709 2429 858 2483 divortium
884 2428 975 2499 quoad
1003 2447 1066 2485 vere
1098 2430 1304 2487 Catholicorum
1335 2432 1480 2487 doctorum
1508 2431 1673 2488 sententiam
1700 2448 1751 2486 suo
1776 2432 1837 2488 loco

142 2516 292 2571 vinculum.
328 2515 359 2570 Si
377 2513 528 2584 posterius,
558 2513 630 2567 16166
649 2518 782 2584 provocat
816 2514 853 2568 ad
892 2513 976 2568 rerba
1003 2516 1258 2588 demonstravimus.
1295 2523 1319 2573 2.
1351 2517 1409 2588 1661
1431 2516 1569 2573 Pontificii
1601 2518 1629 2571 in
1659 2518 1783 2575 conciliis
1809 2523 1838 2575 61

132 2600 253 2671 Christi,
272 2601 402 2672 quicum
429 2600 463 2654 16
488 2598 605 2653 divortio
630 2599 800 2654 iudaeorum
824 2599 976 2671 interroga·
1001 2601 1128 2670 patribus
1160 2616 1265 2658 errores
1298 2603 1432 2673 quosdam
1463 2609 1628 2674 agnoscunt,
1657 2620 1710 2659 nec
1742 2621 1836 2659 eorum

142 2693 225 2756 retur,
245 2687 281 2742 de
306 2684 404 2740 iisdem
430 2684 581 2755 respondit,
608 2686 669 2755 jam
699 2702 766 2739 sero
785 2685 901 2740 Judacis
921 2684 975 2739 dis·
1002 2687 1194 2742 auctoritatem
1220 2687 1367 2758 recipiunt,
1392 2687 1447 2743 nisi
1472 2696 1608 2759 quatenus
1632 2690 1751 2745 Romani
1767 2686 1964 2760 666-111·111

140 2773 278 2828 cessiones
303 2771 394 2844 quoad
418 2779 509 2827 torum
539 2777 648 2826 tantum
671 2771 831 2844 incognitas
856 2772 975 2828 1661661
1002 2772 1085 2828 tificis
1104 2773 1257 2828 6661661166
1280 2789 1331 2843 661
1356 2772 1448 2828 omnia
1470 2773 1653 2842 consentiunt,
1679 2773 1838 2845 relinquant

142 2867 164 2915 5.
187 2859 325 2930 Psrquam
350 2857 501 2912 absurdum
519 2861 569 2927 661,
591 2857 667 2928 quod
684 2857 869 2913 Bellarminus
886 2876 911 2914 c.
934 2865 973 2915 11.
1001 2858 1088 2930 igitur
1106 2859 1186 2915 nobis
1212 2859 1288 2913 illam
1312 2858 1476 2928 libertatem,
1499 2865 1532 2915 ut
1554 2859 1671 2930 Spiritus
1694 2859 1784 2914 sancti
1807 2859 1837 2915 in

141 2946 273 3017 disputat,
299 2943 459 3013 apostolum
487 2961 542 2998 non
575 2944 655 3013 loqui
682 2946 718 2997 de
747 2947 846 2999 eadem
872 2946 975 2999 (116666-
1001 2944 1145 3016 Scriptura
1163 2944 1201 3000 61
1222 2963 1272 3000 nos
1296 2944 1433 3016 loquentis
1457 2945 1612 3000 sententiae
1637 2945 1753 3000 eandem
1771 2943 1837 3000 sub·

141 3033 219 3086 sione
237 3048 260 3086 r.
282 3035 320 3087 10.
339 3032 429 3107 6111.
450 3030 481 3082 in
500 3029 599 3099 priore
620 3031 693 3084 eninr
716 3031 809 3101 ipsum
829 3048 913 3099 apere
938 3034 973 3085 de
997 3031 1127 3102 jiciamus
1148 3034 1176 3086 61
1191 3032 1273 3101 juxta
1292 3029 1369 3085 verbi
1387 3030 1563 3084 6616166116
1589 3029 1699 3085 illorum
1718 3028 1837 3085 decretis

140 3118 309 3172 discessione
338 3117 455 3185 injusta,
487 3117 517 3169 in
545 3117 701 3186 posteriorc
734 3119 769 3171 ds
804 3118 974 3171 discessione
1003 3123 1031 3172 et
1058 3117 1148 3172 616116
1175 3117 1341 3187 judicemus.
1377 3119 1401 3170 3.
1432 3115 1479 3169 Ad
1512 3115 1669 3171 unanimem
1705 3114 1856 3177 eeclesiae,

134 3205 226 3272 y'nsta.
261 3202 301 3257 At
331 3218 402 3273 quae
432 3218 481 3272 661
508 3203 599 3257 Deum
627 3202 809 3258 1666116166
835 3202 905 3258 haec
933 3208 976 3259 661
1001 3219 1165 3258 consensum
1188 3201 1430 3258 demonstrandum
1456 3217 1513 3255 non
1538 3199 1642 3256 suffieit
1660 3202 1837 3270 quorundam

142 3288 280 3362 συνάφεια
303 3293 331 3343 61
349 3290 476 3356 συνέχεια
493 3286 523 3342 16
542 3294 619 3342 textu
632 3288 802 3358 apostolico?
820 3290 974 3359 Praecipio
1002 3289 1138 3344 duntaxat
1156 3293 1268 3359 patrum
1285 3287 1450 3342 sententiam
1469 3285 1577 3350 616116,
1606 3286 1655 3342 661
1678 3284 1836 3356 requiritur,

140 3391 255 3429 uxorem
272 3392 328 3429 non
347 3373 491 3428 discedere
511 3392 530 3427 a
547 3374 607 3427 uiro
625 3378 704 3428 extra
725 3391 838 3429 eausam
854 3375 972 3430 fornica·
1003 3382 1034 3428 ut
1070 3391 1163 3429 omnes
1196 3391 1251 3428 uno
1289 3389 1337 3428 616
1373 3372 1443 3426 illud
1475 3371 1628 3427 affirmasse
1665 3371 1835 3426 ostendatur.

140 3460 231 3522 116616,
249 3460 276 3512 61
288 3467 381 3513 antem
399 3460 559 3514 discesserit
578 3459 614 3513 ob
629 3459 849 3525 fornicationem,
861 3467 973 3513 maneat
1002 3466 1028 3516 1.
1047 3458 1225 3523 Quorundam
1241 3476 1275 3514 ex
1293 3457 1459 3530 antiquitate
1480 3465 1509 3513 61
1531 3456 1656 3513 Graecae
1677 3455 1835 3528 cumprimis

139 3547 278 3615 innupta!
307 3545 374 3615 quin
400 3545 455 3600 imo
485 3551 634 3616 utrumqne
662 3545 815 3600 membrum
850 3545 886 3599 16
916 3563 973 3599 666
1002 3545 1135 3601 ecclesiae
1153 3546 1184 3599 in
1201 3544 1254 3599 1166
1272 3544 1434 3615 quaestione
1452 3543 1617 3614 suffragium
1632 3543 1744 3615 16616161
1761 3541 1834 3597 Ρ66-

140 3632 292 3702 eademque
311 3631 477 3686 discessione
495 3634 574 3684 extra
591 3646 703 3685 causam
719 3632 826 3701 justam
843 3630 974 3686 videlicet
1002 3631 1079 3686 tificii
1124 3631 1203 3687 nobis
1246 3630 1410 3702 largiuntur.
1461 3630 1601 3698 Alciatus,
1645 3626 1835 3693 Cavarruvias,

140 3717 329 3773 fornicationis
357 3717 427 3789 agit,
449 3732 482 3769 ac
504 3717 594 3786 primo
623 3717 734 3787 quidem
752 3717 894 3787 apostolus
911 3734 972 3787 pro·
1002 3717 1095 3772 Sixtus
1112 3715 1250 3779 Senensis,
1267 3716 1408 3783 Erasmus,
1427 3704 1601 3777 Catbarinus,
1615 3712 1765 3782 cajetanus
1782 3717 1835 3767 ete.

138 3802 225 3872 hibet,
251 3820 307 3856 non
332 3801 434 3857 debere
457 3801 541 3856 talem
564 3802 761 3857 discessionem
786 3802 854 3871 fieri,
876 3811 974 3874 666166
1001 3820 1056 3857 666
1083 3801 1244 3864 diffitentur,
1274 3800 1410 3871 quosdam
1434 3816 1468 3854 ex
1493 3798 1619 3870 patribus
1644 3797 1836 3854 vetustissimis

139 3888 260 3944 ostendit
275 3888 428 3943 remedium
454 3887 693 3957 reconciliationis,
718 3887 741 3941 si
762 3887 797 3942 de
815 3887 891 3942 facto
908 3888 972 3941 talis
1001 3894 1112 3943 nostrae
1125 3885 1280 3941 6661661166
1294 3883 1464 3957 ὁμοψήφους
1478 3901 1545 3940 esse.
1566 3891 1591 3941 5.
1604 3884 1748 3948 Quaedam
1758 3883 1835 3939 16611-

139 3975 269 4030 discessio
290 3973 442 4044 contingat,
461 3990 495 4028 66
515 3974 755 4028 comminationem
767 3973 895 4044 perpetui
912 3989 975 4028 coe
1002 3975 1094 4029 monis
1113 3979 1212 4026 sunta
1230 3971 1392 4044 quaestione
1411 3969 1509 4043 611666,
1536 3970 1673 4042 quaedam
1695 3968 1835 4038 ambigua,
1894 4018 1897 4025 ,

139 4061 240 4116 libatus
268 4059 355 4129 addit,
382 4060 495 4129 si.pars
520 4059 621 4129 injuste
649 4059 795 4114 discedens
813 4059 972 4115 reconcilia·
1001 4059 1136 4130 quaedsm
1167 4064 1263 4130 utpote
1292 4057 1446 4113 recentiora
1476 4062 1542 4111 sunt
1580 4063 1715 4127 suspecta,
1745 4061 1778 4110 ut
1801 4069 1835 4109 ex

138 4147 243 4203 tionem
262 4146 408 4200 admittere
434 4145 512 4200 nolit.
549 4143 734 4199 Adversstiva
750 4143 825 4198 idem
844 4161 875 4200 16
897 4162 973 4200 assu·
1001 4145 1115 4215 speciali
1132 4144 1304 4216 singulorum
1324 4142 1448 4198 examine
1468 4141 1623 4213 apparebit.

139 4232 200 4299 mit,
217 4232 291 4304 quod
308 4232 336 4285 in
353 4229 532 4301 praecedenti
553 4230 690 4285 sententia
708 4229 762 4285 fuit
780 4230 970 4302 praemissum,
1038 4237 1096 4286 589.
1127 4236 1152 4286 2.
1172 4229 1209 4283 In
1225 4229 1325 4299 specie.
1361 4234 1383 4283 1.
1403 4228 1530 4283 Canones
1550 4227 1722 4297 apostolicos
1739 4242 1757 4279 6
1773 4224 1834 4280 cle-

142 4318 212 4376 aliss
231 4318 407 4373 adversativa
422 4334 478 4371 uon
495 4316 555 4372 erit.
1003 4321 1094 4369 ments
1122 4314 1249 4368 Romano
1287 4313 1376 4395 editos
1390 4310 1392 4315 ⁸
1405 4330 1466 4368 esse
1495 4311 1669 4383 apocryphos
1705 4315 1733 4365 61
1762 4309 1834 4366 16166

177 4410 235 4460 588.
282 4404 408 4460 Alteram
445 4408 670 4473 argumentorum
707 4400 824 4456 classem
862 4401 976 4457 deducit
1002 4400 1086 4454 tribui
1118 4399 1258 4469 apostolis,
1280 4399 1309 4455 in
1337 4398 1494 4470 patrologia
1526 4395 1773 4452 demonstrabimus
1802 4413 1835 4451 ex

39 4488 42 4556 ζ
72 4488 80 4561 2
140 4489 326 4546 Bellarminus
349 4507 382 4543 ee
404 4489 567 4556 traditione,
591 4486 641 4541 ubi
663 4504 714 4557 per
742 4486 852 4556 singula
881 4488 974 4542 666616
1002 4486 1068 4557 styli
1087 4485 1201 4552 1611666,
1233 4485 1365 4555 temporis
1384 4484 1541 4548 collatione,
1565 4488 1756 4539 contentorum
1773 4498 1835 4537 exa·

141 4575 320 4633 discurrendo
336 4573 465 4646 producit
480 4572 650 4628 Clementem
667 4572 824 4626 Romanum
843 4571 872 4626 in
893 4590 974 4627 cano-
1002 4571 1161 4638 minatione,
1181 4571 1305 4642 adeoque
1324 4586 1357 4624 ex
1383 4569 1506 4639 ipsorum
1530 4568 1750 4623 adversariorum
1770 4584 1835 4623 con·

140 4662 223 4719 nibus
250 4661 438 4733 apostolorum
468 4676 529 4715 666.
558 4664 601 4714 18.
637 4657 780 4712 16611666
803 4664 831 4712 61
851 4657 972 4712 Athena·
1001 4658 1127 4713 fossione.
1147 4655 1279 4710 Consulat
1292 4655 1402 4711 interim
1423 4654 1606 4710 Bellarminus
1621 4653 1760 4724 judicium
1779 4651 1836 4711 Ge·

139 4765 234 4821 goram
256 4748 286 4802 in
312 4747 386 4818 apol.
404 4764 455 4817 pro
473 4745 575 4801 Christ.
597 4743 634 4799 ad
652 4742 784 4798 Antonin.
804 4742 973 4797 Clementem
1001 4743 1063 4798 Iasii
1084 4740 1223 4814 pontilicis
1249 4756 1273 4797 c.
1292 4739 1396 4796 Sancta
1421 4739 1547 4796 Romans
1574 4739 1695 4794 distinct.
1722 4745 1761 4795 15.
1780 4738 1835 4793 1616

139 4834 289 4890 Alexandr.
314 4832 377 4888 libr.
411 4837 437 4887 2.
464 4836 588 4886 stromat.
629 4829 833 4884 Tertullianum
862 4826 925 4882 libr.
949 4834 973 4883 1.
1001 4827 1098 4883 audiat
1128 4843 1158 4882 se
1188 4826 1279 4897 ipsum
1307 4825 1370 4881 libr.
1391 4830 1413 4879 1.
1435 4825 1469 4880 (16
1500 4824 1585 4881 subo
1615 4823 1671 4879 Dei
1705 4841 1768 4895 cap.
1787 4829 1835 4880 20:

138 4919 201 4974 ads.
217 4918 350 4973 Marcion.
386 4916 534 4989 Origenem
550 4920 659 4972 1166161
685 4922 709 4971 1.
735 4915 764 4969 16
789 4914 887 4971 1161111.
909 4930 971 4969 ccu-
1001 4915 1068 4967 Non
1092 4913 1152 4966 sine
1182 4930 1269 4966 causa
1302 4910 1437 4968 (ictarius
1460 4912 1556 4980 posuit
1579 4910 1653 4965 inter
1672 4909 1836 4981 apocrypha

138 5004 231 5060 cilium
256 5002 441 5058 Elibertinum
473 5020 534 5058 666.
565 5008 588 5059 9.
615 5000 794 5056 Ambrosium
823 5001 851 5055 in
877 5017 899 5058 6.
933 5005 972 5055 16.
1002 5017 1123 5054 canones
1154 4998 1360 5068 apostolorum,
1396 4999 1473 5068 quod
1498 5002 1618 5068 propter
1649 4996 1761 5068 aliquos
1792 4994 1837 5050 cel

139 5089 206 5145 Luc.
232 5089 434 5161 Hieronymum
459 5089 488 5143 in
511 5087 591 5157 epist
617 5088 654 5142 ad
679 5086 828 5154 Oceanum,
848 5086 969 5158 Chryso·
1003 5093 1158 5155 corruptos,
1176 5085 1220 5138 uel
1241 5084 1357 5137 additos
1376 5084 1411 5136 ab
1429 5082 1579 5137 1666611616
1596 5082 1700 5148 fecisse
1717 5083 1836 5138 uidetur.

135 5181 254 5230 atomum
273 5174 366 5232 1166111
387 5179 427 5230 11.
445 5175 474 5229 16
490 5173 589 5229 Matth.
617 5173 763 5229 concilium
780 5171 972 5229 Milevitauum
1001 5171 1089 5243 Atqui
1116 5188 1149 5226 ex
1173 5170 1355 5225 instrumento
1373 5173 1502 5240 corrupto
1528 5173 1557 5223 et
1574 5167 1675 5225 falsato
1695 5181 1836 5240 quaenam

137 5278 199 5320 666.
219 5268 258 5318 17.
276 5262 441 5317 Africanum
459 5276 518 5315 can.
538 5265 580 5315 69.
598 5259 792 5316 Innocentium
807 5258 830 5314 1.
846 5260 874 5314 in
890 5259 970 5331 epist.
998 5263 1092 5329 potest
1109 5257 1167 5327 peti
1183 5254 1332 5328 probatio?
1353 5255 1437 5312 Adde
1459 5254 1534 5326 quod
1553 5271 1614 5315 666.
1633 5261 1674 5313 11.
1697 5253 1734 5309 61
1754 5268 1837 5325 quem

137 5356 162 5406 3.
186 5347 224 5402 61
249 5348 425 5420 Exuperium,
458 5346 648 5419 Augustinum
679 5347 709 5402 in
737 5347 798 5403 libr.
823 5346 858 5403 de
883 5345 969 5401 adult
997 5342 1181 5400 Bellarminus
1200 5347 1338 5412 provocat,
1358 5340 1463 5395 661166
1482 5341 1596 5397 divortii
1608 5341 1644 5397 ob
1664 5336 1837 5399 adulterium

137 5434 249 5507 conjug.
274 5434 441 5491 Primasium
470 5440 491 5490 1.
506 5423 567 5489 Cor.
588 5439 611 5488 1.
639 5432 776 5488 16116166
799 5432 859 5488 libr.
887 5437 911 5489 2.
934 5431 969 5488 16
996 5430 1062 5486 faeti
1081 5428 1247 5486 mentionem
1274 5427 1405 5493 eontinet,
1432 5425 1480 5482 sed
1506 5425 1665 5500 simpliciter
1684 5423 1770 5481 dicit:
1805 5422 1839 5479 Si
