4020 6022
772 197 825 255 Du
842 196 1039 255 consuetu.
1707 209 1743 266 η

55 353 113 412 tur,
130 363 186 403 non
206 354 273 404 sunt
285 349 455 407 sufficientes
471 351 554 424 hujus
571 352 764 423 prohibitionis
781 368 889 408 causae.
916 371 1057 424 numnam
1078 355 1155 408 adsit
1173 355 1299 424 Spiritus
1316 362 1439 423 caasa,
1455 371 1514 409 ssss
1534 355 1680 424 Oripmis,
1697 353 1747 423 qai

55 430 93 485 ld
110 433 223 504 quidem
246 452 280 490 ex
298 435 353 491 illis
372 436 525 508 colligitur,
551 438 625 510 quod
644 438 784 493 instructis
804 436 889 492 conti·
917 457 972 492 non
991 441 1028 493 sit
1047 440 1156 506 simin
1178 440 1295 494 melesio
1314 440 1505 507 auctoritatis,
1525 448 1554 494 ut
1576 440 1667 510 :psius
1684 455 1744 493 sen-

56 519 170 575 ncntiae
196 520 269 577 dono
292 523 389 578 melius
415 524 452 579 sit
478 541 495 578 a
517 525 646 596 conjugio
664 524 815 594 abstinere,
839 524 890 578 sed
916 525 1004 578 tentia
1018 526 1177 579 nscesmrio
1196 526 1446 596 stammana,-
1477 527 1580 580 deinds
1599 527 1745 594 Oripatm

57 605 108 675 qui
125 603 235 678 absque
248 608 433 666 comcientiue
451 610 564 666 vulnere
582 620 610 667 et
626 610 801 666 interioribus
814 609 887 664 flam·
916 611 987 666 nibil
1015 613 1183 677 affirmare,
1215 612 1334 682 denique
1363 612 1509 666 cadorum
1539 629 1648 668 senusm
1678 629 1745 681 essa

57 691 112 745 mis
129 700 207 747 extra
223 695 384 766 conjugium
404 695 495 752 vivere
514 703 669 768 nequeunt,
689 696 729 752 illi
747 697 825 752 nullu
842 696 890 751 bs·
917 699 993 766 qaod
1010 699 1176 769 praesentia
1202 696 1326 768 Spiritus
1349 699 1441 752 sancti
1454 716 1511 752 non
1533 699 1610 752 adest
1627 701 1669 753 ad
1685 715 1745 752 eum

57 776 119 832 bita
165 777 361 836 difficultatum
408 788 437 838 et
481 800 608 838 curarum
651 782 891 839 matrimonialium
917 790 1009 837 actum
1026 783 1206 850 efficiendam
1223 783 1331 837 armaio
1344 783 1440 852 aliquo
1451 785 1579 856 speciali,
1596 802 1657 838 cum
1676 801 1746 855 opas

10 865 44 909 Β·
56 863 166 920 ratium
185 865 222 921 ad
247 867 409 940 conjugium
437 885 497 924 sese
518 869 610 925 vocari
628 874 766 938 statuant,
785 870 890 941 quade
916 869 1066 938 conjugale
1083 870 1120 923 sit
1133 869 1233 924 bonam
1244 870 1385 925 naturale.
1417 867 1640 940 Respondemus:
1660 870 1746 927 verba

55 966 86 1005 re
111 950 142 1004 in
164 952 325 1023 quaestione
351 954 386 1010 de
411 954 548 1010 coelibatu
572 956 654 1026 plura
678 956 816 1025 dicentur,
841 955 889 1010 ubi
915 955 964 1010 illa
982 973 1037 1010 non
1054 955 1145 1012 solum
1163 956 1283 1011 citantur
1297 972 1314 1011 a
1327 954 1487 1010 Isombardo
1504 960 1529 1010 4.
1547 963 1665 1012 senmnt
1680 957 1744 1013 dist.

56 1036 141 1092 etism
158 1038 329 1103 monebitur,
347 1042 511 1110 apostolum,
528 1043 640 1113 quando
658 1042 739 1112 dicit,
761 1043 889 1097 maritum
915 1046 956 1097 ³2.
974 1040 1015 1095 lit.
1033 1041 1068 1097 l).
1087 1042 1136 1098 sed
1159 1042 1241 1098 etiam
1265 1042 1354 1097 selum
1377 1050 1442 1096 sunt
1458 1041 1489 1097 in
1505 1043 1552 1114 J'us
1571 1042 1742 1099 canonicum.

55 1121 199 1178 solicitum
218 1126 331 1182 essedo
353 1126 402 1194 iis,
426 1144 498 1199 quae
525 1135 590 1183 sunt
614 1128 724 1194 mundi,
751 1130 889 1200 quomodo
915 1144 938 1182 c.
951 1125 1097 1184 Connubia
1108 1136 1159 1186 etc
1172 1147 1199 1202 q.
1213 1134 1253 1184 32.
1264 1147 1290 1199 q.
1303 1133 1334 1186 l:
1355 1129 1500 1185 Cannabis
1514 1129 1745 1198 lepitimacareat

53 1208 169 1280 placeat
188 1212 281 1277 uxori,
303 1213 475 1285 potissimum
499 1215 576 1288 loqui
599 1215 634 1272 de
662 1215 800 1288 conjugiis
818 1216 890 1270 inter
915 1215 1173 1285 qaidcmpsccato,
1194 1223 1361 1269 nontamen
1382 1215 1590 1285 temporasllo,
1611 1232 1744 1284 quecca

55 1293 167 1351 fidelem
186 1305 214 1353 et
229 1297 368 1354 infidelem
383 1300 540 1370 manseris,
558 1318 630 1373 quae
647 1301 722 1373 apud
735 1299 890 1358 Corinthios
908 1301 1027 1370 jugales
1051 1311 1130 1355 actus
1153 1310 1301 1371 parantur,
1322 1302 1488 1372 prasssntio
1509 1301 1633 1374 Spiritus
1654 1301 1746 1354 sancti

55 1399 89 1437 eo
109 1389 235 1454 tempore
257 1390 338 1440 erant
361 1384 592 1458 frequentissima.
637 1393 663 1445 6.
687 1388 769 1454 Quod
784 1388 890 1444 Bellar·
915 1388 1042 1457 motam
1061 1386 1173 1442 etiamsi
1188 1387 1326 1458 propbeta
1344 1389 1476 1443 aistemm
1492 1405 1565 1456 ssss,
1583 1387 1633 1458 qui
1648 1388 1745 1456 officio

60 1467 152 1523 minus
166 1469 254 1535 addit,
274 1471 427 1526 absurdam
443 1491 499 1526 noa
512 1491 579 1542 csse,
596 1483 626 1529 at
638 1477 687 1546 qai
697 1493 781 1529 anam
793 1493 888 1530 saera·
913 1471 1455 1546 pmrmanucasqaaarcttuidquid
1464 1478 1744 1544 etc.caus.etquaest.

59 1564 181 1610 scemam
197 1557 312 1626 lubeat,
337 1568 470 1614 arceatur
496 1560 532 1614 ab
554 1561 628 1631 alio,
654 1561 720 1617 lieet
745 1570 888 1632 seramque
914 1559 1028 1614 iisdem:
1053 1560 1119 1614 Noa
1145 1561 1232 1614 datar
1243 1561 1409 1631 praesentia
1424 1561 1518 1615 sancti
1536 1560 1661 1629 Spiritus
1679 1568 1744 1615 tem·

55 1651 187 1697 muctam
204 1651 230 1698 st
247 1646 310 1698 Deo
328 1653 439 1721 pratum
456 1645 508 1713 sit,
528 1649 642 1715 mansio
666 1648 750 1703 anias
766 1650 889 1703 ministc
910 1646 1227 1716 poraquoconiapales
1235 1655 1313 1701 actus
1324 1645 1660 1716 oenacencmciatisetc.
1670 1663 1745 1701 caus.

56 1729 131 1782 mum
155 1729 274 1784 mans
297 1733 470 1793 functionem
500 1733 651 1803 impediat,
682 1752 744 1789 cum
767 1736 891 1805 apostoli
915 1737 956 1788 ³³.
975 1736 1087 1807 quaeat.¹
1100 1737 1130 1790 t:
1152 1731 1311 1803 Quicunque
1326 1734 1410 1788 caari·
1425 1735 1546 1788 debiam
1564 1733 1675 1800 reddit,
1698 1750 1745 1786 va·

56 1817 156 1874 Actor.
175 1819 201 1872 6.
219 1819 369 1886 rejecerint
386 1838 406 1874 a
422 1837 452 1873 se
469 1838 567 1874 manas
578 1821 762 1877 ministrandi
780 1822 889 1890 menas,
914 1836 979 1872 cars
990 1837 1045 1874 non
1058 1827 1149 1889 potest
1169 1821 1293 1875 orationi
1309 1838 1359 1876 nec
1377 1823 1414 1876 sle
1432 1821 1565 1876 carnibus
1584 1821 1654 1891 apsi
1672 1838 1744 1875 com·

56 1911 88 1954 ut
105 1902 188 1957 cerdo
206 1905 266 1957 Dei
281 1913 308 1959 ct
325 1906 449 1962 matiani
466 1906 629 1977 diligentius
648 1909 797 1979 instarent,
817 1926 886 1962 cant·
914 1907 997 1960 cdere
1014 1907 1102 1964 debet.
1120 1924 1144 1961 c.
1159 1908 1202 1962 vir
1220 1924 1284 1964 cum
1300 1909 1412 1980 proprio
1429 1915 1481 1965 stc.
1499 1924 1574 1968 caus.
1592 1914 1621 1963 et
1640 1914 1745 1980 quaest

58 2005 112 2057 que
139 1995 164 2042 1.
184 1990 303 2046 Timotlt.
321 1996 348 2047 5.
369 1982 611 2075 reprehendantur
626 1996 742 2065 uiduae,
761 2012 832 2065 qaae
849 1996 890 2049 asi
914 1992 1026 2048 iisdem:
1049 1993 1175 2048 Viscum
1187 1996 1313 2064 propria
1329 2011 1415 2050 acore
1431 1995 1580 2063 dormiens,
1597 1994 1657 2048 nisi
1672 1994 1746 2049 lotus

57 2074 194 2129 asarias
224 2078 410 2134 ministerium
445 2090 584 2136 assumtae
616 2082 716 2137 nabere
754 2081 889 2150 vastans,
915 2098 990 2149 aquo
1007 2080 1152 2135 maissiam
1169 2082 1278 2136 intrare
1297 2099 1353 2136 nan
1371 2080 1607 2150 dedet5quumvis
1619 2082 1746 2135 diversas

55 2160 127 2215 illud
152 2160 265 2219 facilem
289 2163 375 2221 habet
399 2166 616 2238 explicationem.
659 2165 723 2224 Nou
746 2166 818 2223 enim
835 2165 889 2221 hoc
914 2165 1054 2220 lominum
1071 2166 1199 2221 nationes
1217 2169 1253 2221 de
1270 2166 1323 2220 ltac
1340 2183 1372 2220 re
1387 2167 1500 2220 diversa
1519 2167 1647 2237 saniant,
1664 2175 1747 2236 atquc

54 2248 119 2303 loco
134 2249 278 2320 quaeritur
290 2251 450 2308 dediversis
466 2253 575 2319 officiis,
591 2253 691 2325 quibus
711 2270 767 2308 una
780 2253 888 2308 eudem·
915 2252 977 2306 alia
996 2252 1138 2307 musclis
1157 2253 1312 2322 uideantur,
1331 2253 1524 2308 Romanorum
1536 2261 1627 2308 mmm
1638 2269 1746 2324 semper
1759 2261 1845 2305 tun.

55 2353 112 2405 que
131 2352 252 2404 persam
274 2338 415 2394 commode
441 2339 608 2396 sustinendis
631 2357 682 2411 par
707 2355 767 2395 esse
783 2337 888 2411 nequit,
915 2338 951 2392 ab
976 2338 1181 2409 antiquioribus
1205 2355 1272 2392 ussa
1291 2340 1351 2404 fait
1364 2346 1432 2407 post
1458 2339 1655 2393 wambanem
1675 2357 1745 2408 pro·

53 2421 107 2477 sed
128 2421 164 2477 de
181 2423 373 2490 sacramentis,
397 2441 434 2480 an
457 2425 566 2480 diversa
589 2432 760 2481 sacramenta
777 2424 813 2480 ab
832 2440 889 2479 una
911 2425 998 2494 psias
1020 2424 1116 2478 raonis
1140 2431 1166 2478 st
1186 2423 1296 2478 lavacri
1316 2424 1546 2493 pririfioationsm
1565 2441 1701 2494 quaeram
1719 2432 1746 2478 st

54 2508 212 2580 ademque
233 2526 351 2579 persona
373 2509 535 2583 participari
557 2512 682 2583 possint?
723 2510 824 2568 Officia
840 2511 890 2566 illa
915 2511 951 2564 ab
976 2511 1104 2579 inpressu
1129 2510 1264 2565 ecclcsiae
1282 2510 1433 2582 paulatum
1456 2519 1619 2580 temperare.
1653 2510 1688 2565 ln
1705 2528 1747 2566 re·

57 2595 247 2651 ecclesiastica
263 2594 348 2652 fuisse
366 2605 540 2653 sacramenta
556 2598 668 2670 proprie
681 2598 721 2654 sic
733 2598 816 2668 dicta,
833 2614 889 2653 uon
916 2597 1099 2653 veladonibus
1110 2597 1248 2669 Brigittae
1262 2597 1324 2654 libr.
1345 2604 1368 2654 1.
1385 2615 1446 2668 cap.
1467 2603 1508 2654 tc.
1522 2597 1591 2653 dicit
1607 2597 1746 2653 Christum:

54 2688 151 2752 potest
168 2681 353 2738 Bellarminus
371 2683 499 2754 probare,
515 2685 571 2740 imo
590 2702 642 2741 uec
661 2685 744 2740 salvis
762 2685 820 2739 suis
839 2684 889 2755 hy·
918 2686 988 2740 aaa
1004 2686 1137 2755 conjupss
1156 2684 1267 2738 ueniant
1286 2686 1328 2739 ad
1339 2684 1445 2754 kausns,
1464 2693 1529 2739 tuac
1548 2685 1642 2738 swam
1660 2685 1747 2739 disce

52 2768 220 2838 pothcsrbus
231 2785 362 2835 asserere,
378 2770 448 2826 elias
456 2769 597 2841 peculiare
611 2770 724 2843 aliquod
737 2788 890 2826 scemmen-
918 2772 959 2824 dit
982 2772 1017 2825 ab
1043 2771 1083 2825 sis
1109 2770 1235 2841 Spiritus
1259 2788 1335 2826 meas
1351 2779 1378 2826 st
1401 2772 1613 2841 appropinquat
1630 2772 1748 2840 spiritus

55 2853 897 2929 tumfingendumeritproriduisadministeriuquaedamae-
916 2860 1051 2928 imparus.
1081 2855 1244 2928 Hieronymi
1262 2874 1314 2912 ror
1328 2862 1371 2912 est
1387 2855 1571 2912 sPontificiis
1590 2856 1746 2912 dihudam:
1836 2840 1846 2856 ⁰

53 2941 154 3014 grotis,
165 2941 304 2997 exsulibus
311 2951 339 2998 et
343 2941 497 3014 peregrinis
501 2943 667 3015 praestanda
673 2943 738 2999 olim
746 2944 878 3000 adhibitis
919 2944 1039 3008 Quando
1055 2945 1157 3016 impleo
1175 2945 1301 3010 officiam
1314 2945 1418 3015 mariti,
1433 2961 1491 2999 non
1503 2944 1603 3015 impleo
1621 2944 1748 3010 officiam

92 3033 139 3084 26.
193 3033 218 3085 2.
237 3028 271 3082 In
301 3029 374 3083 omni
403 3037 576 3086 sacramento
606 3031 717 3101 proprie
746 3031 785 3086 sic
815 3030 889 3086 dicto
919 3032 1077 3088 Christiani.
1101 3030 1189 3085 Plura
1199 3031 1283 3101 hujus
1296 3030 1406 3102 generis
1418 3030 1604 3086 occurrentia
1619 3030 1746 3102 sequenti

55 3115 176 3172 offertur
194 3112 314 3187 Spiritus
335 3114 424 3169 sancti
445 3115 537 3187 grstia
562 3121 592 3171 et
612 3116 789 3172 credentibus
806 3117 888 3172 etiam
914 3124 1088 3189 argumento,
1112 3115 1264 3187 exquibus
1287 3113 1440 3186 constabit,
1463 3113 1652 3171 aPontificiis
1671 3115 1745 3169 actui

10 3196 27 3224 ''
55 3201 209 3259 confertur.
245 3199 383 3256 Pontificii
403 3207 521 3274 negent,
547 3202 576 3257 in
600 3203 730 3274 conjugio
750 3203 843 3260 offerri
861 3209 890 3259 et
914 3204 1055 3276 conjugali
1079 3203 1181 3274 opponi
1203 3202 1388 3274 praesentiam
1408 3200 1529 3275 spiritns
1547 3203 1645 3268 sancti,
1663 3219 1741 3256 mun-

54 3286 180 3345 conferri
204 3287 324 3359 Spiritus
349 3287 439 3343 sancti
469 3287 603 3360 mnam,
629 3289 752 3360 quinimo
777 3297 890 3363 negant,
915 3291 1013 3347 dioiem
1033 3299 1062 3346 et
1079 3290 1264 3347 mustitatem.

54 3376 87 3430 in
106 3375 208 3445 copula
225 3374 365 3446 conjugali
383 3374 517 3447 Spiritum
534 3380 660 3430 sanctum
678 3375 784 3432 adesse.
813 3377 889 3448 Ergo
950 3385 992 3434 27.
1028 3384 1052 3433 3.
1069 3376 1114 3431 De
1131 3380 1303 3431 sacramento
1324 3372 1437 3446 proprie
1456 3372 1497 3429 sic
1520 3373 1595 3429 dicto
1613 3372 1745 3429 mtirmari
1757 3377 1777 3421 t
1791 3381 1826 3421 1³·

53 3467 173 3534 negant,
189 3460 349 3532 conjugium
366 3478 427 3517 esse
438 3468 639 3517 sacramentnm
650 3463 763 3533 proprie
775 3462 889 3518 dictum.
914 3463 1025 3535 nequit,
1051 3463 1126 3535 quod
1145 3462 1181 3517 sit
1198 3459 1408 3529 immundities,
1427 3458 1546 3532 pollutio
1573 3466 1602 3516 et
1620 3459 1745 3516 amsla
1758 3432 1857 3534 ῗὲἷὲἱῗι

55 3547 246 3604 Bellurminm
263 3545 374 3618 excipit,
395 3552 416 3603 1.
435 3547 566 3616 copulam
591 3549 734 3603 camalam
756 3567 812 3604 non
832 3564 891 3602 ssss
915 3551 1019 3605 sordes.
1059 3547 1198 3604 Pontificii
1224 3547 1354 3618 conjugio
1373 3545 1445 3601 tales
1462 3544 1591 3600 flosculos
1609 3545 1746 3614 tribuunt,
1758 3536 1805 3576 ¹¹¹⁸·

55 3635 150 3705 ipsam
168 3641 380 3698 samaamntam,
396 3634 448 3687 sed
459 3635 609 3688 secandam
626 3635 763 3703 quosdam
777 3642 890 3704 partam
915 3641 948 3690 ut
964 3642 1042 3706 patet
1059 3651 1092 3689 ex
1117 3633 1240 3704 epistolis
1266 3631 1420 3688 innocentii
1444 3635 1473 3686 et
1492 3629 1583 3686 Siricii
1606 3630 1700 3687 relatis
1717 3630 1752 3711 iu

54 3724 198 3776 dantacm
232 3719 404 3774 sacramenti
433 3721 620 3788 inuocantem.
666 3719 887 3791 Respondemus:
914 3723 962 3793 jus
971 3720 1174 3776 canonicumc.
1206 3717 1377 3790 Proposuisti
1391 3723 1443 3773 etc.
1459 3717 1524 3774 dist.
1538 3717 1746 3789 8l.cap.pluri·

55 3809 90 3863 Si
108 3806 209 3874 copula
221 3814 339 3877 estpars
349 3804 493 3874 integralis
511 3807 684 3873 sacramenti,
699 3808 794 3878 utique
807 3808 890 3863 edam
918 3824 977 3862 mos
991 3812 1044 3864 etc.
1056 3805 1115 3862 ead
1134 3804 1330 3876 Ergouegcnt,
1345 3809 1624 3860 emesamamentum
1642 3802 1747 3859 Bellor-

53 3895 169 3952 collatio
194 3893 304 3965 gratim
327 3910 384 3948 non
406 3892 459 3948 erit
480 3892 515 3947 de
541 3909 575 3949 ea
591 3900 706 3963 negate,
730 3894 779 3948 sed
796 3895 889 3965 potius
917 3893 1008 3949 ninus
1027 3891 1136 3963 excipit,
1166 3898 1188 3946 1.
1210 3891 1345 3945 Siricitsm
1370 3896 1427 3944 riom
1452 3891 1590 3944 decime
1613 3891 1748 3960 conjugia

54 3981 196 4038 affirmate
218 3978 413 4051 praedicanda
459 3978 536 4044 Quae
563 3980 637 4034 enim
663 3981 698 4035 de
724 3985 783 4035 toto
799 3995 889 4036 sama·
916 3979 1088 4049 ampliator,
1106 3979 1158 4032 ssd
1169 3976 1748 4044 monachorametsacerdctumccnjupia,

55 4073 152 4123 mento
169 4065 380 4137 praedicuntur,
407 4080 441 4120 es
466 4064 502 4119 de
527 4065 653 4136 partibus
678 4064 888 4136 integrantibus,
917 4067 967 4136 qai
985 4065 1095 4120 illicitis
1119 4063 1227 4133 nuptiis
1249 4061 1394 4132 implicari
1414 4061 1552 4118 colebant.
1588 4060 1752 4133 Responde:

56 4159 196 4226 qnatenus
213 4157 279 4208 sunt
297 4158 363 4207 actu
381 4151 504 4222 ejusdem
521 4159 624 4222 partes,
642 4169 697 4207 non
713 4158 823 4224 negate,
841 4152 889 4207 sed
917 4166 992 4209 mus:
1011 4150 1137 4223 quaestio
1157 4156 1214 4218 est,
1237 4164 1273 4204 an
1297 4147 1456 4203 sacerdotes
1481 4148 1590 4218 possint
1607 4164 1668 4204 esse
1685 4164 1749 4203 con-

56 4240 196 4297 affirmate
208 4237 413 4310 praedicantur.
441 4235 496 4297 Sic.
516 4237 633 4309 quiade
652 4238 891 4294 totaeuobaristia
912 4241 1004 4311 juges.
1040 4236 1152 4308 Negent
1175 4235 1288 4293 siricius
1314 4240 1343 4288 et
1360 4250 1423 4289 eum
1442 4240 1553 4290 secutus
1571 4233 1749 4290 innocentius
1776 4306 1779 4313 Ι

59 4326 258 4398 praedicatur,
283 4323 360 4395 quod
385 4323 422 4379 sit
452 4323 559 4379 animae
583 4324 798 4390 nutrimentum,
826 4325 890 4381 ideo
916 4325 989 4381 inter
1006 4323 1061 4378 aliu
1088 4322 1164 4378 hisce
1184 4320 1368 4392 argumentis:
1398 4326 1420 4375 1.
1438 4319 1505 4392 quia
1522 4323 1684 4375 sacerdotes
1700 4323 1748 4376 ‹is-

59 4415 146 4471 etiam
174 4413 209 4468 de
240 4411 329 4468 eslim
357 4408 553 4475 eucharistico,
587 4418 724 4482 quatenus
756 4420 891 4482 estpars
918 4413 980 4465 beat
1004 4428 1063 4465 ssss
1087 4412 1272 4476 canescentem·
1303 4412 1326 4462 t.
1350 4407 1417 4478 quis
1440 4408 1491 4476 qai
1513 4408 1636 4462 sarciant
1658 4409 1749 4462 sacris

59 4499 242 4558 eucharistiae
260 4496 411 4569 integralis,
428 4505 503 4552 recte
523 4495 631 4567 dicitur,
649 4498 724 4568 quod
735 4497 771 4552 sit
782 4485 890 4557 animae
918 4496 1117 4562 oblationibus,
1136 4495 1208 4564 psai
1224 4502 1250 4548 et
1266 4494 1302 4547 ab
1320 4492 1397 4547 omni
1412 4494 1474 4547 lale
1487 4494 1607 4563 perpati
1623 4510 1683 4548 esse
1700 4497 1747 4548 ds·

59 4586 267 4643 nutrimentum.
304 4584 889 4656 2.Eas0,qaoassp1caansncnrpars
918 4585 995 4649 bent,·
1020 4588 1043 4637 3.
1067 4581 1134 4652 quia
1158 4581 1319 4635 sacerdotes
1345 4580 1444 4633 salsa
1467 4595 1525 4633 csse
1547 4581 1653 4650 sancti,
1676 4579 1747 4633 sicut

61 4676 204 4746 qaaedsua
217 4676 361 4740 integram
372 4668 550 4738 sacramenti,
570 4688 624 4723 mors
636 4671 723 4741 sequi,
744 4672 773 4724 in
794 4673 897 4745 copula
916 4669 1053 4739 scriptum
1070 4676 1125 4722 est:
1144 4667 1244 4722 Sancti
1261 4675 1354 4733 estote,
1372 4666 1504 4734 quoniam
1519 4675 1545 4720 et
1565 4683 1614 4734 epo
1635 4672 1748 4720 sanctus

60 4763 162 4817 &bere
179 4759 328 4815 ordinaris
344 4757 579 4812 sacramentalem
596 4758 721 4825 oratiam
736 4759 811 4828 dari,
830 4760 898 4828 quia
917 4775 995 4826 mm,-
1020 4762 1045 4810 t.
1068 4755 1135 4826 quia
1152 4755 1180 4807 si
1197 4753 1402 4808 contaminatus
1412 4754 1509 4822 faerit
1532 4754 1667 4807 sacerdos
1685 4771 1748 4808 car·

56 4849 155 4918 pratia
173 4855 239 4900 tunc
256 4847 356 4914 datur,
375 4861 438 4898 cum
456 4842 589 4912 conjuges
596 4844 746 4912 percerte
760 4846 795 4898 ds
810 4862 895 4917 pras·
918 4844 980 4898 nali
1005 4840 1242 4911 concuspiscentia,
1266 4857 1320 4908 quo
1343 4839 1442 4894 merito
1465 4855 1495 4893 se
1518 4840 1652 4893 wandini
1663 4857 1749 4910 possa

56 4935 133 4991 senti
147 4931 356 4987 mainerium
376 4929 549 4997 cosummat,
566 4936 632 4982 tanc
649 4931 720 4984 enim
735 4949 889 4986 samamen·
918 4929 1015 4994 aedit,
1034 4946 1096 4982 cam
1113 4928 1217 4981 dictam
1235 4927 1286 4980 sit:
1306 4927 1408 4981 &nnio
1420 4927 1525 4980 manda
1537 4925 1657 4996 mundis,
1675 4929 1751 4982 cois·

57 5030 118 5076 tam
139 5020 237 5090 qtsoad
255 5018 401 5072 sssmtiam
429 5015 616 5070 ministratur.
662 5015 886 5087 Respondemus:
919 5016 1041 5087 quinatis
1049 5013 1633 5081 autemstinsidsiidasnilsilestmaodum5
1648 5021 1671 5068 5.
1684 5013 1751 5085 quia

57 5124 111 5164 nec
131 5123 183 5178 per
214 5103 342 5176 copulam
368 5101 553 5174 conjugalem,
581 5117 632 5156 neo
647 5119 697 5172 per
724 5119 887 5160 consensum
920 5101 1065 5175 apostolas
1079 5100 1163 5155 dicit:
1187 5098 1241 5162 Qas
1257 5099 1287 5152 ia
1302 5116 1387 5153 carne
1399 5099 1548 5163 sant,Deo
1557 5099 1677 5168 placore
1694 5118 1750 5154 non

57 5194 150 5250 verbis
174 5192 211 5247 de
234 5188 376 5263 praesenti
399 5204 558 5261 expressum
584 5187 665 5243 dstsrr
687 5190 780 5259 matis
797 5207 888 5248 sacra·
918 5195 1043 5259 possunt.
1077 5185 1119 5240 Ex
1136 5184 1212 5240 bisce
1230 5184 1328 5240 mediis
1346 5183 1470 5240 terminis
1486 5200 1541 5239 nou
1558 5193 1675 5254 possunt
1691 5185 1751 5242 fieri

57 5279 196 5348 mentalis,
211 5276 290 5332 nulla
306 5275 380 5332 euim
391 5279 481 5330 exstat
496 5273 639 5349 promissio
652 5274 686 5328 dc
700 5275 790 5346 mauu
807 5293 888 5332 evan·
920 5274 1022 5345 integri
1039 5271 1201 5344 syllogismi,
1221 5271 1275 5326 nisi
1293 5271 1327 5326 tle
1338 5269 1470 5341 conjugio
1488 5269 1518 5325 id
1532 5277 1657 5342 negetur,
1676 5271 1751 5342 quod

55 5365 256 5441 geliopropris
268 5367 489 5435 acpeccatorum
501 5359 660 5418 remissione
668 5378 718 5432 per
729 5362 888 5433 conjugium
923 5362 959 5417 de
974 5359 1163 5416 sacerdotibus
1179 5357 1346 5427 affirmatur,
1362 5364 1391 5412 et
1408 5355 1528 5412 vicissim
1549 5357 1584 5412 de
1602 5356 1751 5411 sacerdoti·

55 5453 219 5514 obtinenda
249 5453 279 5507 3.
300 5451 390 5508 Varla
406 5449 470 5518 ilia,
487 5450 564 5519 quod
580 5449 611 5505 in
625 5447 728 5519 copula
745 5449 892 5518 conjapali
921 5449 974 5507 bus
986 5452 1111 5518 negetur,
1130 5445 1205 5516 quod
1217 5445 1252 5501 de
1264 5445 1396 5516 conjugio
1407 5442 1571 5509 affirmetur,
1588 5441 1641 5498 hoc
1654 5442 1751 5501 modo:

107 5544 275 5594 madibu-
298 5545 344 5588 tlt.
1382 5552 1397 5602 2
