4020 6022
170 246 174 253 Ι
206 299 268 358 426
343 332 347 341 ·
787 288 911 349 LOCUS
931 290 1134 350 vtuusmus
1153 292 1322 363 QUINTUS

208 447 320 503 divortii
333 446 443 518 proprie
456 444 533 513 dieti,
552 444 635 500 idest
652 446 835 517 separationis
852 462 955 516 eorum,
974 447 1046 501 inter
1071 446 1098 503 d.
1118 448 1136 503 l
1155 447 1195 504 sic
1219 448 1341 503 intonatr
1367 447 1401 502 Si
1418 447 1481 517 quis
1499 447 1615 512 dixerit,
1632 448 1786 503 eccimicm
1804 463 1900 516 encre,

208 550 278 604 quos
297 549 405 599 verum,
429 538 521 587 ratum
544 548 577 587 ac
595 538 815 587 consummatum
841 532 1046 588 matrimonium
1069 550 1132 588 cum
1149 536 1183 588 ob
1204 535 1309 589 muhce
1332 551 1433 587 causac
1452 534 1660 603 separationem
1679 534 1757 587 inter
1777 536 1900 603 conjapc

208 619 321 687 exstitit,
340 619 421 673 unice
432 617 534 689 agitur,
553 634 609 673 nou
623 625 666 674 est
680 619 824 690 quaestio),
841 636 875 673 ae
887 619 911 673 si
924 624 1001 674 arcte
1019 626 1048 673 et
1068 621 1264 687 amedaram
1275 636 1325 673 eeu
1337 618 1570 673 cohabitationem
1585 620 1626 673 ad
1636 625 1747 673 certum
1758 620 1899 675 incertum·

212 705 265 761 iixe
284 712 411 761 teneatur
430 704 509 770 illud,
528 704 603 776 quod
615 722 711 762 verum
729 705 877 761 divortium
887 723 943 761 non
956 705 1045 760 solum
1068 724 1101 761 ve
1119 715 1228 777 tempua
1247 707 1409 777 heriperto
1429 706 1568 773 carcerc,
1592 707 1748 763 anathema
1765 710 1813 763 eit.
1853 707 1899 764 Nos

211 792 412 863 separationem
439 793 536 862 quoad
559 800 650 847 torrem
674 801 702 846 et
723 809 864 857 mensam,
888 792 938 847 sed
961 790 1045 845 etiam
1069 792 1294 849 distinctionibus
1327 792 1495 864 quibusdam
1531 792 1663 848 adhibitis
1693 795 1899 864 respondemus:

209 880 304 947 quoad
321 879 464 932 uinculum
475 878 624 949 conjupaie
637 877 839 950 complectatur
850 876 935 949 (quod
952 876 1043 947 ipsum
1070 884 1093 937 1.
1111 879 1255 950 Separatio
1279 878 1372 948 quoad
1390 882 1481 933 torum
1501 884 1530 934 et
1548 895 1672 934 mensam
1689 878 1850 934 instituitur
1865 880 1899 932 oei

164 1020 170 1035 ‚
207 965 334 1036 superius
354 965 571 1021 demonstratum
594 964 674 1031 tuit),
698 963 814 1019 cuilibet
830 963 919 1033 primo
940 962 1042 1017 intuitu
1068 967 1110 1019 ad
1126 973 1230 1020 certum
1247 967 1385 1019 duntaxat
1403 974 1523 1034 tempus,
1549 964 1638 1020 donec
1654 964 1767 1020 sufficet
1785 964 1899 1019 reconci-

207 1051 385 1106 rnaniiestum
410 1050 475 1120 erit,
501 1051 635 1121 reliquas,
663 1066 735 1121 quae
752 1055 862 1120 praeter
876 1048 1041 1103 adulterium
1067 1049 1144 1107 liatio
1160 1050 1326 1106 instituatur·
1339 1054 1367 1105 et
1391 1050 1464 1122 parti
1481 1051 1622 1107 innocenti
1639 1049 1742 1107 idonee
1760 1058 1900 1117 cassatum

208 1144 236 1191 et
248 1136 415 1193 malitiosam
428 1137 611 1193 desertionem
624 1141 792 1205 statuuntur,
804 1152 860 1189 non
872 1135 1041 1205 essejustas,
1068 1135 1112 1192 vel
1138 1138 1179 1191 ad
1203 1144 1290 1191 totum
1316 1138 1390 1191 vitae
1417 1144 1524 1206 tempus
1552 1136 1582 1192 in
1609 1143 1792 1208 perpetuum.
1829 1136 1900 1191 illan

208 1224 345 1295 legitimas
370 1240 404 1278 ac
423 1223 592 1279 sufficientes
612 1223 723 1279 disomii
740 1239 847 1277 caussa
889 1221 930 1278 Ut
948 1226 1040 1275 entem
1068 1227 1144 1278 certo
1163 1228 1294 1293 respectu
1311 1222 1470 1291 toleramus,
1486 1221 1557 1278 hanc
1575 1222 1779 1293 improbamus.
1818 1229 1842 1280 2.
1861 1223 1900 1279 Se·

207 1310 299 1365 omnia
314 1310 371 1366 siut
388 1308 521 1379 clariora,
538 1310 569 1363 in
587 1311 680 1379 epacte
698 1326 797 1364 causas
815 1308 876 1362 illas
894 1323 988 1362 omnes
1007 1322 1041 1360 ac
1067 1309 1175 1379 paratio
1199 1309 1248 1365 illa
1271 1309 1316 1365 vel
1342 1309 1493 1380 suscipitur
1515 1310 1687 1365 auctoritate
1702 1311 1843 1382 propria,
1864 1310 1901 1365 vel

208 1396 333 1468 singulas
349 1394 574 1450 examinabimus.
599 1394 785 1451 Bellarminus
797 1395 860 1451 libr.
875 1392 910 1449 de
922 1391 1040 1447 matrim.
1067 1395 1258 1464 mapsbtratru.
1289 1394 1370 1450 Illam
1386 1394 1525 1467 approbat
1542 1395 1739 1459 Bellarminus,
1760 1396 1813 1467 qui
1830 1412 1854 1450 c
1868 1402 1901 1451 lt.

207 1500 269 1554 cap.
297 1488 338 1539 12.
365 1487 405 1538 13.
423 1489 452 1538 et
478 1487 516 1538 te
539 1481 580 1537 sie
599 1481 787 1553 progreditur:
808 1484 832 1535 1.
852 1480 946 1535 Aliud
958 1479 1040 1549 judi·
1068 1478 1178 1535 scribit:
1206 1482 1366 1535 Divortium
1394 1484 1490 1551 qsaaud
1518 1489 1609 1536 torum
1639 1490 1751 1535 tantum
1783 1483 1901 1552 propria

207 1572 280 1624 cium
294 1577 335 1624 est
353 1571 390 1623 de
409 1569 539 1638 conjupio
556 1569 729 1638 infidelium,
752 1569 836 1623 alind
853 1570 890 1622 de
908 1566 1041 1636 coniuqio
1068 1567 1237 1622 auctoritate
1250 1569 1320 1637 ficri
1333 1574 1441 1639 pateat,
1461 1575 1491 1621 ct
1509 1568 1660 1622 diuortium
1678 1569 1781 1637 quoad
1800 1569 1902 1621 habdo-

210 1656 343 1721 hdelium.
386 1655 554 1723 Oonjupium
576 1656 734 1719 infidelium
754 1655 829 1710 sabai
849 1652 1042 1724 potestatium
1068 1652 1184 1723 tionem,
1208 1655 1276 1722 quia
1297 1670 1344 1707 res
1364 1661 1405 1708 est
1425 1654 1542 1722 publica
1565 1661 1592 1709 et
1611 1670 1683 1723 meae
1703 1654 1901 1709 scandalizare

208 1744 306 1812 quoad
321 1742 474 1806 vinculum,
493 1742 519 1795 si
537 1742 611 1797 aiter
629 1742 780 1811 coujupum
803 1747 980 1795 convetetur
1003 1740 1044 1794 nd
1063 1747 1156 1807 potest
1173 1748 1286 1804 ceteros,
1316 1758 1372 1794 nan
1381 1747 1476 1809 potest
1488 1740 1553 1803 fieri
1563 1740 1622 1794 nsei
1634 1739 1775 1794 ecciesiae
1787 1742 1901 1809 judicic.

203 1832 293 1899 fldem
310 1836 337 1883 et
355 1829 429 1883 aiter
447 1827 520 1882 nolit
537 1828 565 1882 ei
580 1829 740 1883 cohabitare
758 1829 819 1882 cina
836 1827 947 1896 injuria
966 1842 1043 1880 crea-
1068 1825 1126 1882 Nos
1154 1827 1333 1897 posteriorem
1365 1826 1500 1881 duntaxat
1526 1826 1689 1898 probamus,
1728 1827 1800 1898 quia
1828 1844 1902 1883 uerno

207 1917 287 1970 toris.
317 1917 344 1971 2.
357 1916 450 1969 Aliud
460 1914 605 1983 judicium
620 1916 707 1969 estda
720 1913 899 1968 matrimonio
910 1912 1043 1980 fidelium
1067 1918 1160 1983 potest
1178 1929 1239 1969 esse
1252 1913 1340 1984 judex
1363 1912 1392 1967 in
1412 1912 1524 1984 propria
1548 1930 1635 1969 caum
1652 1920 1681 1969 et
1701 1913 1802 1968 variae
1819 1914 1902 1970 orium

208 2011 272 2057 rato
287 2010 313 2056 et
329 2008 593 2069 nonccneummcta,
621 2002 705 2055 alind
724 2000 898 2069 deconjuyia
910 1998 1043 2067 fidetium
1068 2004 1114 2053 tur
1140 1999 1329 2069 contusiones,
1362 1999 1537 2056 incommoda
1558 2007 1587 2056 et
1608 2000 1737 2071 pericula
1762 2002 1856 2064 varia,
1881 2001 1902 2055 si

209 2097 273 2143 rata
292 2096 318 2143 et
337 2095 535 2147 cannammato.
569 2088 785 2143 Matrimonium
799 2087 931 2154 fidelium
948 2093 1042 2139 ratum
1069 2086 1220 2157 conjugum
1239 2086 1355 2141 arbitrio
1374 2087 1483 2157 privato
1500 2087 1549 2141 illa
1564 2087 1704 2158 separatio
1714 2088 1901 2144 committitur.

210 2194 266 2230 non
289 2182 507 2230 consummatum
530 2175 650 2229 sohrdur
674 2175 760 2229 etiam
782 2175 879 2244 quoad
901 2171 1042 2227 vinculum
1067 2172 1191 2228 Priorem
1210 2173 1286 2245 quod
1304 2172 1418 2240 attinet,
1439 2174 1469 2228 in
1486 2190 1553 2229 casu
1571 2173 1766 2229 fornicationis
1783 2192 1849 2246 pars
1866 2176 1901 2229 in·

206 2279 260 2335 per
289 2263 444 2330 inpressum
475 2261 506 2314 in
543 2260 716 2329 relipicnem.
768 2264 794 2315 3.
824 2259 1042 2315 Matrimonium
1068 2275 1170 2314 nocens
1187 2258 1223 2313 ab
1242 2259 1369 2314 adultera
1387 2264 1462 2314 recte
1479 2259 1606 2325 abstinet,
1623 2259 1787 2331 neculpasn
1805 2261 1899 2317 condo

208 2348 335 2411 fidetium
362 2355 455 2401 ratum
483 2355 511 2401 ct
539 2354 757 2401 consummatum
782 2347 880 2416 qumd
901 2345 1040 2399 viaculum
1067 2362 1149 2401 nasse
1167 2345 1309 2412 videatur,
1336 2346 1384 2400 sed
1411 2346 1441 2401 in
1466 2346 1580 2417 reliquis
1604 2347 1792 2417 separationis
1814 2349 1900 2403 musis

208 2453 264 2489 non
277 2441 371 2505 potest
384 2434 464 2500 coici,
484 2435 536 2489 sed
547 2440 654 2488 tantum
666 2435 763 2502 quoad
781 2441 872 2487 torum
889 2440 916 2487 et
933 2431 1041 2486 achabi·
1067 2432 1246 2502 magistratus
1260 2431 1398 2503 judicium
1418 2432 1565 2502 implorare
1583 2437 1612 2488 et
1628 2439 1796 2503 exspectare
1815 2434 1899 2489 debat

208 2522 351 2590 tationem
375 2521 461 2591 itique
484 2521 592 2575 duabus
611 2522 648 2573 de
671 2521 772 2573 camis.
808 2520 908 2573 Prima
926 2535 959 2573 aa
977 2536 1040 2571 cou-
1068 2523 1092 2573 3.
1110 2517 1253 2589 Separatio
1270 2516 1320 2572 illa
1331 2517 1464 2573 statuitur
1476 2518 1554 2573 licita
1570 2519 1615 2574 vel
1634 2520 1665 2573 in
1678 2522 1751 2585 fora
1764 2521 1899 2575 consciam

207 2625 291 2662 eenau
310 2614 432 2676 propter
457 2607 595 2675 maiorem
617 2614 645 2659 et
667 2606 798 2659 altiorem
821 2613 924 2659 etatum
946 2602 1040 2673 acqui·
1066 2605 1124 2659 tiae
1143 2605 1254 2660 interno
1273 2613 1299 2659 at
1323 2623 1419 2660 coram
1445 2608 1524 2671 Dec,
1552 2605 1599 2661 sel
1625 2607 1655 2659 in
1685 2609 1755 2666 foro
1789 2609 1900 2678 politico

207 2696 340 2759 rendum,
365 2700 396 2746 ut
415 2693 442 2746 ei
457 2700 572 2762 sctarque
597 2691 747 2760 conjupum
765 2690 959 2745 continmtiam
975 2706 1041 2758 par-
1066 2700 1178 2747 caterno
1207 2709 1304 2746 coram
1320 2693 1501 2762 “mapistratu
1550 2692 1642 2748 Priori
1664 2697 1800 2764 respectu
1824 2693 1899 2749 unita

205 2789 320 2848 petuam
342 2785 439 2833 voveat
460 2785 487 2833 et
511 2780 552 2831 aci
570 2777 736 2847 reliqionem
753 2784 896 2847 transeat;
920 2778 1041 2830 emuncto
1066 2785 1174 2833 tantiam
1194 2778 1306 2834 divortii
1324 2795 1410 2833 eausa
1421 2784 1473 2847 est,
1492 2777 1812 2849 videlicetadulterium,
1831 2779 1898 2852 quod

209 2867 269 2920 sine
292 2882 426 2920 caraeruu
453 2866 487 2920 ab
508 2865 622 2932 omnum
647 2865 732 2933 idque
757 2863 868 2933 triplae.
913 2863 1041 2917 Primum
1067 2864 1259 2921 substantialia
1276 2865 1444 2921 matrimonii
1471 2871 1499 2920 et
1525 2863 1661 2921 unitatem
1679 2865 1775 2921 carnis
1793 2865 1899 2929 evertit3

210 2960 250 3007 est
275 2952 447 3007 &uterium
472 2952 590 3007 altarim
616 2950 762 3020 conjupis5
792 2951 896 3005 deinde
920 2948 947 3002 ai
969 2949 1042 3004 aiter
1067 2951 1212 3021 posteriori
1228 2957 1357 3023 respectu
1374 2950 1466 3022 plures
1490 2950 1671 3021 separationis
1699 2951 1798 3023 quoad
1814 2958 1898 3007 torum

210 3040 359 3109 conjupum
384 3056 404 3091 c
423 3038 486 3107 fide
512 3037 652 3092 catholica
668 3038 801 3102 recedct;
825 3036 907 3090 tertio
925 3036 952 3089 ei
968 3036 1042 3088 alter
1068 3043 1097 3093 et
1128 3055 1251 3093 mensam
1279 3053 1377 3093 causas
1405 3037 1536 3092 constitui
1561 3054 1643 3107 posse
1671 3054 1729 3092 non
1758 3056 1897 3110 negemus.

210 3129 358 3197 conjugum
374 3125 502 3195 impellat
522 3124 642 3179 aitemsm
658 3125 700 3178 ad
713 3131 867 3193 peccatum,
884 3124 926 3176 ita
940 3129 971 3176 ut
986 3140 1042 3175 non
1068 3130 1091 3179 4.
1121 3124 1265 3195 Separatio
1292 3122 1342 3178 illa
1376 3123 1507 3177 statuitur
1536 3123 1614 3178 licita
1644 3124 1690 3180 vel
1721 3125 1851 3193 absolute
1875 3132 1899 3177 ct

206 3214 300 3285 poenit
323 3213 397 3267 aiter
416 3229 477 3266 mam
497 3227 529 3266 eo
550 3210 710 3265 cohabitare
729 3210 790 3264 eine
804 3210 934 3279 periculo
949 3209 1042 3262 Deum
1066 3210 1245 3280 simpliciter,
1277 3209 1322 3264 sel
1347 3196 1508 3279 comparate
1541 3217 1567 3263 et
1592 3212 1747 3265 secundum
1772 3214 1845 3281 quid
1865 3210 1898 3265 ed

210 3300 380 3370 offendendi.
420 3298 499 3360 Quae
511 3298 757 3351 omniadicitesee
770 3296 930 3363 conformia
948 3297 1042 3350 decre-
1067 3297 1173 3368 majora
1201 3296 1274 3351 mala
1302 3296 1440 3351 evitanda
1487 3295 1613 3352 'I'entatis
1642 3296 1749 3353 frustm
1777 3297 1899 3353 omnibus

209 3387 245 3439 tis
265 3385 398 3439 ecclcsiae
416 3385 447 3437 in
465 3384 547 3438 titulo
567 3386 603 3437 de
620 3384 751 3438 divortiis
774 3392 800 3437 et
818 3384 960 3438 sanctione
979 3400 1041 3435 cou-
1067 3382 1165 3437 mediis
1197 3398 1232 3437 ac
1256 3381 1384 3437 remediis
1413 3381 1643 3438 reconciliationis
1674 3383 1844 3440 consistoria
1865 3383 1899 3439 ad

209 3471 272 3526 citii
291 3471 451 3525 Tridmtini
466 3485 531 3526 sess.
548 3476 591 3525 24.
610 3486 670 3524 can.
686 3475 710 3525 t.
723 3468 845 3524 hlelioris
858 3468 1042 3524 distinotionis
1067 3476 1218 3523 extremum
1234 3468 1304 3523 illud
1322 3467 1460 3536 videlicet,
1479 3467 1680 3538 separationem
1699 3470 1797 3540 quoad
1814 3478 1898 3525 torum

209 3574 294 3612 causa
313 3562 430 3627 possunt
457 3554 526 3610 haec
555 3555 649 3609 omnia
672 3555 797 3610 revocari
814 3554 851 3609 ad
869 3554 924 3609 tria
942 3554 1041 3626 capita.
1068 3560 1096 3610 et
1112 3571 1243 3623 mensam,
1260 3554 1372 3609 tandem
1392 3553 1570 3623 descendunt,
1589 3553 1626 3608 ad
1639 3555 1746 3626 majora
1764 3557 1846 3625 mala,
1863 3555 1899 3609 si·

209 3644 317 3699 Petitur
338 3641 487 3697 divortium
513 3640 550 3698 ob
569 3640 732 3712 qualitatem
755 3641 878 3714 aliquam
902 3645 927 3699 1.
946 3643 1041 3709 antini,
1067 3640 1168 3697 delicet
1178 3640 1366 3709 homicidium,
1386 3639 1550 3695 veneficium
1569 3648 1598 3695 et
1616 3639 1681 3710 alia,
1699 3642 1900 3712 praecavenda,

209 3733 237 3784 2.
262 3730 406 3799 corporis,
435 3731 464 3786 3.
488 3735 578 3783 status
606 3736 633 3783 et
661 3728 839 3786 conditionis.
882 3728 930 3783 Ad
957 3728 1041 3783 enimi
1066 3728 1116 3783 sed
1140 3745 1203 3782 curn
1230 3733 1341 3799 praesto
1371 3726 1464 3782 adhuc
1489 3732 1555 3781 sunt
1580 3726 1636 3781 alia
1661 3728 1779 3799 quaevis
1804 3729 1900 3793 media,

209 3815 358 3887 qualitates
375 3814 514 3886 pertinent
533 3814 694 3883 infidelitas,
714 3815 848 3883 haerena
867 3823 958 3869 vetram
975 3815 1041 3869 reli·
1067 3832 1139 3888 quse
1176 3814 1355 3886 magistratus
1392 3813 1525 3869 adhibere
1558 3818 1662 3885 potest,
1701 3833 1760 3871 non
1796 3825 1838 3871 est
1865 3814 1900 3869 ad

208 3904 301 3971 pionis
318 3909 371 3959 etc.
390 3901 427 3956 ad
442 3901 564 3971 corporis
576 3901 724 3972 qualitates
738 3902 902 3971 impotentia
915 3903 1041 3969 coeundi,
1066 3903 1267 3973 separationem
1297 3901 1386 3965 illam,
1416 3899 1576 3970 cumprimis
1599 3906 1781 3971 perpetuam,
1810 3918 1901 3973 proce·

208 3990 367 4058 sripiditae,
387 3988 547 4056 infirmitas,
567 3987 649 4056 lepra
668 3991 722 4043 etc.
741 3988 778 4042 ad
796 3992 884 4042 status
900 3993 929 4043 et
948 3987 1041 4043 condi·
1067 3988 1196 4045 dandum.

210 4075 294 4131 tionis
306 4073 456 4146 qualitates
473 4073 631 4141 deportatio
638 4080 759 4142 propter
780 4073 912 4127 delictum
924 4073 1043 4143 aliquod
1104 4081 1160 4131 038.
1195 4073 1376 4129 Tridentinae
1391 4072 1432 4127 illi
1449 4074 1585 4131 sanctioni
1597 4073 1778 4131 Chemnicius
1790 4075 1903 4147 opponit

211 4162 301 4227 masia,
317 4161 443 4229 servitus,
464 4159 613 4229 captivitas
633 4165 684 4214 etc.
719 4158 931 4213 Pmsantetiam
942 4175 1042 4215 causae
1068 4161 1191 4232 quinque
1210 4165 1377 4232 argumenta
1394 4177 1420 4230 p.
1441 4165 1466 4214 2.
1486 4177 1575 4217 exam.
1592 4177 1668 4217 cone
1689 4160 1771 4217 Trid.
1791 4180 1853 4234 cap.
1870 4161 1903 4219 de

201 4233 1042 4318 ¹illaeexhypothesiPontilioiorumetaliorumsicdistingui,
1069 4264 1140 4303 sacr.
1165 4253 1245 4303 matr.
1273 4262 1389 4317 quorum
1419 4247 1507 4302 aciem
1535 4246 1666 4302 hebetare
1692 4253 1722 4303 et
1748 4247 1904 4305 obtundere

209 4342 241 4389 ut
278 4334 386 4388 dicatur
418 4332 565 4387 disorfium
594 4331 652 4401 peti
680 4329 724 4386 vel
752 4331 864 4385 ratione
892 4333 1043 4385 sanctioris
1069 4339 1184 4389 conatus
1209 4332 1263 4387 fuit
1286 4331 1472 4388 Bellarminus
1498 4333 1547 4389 lib.
1571 4334 1606 4388 de
1629 4332 1748 4392 matrim
1776 4350 1839 4407 exp.
1865 4341 1902 4391 lt.

210 4419 362 4491 propositi,
378 4417 509 4473 videlieet
527 4423 641 4488 propter
659 4416 812 4488 ingressum
831 4418 860 4471 in
871 4417 1042 4490 religionem,
1069 4422 1093 4473 1.
1113 4419 1252 4488 Definitio
1271 4418 1327 4473 iila
1344 4419 1474 4485 divortii,
1496 4421 1574 4489 quod
1590 4420 1627 4473 eit
1643 4421 1793 4492 ewaratio
1809 4421 1904 4475 matri·

210 4512 242 4560 ut
261 4511 376 4575 vocant,
393 4503 446 4559 hoc
462 4508 505 4559 est
523 4502 552 4557 in
571 4503 782 4572 monasterium
808 4504 852 4560 sel
871 4505 980 4559 ratione
996 4506 1042 4558 de·
1070 4507 1159 4560 monii
1189 4507 1285 4577 quoad
1320 4514 1412 4559 torum
1448 4513 1576 4559 manente
1609 4506 1722 4561 vinculo
1759 4507 1905 4579 coniugali

211 4594 274 4648 licti
290 4594 327 4646 ab
344 4593 436 4646 altero
453 4593 572 4661 coujupc
590 4591 732 4645 commissi
738 4629 745 4655 ,
772 4597 841 4662 puta
858 4596 970 4662 propter
986 4590 1043 4646 fur·
1069 4610 1142 4647 nova
1166 4601 1207 4647 cet
1231 4599 1257 4645 et
1283 4609 1315 4645 aa
1340 4592 1431 4645 uerbis
1448 4592 1539 4647 Pauli
1555 4592 1629 4646 ciale
1648 4592 1800 4648 intellectis
1815 4595 1905 4659 sabti-

212 4688 279 4746 tum,
298 4678 485 4747 homicidium,
503 4676 618 4732 insidias
635 4676 710 4733 sitae
723 4682 855 4743 structam
875 4677 918 4733 vel
931 4679 1043 4732 ratione
1070 4688 1151 4749 cata,
1177 4697 1243 4733 nam
1272 4680 1393 4732 elediata
1418 4685 1457 4731 est
1476 4693 1509 4731 ec
1530 4676 1593 4733 ebitis
1611 4679 1717 4732 verbis:
1743 4680 1905 4754 Praecipio,

212 4766 432 4836 supervenientia
456 4765 625 4831 infortunii,
652 4769 711 4818 tum
737 4765 766 4818 iu
795 4782 927 4834 corpore,
951 4770 983 4820 ut
1008 4766 1043 4820 ob
1070 4783 1183 4820 uxorem
1201 4783 1256 4820 non
1282 4765 1442 4832 (iraeadem,
1470 4762 1573 4832 qrsoriei
1590 4764 1767 4834 anamma,
1794 4783 1904 4822 manere

212 4854 337 4909 morbum
350 4851 550 4925 contagiosum,
571 4850 772 4907 inhabilitatem
784 4859 835 4907 ete.
848 4852 945 4906 tumin
958 4860 1043 4921 statu,
1069 4853 1224 4921 innuptam,
1244 4857 1294 4904 aut
1311 4850 1373 4903 cira
1390 4867 1442 4904 cuo
1455 4848 1644 4905 reconciliari.
1682 4848 1744 4905 sac
1762 4855 1906 4924 apostolus

213 4944 246 4993 ut
264 4939 397 5007 exsilium,
417 4938 565 5010 captivitas
582 4944 635 4995 etc.
1069 4939 1120 4993 hoc
1139 4939 1201 4993 iaco
1221 4955 1277 4990 non
1295 4934 1421 5005 loquitur
1440 4936 1475 4989 de
1491 4936 1567 5004 iusto
1586 4936 1723 5004 divmtim
1747 4942 1828 5009 qasod
1839 4940 1907 5011 steri

84 5044 153 5099 eat.
166 5044 199 5086 un
248 5031 307 5083 6³7.
342 5026 501 5099 Antequam
517 5042 583 5081 sero
600 5024 636 5079 ad
656 5024 803 5094 specialem
820 5025 930 5080 illarum
947 5042 1043 5080 causa-
1066 5032 1160 5096 potest
1178 5025 1209 5078 in
1227 5038 1317 5077 cauea
1331 5022 1550 5093 fonticatiomh,
1572 5024 1624 5077 ced
1640 5026 1676 5079 ote
1694 5024 1828 5081 dmidiie
1848 5028 1906 5097 qui·

84 5099 187 5201 ξξξξξζι·
213 5130 274 5168 rum
292 5109 442 5183 διάσκεψιν
461 5112 607 5168 hansitum
627 5111 1188 5187 iaciamusduopriuserpli·1besadam
1211 5110 1329 5179 levibus,
1359 5127 1432 5179 quac
1461 5111 1536 5164 inter
1563 5111 1697 5181 conjupes
1722 5113 1863 5184 oriuntur,
1883 5121 1906 5167 et

85 5216 140 5260 xvt
153 5214 199 5260 tta
214 5199 306 5256 canda
332 5206 420 5254 erunt
464 5200 559 5254 Primo
587 5217 627 5253 an
650 5198 795 5266 Pontificii
819 5206 891 5252 recte
916 5192 1189 5269 sociam,lproinde
1207 5200 1243 5252 ‹te
1260 5196 1361 5253 illicito
1380 5197 1509 5265 divortio,
1525 5214 1582 5267 quo
1600 5216 1619 5251 a
1632 5216 1663 5253 ee
1679 5199 1800 5253 invicem
1818 5202 1907 5255 disce·

85 5276 178 5371 {22:2¹¹
212 5287 289 5357 qsmd
302 5285 401 5357 plurea
419 5286 534 5339 divortii
545 5284 586 5352 (id
598 5289 642 5341 est
653 5283 834 5355 separationis
846 5285 942 5352 quoad
952 5290 1043 5337 tomam
1055 5248 1058 5343 l
1069 5288 1154 5352 dunt,
1173 5287 1226 5340 sed
1240 5284 1332 5355 paulo
1350 5293 1414 5356 post
1432 5285 1661 5343 reconciliantur.
1701 5286 1786 5355 Erpa
1805 5304 1907 5359 perpe·

85 5385 156 5425 tatro-
212 5384 240 5429 et
256 5371 501 5439 cohabitationes,
522 5371 598 5427 illam
616 5372 689 5427 enim
708 5370 817 5426 divortii
836 5371 946 5425 nomine
963 5370 1131 5453 intel-fram
1147 5373 1223 5427 illud
1245 5374 1475 5428 accommodatur
1493 5373 1534 5425 ad
1551 5372 1719 5441 decortium,
1747 5377 1828 5444 quod
1850 5393 1908 5429 nra·

86 5435 168 5539 ,2222ss
212 5461 314 5532 ligunt)
339 5476 442 5515 caruca
472 5459 642 5513 ccnmduant
668 5466 785 5528 practer
813 5457 985 5512 addterium
1017 5458 1431 5589 atinentevineuloconjupaii
1445 5458 1698 5527 incccleciaiicde
1706 5461 1767 5527 ‚iat
1796 5460 1910 5534 Excipit

213 5547 383 5603 maiiabsam
411 5545 631 5615 meinent,
665 5544 819 5601 Concilium
847 5543 1040 5601 Tridentinum
1067 5545 1395 5615 Bellarminus,Puuium
1413 5545 1559 5615 nontoqui
1571 5546 1909 5619 emendacionem,
