4020 6022
128 332 132 342 ,
200 254 257 318 iss
791 245 914 303 nouus
931 243 1136 303 monemus
1154 245 1323 309 oumrus

194 405 269 461 hano
288 403 478 459 diversitatem
505 402 678 457 inveniantur
703 402 732 457 in
749 408 829 458 sexto
848 402 892 456 rel
913 400 1029 472 septimo
1060 401 1167 470 scripsi
1190 402 1348 470 Aupusuro
1371 402 1528 470 Arplorum
1553 398 1644 471 pertis
1668 400 1816 470 episcopo,
1845 398 1909 468 ipsi

198 492 299 563 gradu.
684 518 688 527 ·
1060 489 1144 542 ctiam
1161 489 1319 556 Arplorum
1340 489 1428 556 penti,
1454 503 1525 556 prere
1545 504 1635 558 nuper
1656 488 1697 540 ud
1721 488 1806 552 tidem
1824 502 1906 539 ocre-

68 586 103 625 ux
117 594 172 633 pan·
236 582 295 632 333.
335 575 420 630 Hisce
457 573 625 645 synodorum
661 571 842 639 posteriorum
880 571 1033 626 canonibus
1061 583 1116 644 rat,
1135 592 1170 628 ne
1187 595 1206 628 a
1225 576 1310 643 borso,
1330 577 1407 644 quod
1422 581 1550 644 ceperat,
1576 575 1721 628 metuendo
1739 573 1904 626 deumiura

69 637 154 675 tltloum

69 686 175 727 auersus.
201 661 355 716 oonformee
374 666 439 715 eunt
463 657 627 730 pontificum
646 658 872 723 constitutiones,
898 673 970 730 quae
987 656 1034 711 iti·
1060 664 1219 732 recederet,
1244 662 1408 731 specialiter
1428 669 1453 715 et
1472 679 1528 714 nor
1547 659 1722 729 pcrsraliter
1741 675 1785 711 me
1805 657 1907 711 cerem

200 747 264 803 dem
298 763 387 817 usque
420 748 461 799 ad
491 745 639 815 septimum
667 747 790 813 pradum
820 743 1034 816 prohibitionem
1061 749 1129 803 sime
1147 747 1295 817 sumpsisse
1315 765 1480 815 capnoscas,
1498 763 1549 801 nec
1566 763 1600 801 ea
1617 746 1770 800 intentione
1787 745 1857 799 baec
1876 745 1909 795 ci

197 833 310 889 taudem
331 831 523 888 extenderunt.
567 829 692 886 Calixtus
709 830 790 900 epist.
811 836 834 885 2.
855 830 893 884 ad
911 829 1033 900 episcop.
1060 834 1168 905 scripsi
1184 835 1336 903 mundata,
1354 843 1385 887 ut
1398 842 1551 904 postquam
1573 836 1658 898 firma
1675 833 1778 907 medice
1795 832 1906 898 infide

198 919 272 975 Gall.
297 919 345 990 qui
370 917 443 972 sedit
468 915 543 973 circa
561 932 667 974 annum
688 915 790 971 Christi
815 922 874 972 219.
897 916 934 970 ad
956 916 1031 985 lepcs
1059 920 1170 985 fierint
1189 920 1316 984 solidati,
1334 920 1452 985 siiufra
1470 917 1906 989 propriumcorsarpuiritatem

198 1008 310 1062 diuinus
330 1012 356 1058 et
376 1002 579 1072 imperatorius
594 1000 808 1073 prohibitionem
820 1003 900 1057 unice
913 1008 1033 1057 revocat.
1061 1005 1165 1059 inuenti
1183 1005 1301 1073 fuerim,
1318 1023 1375 1059 παπ
1387 1013 1564 1075 separentur,
1586 1012 1635 1058 aut
1648 1004 1729 1071 infru
1744 1003 1905 1073 affinitatis

197 1109 220 1148 o.
240 1089 526 1160 eonjunetionesree.
551 1092 657 1159 quaest.
680 1094 707 1144 2:
732 1088 950 1158 Oorjurctioncs
971 1105 1033 1141 con·
1060 1091 1180 1162 lincam,
1209 1088 1244 1145 id
1274 1099 1315 1146 est
1340 1108 1427 1162 usque
1457 1093 1499 1145 ad
1517 1083 1665 1160 septimam
1682 1089 1904 1158 pereratiousrm

197 1177 413 1246 sarpuirearum
428 1173 623 1244 probibentur,
640 1177 752 1243 quare!
771 1175 839 1243 quia
850 1175 902 1228 bas
920 1174 1034 1228 <lisinae
1055 1178 1224 1246 jurpartur,
1242 1179 1295 1231 scd
1308 1177 1488 1247 prodeatur
1500 1177 1561 1231 silis
1579 1176 1725 1246 neophytis
1743 1175 1903 1229 acumenti-

197 1265 337 1332 seculiquc
363 1263 514 1332 prohibent
542 1261 617 1329 lepos
645 1269 697 1318 ete.
726 1277 773 1316 eos
798 1269 891 1316 autem
918 1278 1032 1316 eomun-
1060 1264 1124 1329 bru,
1143 1263 1186 1317 eis
1198 1264 1325 1332 primum
1342 1262 1446 1317 illicita
1463 1263 1621 1318 comertirc
1645 1269 1672 1315 et
1690 1279 1737 1316 eos
1755 1261 1848 1315 vaus
1866 1278 1903 1315 ac

196 1349 313 1419 pstinem
339 1349 475 1417 dicimus,
499 1363 569 1416 quos
593 1346 707 1401 debirae
730 1355 757 1401 ct
779 1347 982 1416 imperatorum
1000 1365 1034 1400 ae
1060 1349 1194 1418 ascriptis
1228 1350 1369 1403 iustruere
1403 1355 1519 1418 oportet.
1575 1347 1698 1405 Ibidem:
1730 1348 1902 1415 Propeniem

197 1437 390 1490 Romanorum
409 1442 492 1503 atquc
513 1433 689 1489 &amorum
711 1433 788 1500 lepes
814 1434 1034 1502 cauanpuineos
1059 1451 1141 1488 suam
1158 1450 1375 1505 unumquemque
1394 1450 1482 1504 usque
1502 1436 1544 1487 ad
1561 1434 1709 1505 septimam
1723 1433 1904 1487 asseruimus

197 1523 344 1594 appellum
358 1530 385 1575 et
398 1521 428 1575 in
446 1521 605 1575 bereddate
621 1520 787 1590 suscipiant.
817 1519 967 1588 Fabianus,
986 1518 1033 1591 qui
1060 1522 1207 1575 odoacare
1231 1521 1458 1590 pancratiarem,
1484 1527 1509 1573 ct
1532 1520 1668 1589 quamdiu
1687 1537 1715 1573 se
1747 1529 1904 1588 aproseart

198 1608 294 1665 sedere
312 1606 404 1678 coepit
421 1624 495 1663 anno
513 1612 572 1664 236.
595 1615 726 1677 picarium
751 1606 896 1662 affinitatis
915 1606 1033 1677 gradum
1059 1607 1203 1673 affinitate
1219 1607 1407 1675 propinquos,
1425 1608 1466 1659 ad
1483 1606 1805 1676 conjupatcmeopuiam
1823 1621 1903 1660 aece-

197 1693 334 1766 prohibet.
354 1710 378 1748 c.
399 1695 435 1747 de
452 1693 624 1765 propinquis.
646 1700 687 1750 35.
705 1699 812 1765 quaest.
832 1698 863 1748 2:
901 1695 949 1747 De
964 1709 1033 1762 pro·
1060 1696 1128 1748 clerc
1169 1696 1354 1761 dercpamus,
1396 1694 1501 1762 quodsi
1540 1693 1680 1761 fecerint,
1722 1699 1902 1763 separentur.

197 1779 324 1849 pinquis,
352 1780 401 1849 qui
428 1781 469 1833 ad
493 1781 665 1848 affinitatem
687 1795 743 1847 per
761 1779 853 1832 sirum
875 1785 901 1832 ct
917 1792 1033 1833 morem
1060 1780 1192 1838 Nicolaus
1221 1796 1309 1850 papa,
1347 1780 1395 1851 qui
1426 1779 1524 1836 sedere
1553 1780 1646 1851 coepit
1677 1795 1750 1835 anuo
1780 1783 1840 1836 858.
1872 1779 1901 1833 in

197 1866 319 1934 ueniunt,
338 1866 476 1930 defuncta
498 1881 585 1918 nume
603 1865 647 1918 uel
664 1866 726 1919 uiro
746 1865 777 1917 ir
802 1863 901 1933 quinta
918 1878 1034 1933 pereru-
1060 1866 1178 1937 epistola
1221 1865 1257 1920 ad
1304 1864 1491 1922 Amalfitanae
1522 1866 1655 1922 ecclesiae
1691 1865 1837 1937 episcopos
1873 1871 1902 1921 et

198 1952 273 2006 none
291 1953 509 2020 eonjunpantrr,
527 1951 556 2002 ir
573 1951 714 2019 quartasi
726 1950 832 2003 inverti
842 1950 960 2018 ίπανίπι,
979 1967 1034 2004 παπ
1060 1952 1179 2008 habetur
1212 1969 1235 2006 c.
1264 1953 1299 2007 de
1319 1952 1570 2024 consanguinitate.
1600 1957 1642 2010 35.
1670 1958 1776 2024 quaest
1795 1957 1824 2007 2:
1856 1953 1903 2004 De

200 2043 381 2108 soporentur,
406 2037 435 2087 in
454 2035 538 2089 tertia
556 2041 648 2089 tamen
665 2035 877 2105 propinquitate
895 2052 951 2090 nor
968 2033 1035 2088 lieet
1062 2037 1306 2109 corsunpuinitatc
1333 2057 1386 2092 sua
1413 2056 1527 2093 uas-orem
1565 2037 1662 2094 nulius
1690 2040 1778 2092 ducat
1813 2055 1904 2107 usque

199 2123 326 2193 accipere
355 2138 471 2176 uemcm
495 2122 615 2176 alterius
636 2129 704 2190 post
732 2122 836 2176 obitum
863 2123 931 2191 ejus.
972 2121 1035 2177 Hoc
1056 2132 1122 2194 post
1140 2125 1345 2193 pancratianum
1358 2125 1513 2194 septimam,
1529 2124 1574 2178 uel
1591 2141 1734 2194 quousque
1749 2125 1904 2193 parentela

202 2209 344 2264 decretum
354 2206 481 2277 Fabiani,
499 2212 531 2261 ut
543 2224 605 2261 cum
619 2206 732 2278 reliquis
748 2208 930 2279 posteriorum
945 2213 1035 2279 ponti-
1060 2212 1192 2280 caprosei
1204 2218 1304 2279 potest.
1350 2209 1418 2264 Inde
1443 2209 1602 2264 Alexander
1621 2206 1657 2262 II.
1679 2210 1727 2280 qui
1748 2209 1822 2264 sedit
1838 2215 1904 2278 post

201 2294 286 2350 ticum
314 2293 433 2349 decretis
463 2291 627 2348 affinitatem
656 2309 712 2348 non
740 2295 830 2348 minus
861 2310 945 2366 qnam
969 2310 1032 2350 eon-
1060 2313 1164 2351 annum
1184 2296 1297 2351 Domini
1314 2301 1388 2352 loeo.
1406 2294 1436 2350 in
1455 2293 1572 2350 coneilio
1592 2293 1777 2349 Interamnsi
1795 2294 1903 2359 assent,

199 2379 415 2452 sanguinitatem
434 2378 471 2433 ad
484 2378 631 2448 septimum
650 2396 740 2450 usque
754 2382 872 2451 madum
885 2380 1035 2436 extenden·
1059 2383 1203 2451 artiquum
1212 2398 1317 2436 morem
1327 2379 1461 2436 creturae
1467 2397 1522 2452 per
1534 2381 1621 2452 torpa
1630 2389 1760 2452 tertpora
1771 2384 1903 2448 durasse,

200 2465 276 2522 tibus
293 2463 446 2521 Gratianus
466 2464 615 2520 conciliare
638 2466 741 2537 possit,
767 2467 888 2537 explicat
911 2466 981 2521 illud
1001 2469 1035 2521 dc
1059 2473 1091 2520 ut
1107 2485 1194 2536 usqrrc
1220 2469 1261 2522 ad
1279 2465 1426 2537 septimum
1450 2468 1573 2536 pradum
1594 2468 1728 2539 corjupia
1748 2468 1903 2522 interdice-

198 2554 320 2609 securdo
340 2568 443 2623 perere
461 2552 630 2621 affinitatis,
655 2552 690 2606 de
710 2550 819 2606 duabus
837 2552 943 2607 scilicet
961 2549 1034 2606 soro·
1061 2561 1167 2610 rentur.
1188 2569 1249 2624 cap.
1269 2553 1305 2607 ad
1323 2552 1425 2610 sedem.
1444 2557 1485 2609 35.
1506 2559 1614 2624 quaest
1630 2560 1655 2611 t.

199 2640 277 2695 ribus
297 2637 342 2694 sel
358 2638 484 2709 personis
506 2637 579 2692 iuter
600 2653 631 2692 se
655 2636 790 2692 affinitate
809 2639 979 2709 conjunctis,
1004 2643 1036 2691 ut
1096 2644 1155 2696 334.
1202 2640 1298 2711 Atque
1328 2639 1382 2694 hae
1418 2639 1642 2715 constitutiones,
1676 2637 1702 2695 si
1744 2640 1902 2695 numeratio

199 2730 266 2782 sunt
283 2740 383 2780 uxores
410 2724 527 2780 duorum
553 2722 683 2792 fratrum,
719 2724 743 2777 si
775 2723 924 2795 contigerit
951 2740 1035 2779 uuam
1061 2725 1198 2796 gradum
1212 2727 1300 2794 justa
1316 2726 1550 2796 computationem
1564 2725 1645 2794 juris
1662 2720 1758 2780 seeo
1771 2725 1902 2781 institua-

200 2827 296 2868 earum
313 2809 397 2864 alicui
416 2809 591 2864 matrimonio
613 2809 746 2882 copulari,
763 2815 957 2881 postmortem
976 2811 1036 2881 ejus
1061 2816 1115 2882 tur,
1133 2829 1196 2866 cum
1215 2811 1443 2882 praecedentium
1454 2811 1624 2882 synodorum
1642 2812 1796 2867 senonibus
1811 2829 1902 2883 usqne

200 2897 243 2954 vir
273 2913 329 2951 non
361 2896 464 2967 poterit
496 2894 611 2983 affinem
642 2895 819 2967 superstitem
842 2896 871 2950 in
888 2897 1035 2969 conjugem
1061 2897 1097 2952 ad
1129 2897 1254 2952 sobrinos
1281 2897 1415 2953 inclusive
1443 2896 1656 2968 prohibitionem
1684 2897 1903 2955 extendentibus

202 2985 319 3047 ducere,
346 2980 398 3034 nisi
419 2981 447 3034 in
466 2979 564 3051 quinto
583 2980 672 3050 gradu
689 2979 835 3036 affinimis
852 2981 1036 3049 inveniantur,
1061 2984 1148 3039 terme
1171 2984 1354 3054 conveniunt,
1380 3001 1444 3038 nam
1472 2990 1502 3038 et
1533 2983 1704 3040 Modestinus
1737 2985 1766 3038 in
1794 2985 1812 3040 l.
1837 2985 1903 3042 Non

201 3068 276 3125 unde
297 3068 344 3138 qni
363 3081 510 3122 novercam
530 3065 649 3136 alicujus
666 3066 695 3121 in
712 3084 826 3124 uxorem
840 3067 956 3136 duxerit,
972 3072 1036 3139 post
1061 3069 1151 3125 facile.
1171 3076 1194 3126 4.
1210 3069 1239 3122 ff.
1260 3069 1296 3125 de
1313 3070 1422 3141 gradib.
1443 3076 1471 3125 at
1486 3069 1565 3125 attin.
1588 3070 1617 3124 in
1643 3069 1807 3125 hereditatis
1835 3088 1901 3126 suc·

200 3162 317 3210 mortem
341 3154 401 3223 ejus
426 3170 538 3208 uxorem
565 3152 684 3225 privigni
713 3155 815 3211 ducere
844 3170 900 3209 non
925 3154 1035 3225 poterit
1062 3156 1185 3212 cessione
1203 3155 1244 3209 sic
1261 3163 1403 3211 numerat:
1429 3157 1495 3210 Nor
1515 3155 1621 3222 facile,
1639 3155 1743 3226 inquit,
1768 3159 1846 3226 quod
1862 3159 1904 3210 ad
1946 3172 1947 3175 ¹

200 3240 294 3297 tuias
310 3257 394 3310 papa,
413 3239 461 3310 qui
479 3239 576 3295 sedere
594 3241 686 3312 coepit
704 3230 777 3297 anuo
796 3244 855 3298 eet.
874 3257 899 3296 c.
912 3240 1035 3297 Nullum.
1057 3243 1109 3312 jus
1117 3250 1245 3296 rostrum
1257 3243 1433 3308 attinet,oum
1447 3244 1482 3296 de
1495 3242 1626 3296 naturali
1636 3241 1803 3310 cepnatiore
1814 3259 1903 3312 psac-

202 3332 244 3384 35.
271 3333 376 3398 quaest.
398 3333 422 3382 2.
447 3328 489 3380 ad
511 3327 657 3396 septimum
682 3331 804 3397 pradum
823 3327 1036 3400 prohibitionem
1063 3328 1151 3392 riter,
1183 3329 1329 3399 septimum
1357 3330 1479 3397 pradum
1509 3328 1573 3397 quis
1605 3328 1726 3395 aceedit,
1763 3335 1904 3396 preatcrus

200 3413 312 3484 primur
331 3412 467 3468 extendit:
495 3412 613 3467 Nullum
639 3414 747 3485 (inquit)
774 3415 804 3468 ir
827 3422 948 3482 utroque
969 3432 1037 3468 seru
1062 3415 1140 3468 ultra
1160 3416 1304 3478 sumsere
1329 3416 1452 3482 praelum
1477 3428 1572 3466 rerum
1595 3420 1699 3466 natura
1717 3421 1904 3482 eupratorum

196 3499 389 3572 permittimus
418 3515 452 3552 cc
479 3499 693 3568 propinquitate
730 3500 778 3554 sui
812 3502 957 3568 sarpuinis
992 3503 1037 3556 sci
1062 3501 1147 3555 uitam
1176 3501 1326 3555 consistere
1357 3519 1413 3556 παπ
1438 3502 1559 3571 patitur.
1603 3498 1693 3568 Quam
1719 3500 1903 3570 computandi

200 3587 300 3642 usuris
323 3602 409 3655 usque
433 3584 463 3639 ir
486 3584 634 3654 septimum
656 3586 768 3656 pencris
794 3589 918 3657 pradum
935 3605 1037 3643 uxores
1062 3587 1197 3644 rationem
1224 3587 1253 3642 in
1277 3587 1386 3658 septimi
1415 3579 1519 3660 grddm
1547 3587 1734 3659 prohibitione
1765 3588 1853 3643 fuisse
1886 3607 1903 3643 a

202 3676 304 3730 ἄπεπτα
333 3675 378 3727 uel
414 3673 514 3727 incesti
542 3674 653 3727 memte
685 3675 825 3745 copulari.
879 3678 1037 3732 Praeterea
1064 3674 1186 3729 conciliis
1205 3681 1233 3730 et
1251 3672 1429 3745 pontificibus
1449 3673 1647 3729 vetustioribus
1667 3673 1854 3744 observatam,
1868 3693 1902 3730 ex

202 3777 311 3834 quoque
339 3759 416 3815 iilud
439 3760 611 3830 adjecimus,
638 3763 771 3831 quaritur
799 3763 871 3818 siem
896 3765 1038 3819 nonlicet
1063 3761 1123 3832 ipso
1148 3760 1340 3832 prohibitionis
1368 3766 1499 3816 contextu
1523 3759 1608 3816 facile
1639 3759 1813 3831 intelligitur.
1855 3760 1903 3816 Sic

201 3849 332 3917 utiquam
365 3847 528 3902 Christiano
559 3849 594 3900 de
612 3865 664 3902 sua
705 3851 959 3921 comarspuinitats,
995 3852 1036 3904 sic
1064 3848 1137 3905 enim
1157 3847 1243 3902 babet
1262 3847 1425 3919 rescriptum
1442 3844 1583 3918 Gregorii:
1608 3848 1654 3901 De
1672 3847 1814 3914 affinitate
1836 3864 1903 3900 ean·

202 3937 286 3990 etiam
304 3951 353 3987 rice
373 3934 436 3988 lieet
455 3936 491 3987 ds
509 3916 750 4005 emarpuiritate
769 3938 869 3991 uraris
887 3955 955 3991 suae
975 3955 1037 3993 car·
1063 3935 1264 4004 sanpus'et'tuts's
1282 3952 1340 4004 per
1357 3937 1467 4006 prasius
1489 3933 1664 4002 eapratioris
1683 3933 1904 4004 placuit-usque

196 4023 296 4092 jupem
313 4021 418 4074 ducere
435 4029 554 4091 propter
578 4023 674 4075 carris
692 4023 833 4078 unitatem.
852 4022 950 4082 ‚Hanc
967 4023 1037 4079 Julii
1064 4023 1105 4075 ad
1118 4021 1264 4091 septimam
1281 4022 1488 4092 perorationem
1506 4021 1671 4084 obseruare,
1697 4038 1763 4073 nam
1782 4026 1806 4073 st
1823 4019 1904 4072 licre-

203 4106 430 4164 oonstitutionem
443 4107 529 4162 secuti
536 4114 601 4162 sunt
609 4107 709 4180 reliqui
717 4108 870 4180 pontifices,
878 4108 1039 4183 Gregorius,
1065 4107 1140 4161 ditus
1160 4124 1255 4162 rerum
1268 4102 1323 4178 per
1335 4107 1443 4176 lepales
1463 4108 1710 4161 instrumentorum
1722 4107 1905 4174 definitiones

205 4195 253 4267 qui
272 4193 369 4250 sedere
389 4192 481 4263 coepit
498 4210 571 4249 anno
593 4201 652 4251 590.
670 4195 699 4249 in
722 4194 839 4251 concilio
856 4196 991 4252 Meldensi
1012 4204 1039 4254 et
1064 4194 1173 4248 sanata
1192 4211 1277 4262 usque
1294 4195 1335 4247 ad
1359 4193 1506 4263 septimm
1527 4194 1651 4261 pradum
1664 4191 1802 4262 producit
1820 4190 1898 4246 isere·

205 4281 324 4338 babetur
356 4297 380 4335 c.
412 4279 446 4334 de
477 4279 624 4336 affinitate.
645 4287 687 4337 35.
719 4300 745 4352 q.
767 4286 797 4337 2:
824 4284 871 4337 De
896 4284 1039 4349 affinitate
1065 4282 1132 4334 dum
1150 4282 1356 4345 macedonem,
1375 4297 1431 4333 nor
1448 4279 1521 4332 erim
1539 4281 1725 4348 ruesdmcrt,
1743 4279 1801 4332 risi
1812 4278 1907 4333 eisds

204 4367 456 4436 consunpuiritatis
485 4383 542 4436 per
577 4369 688 4438 prades
725 4369 900 4436 coprationis
928 4370 1039 4440 placuit
1060 4367 1222 4438 propapinc
1256 4366 1432 4436 coprationis
1470 4366 1633 4436 deberetur,
1663 4363 1713 4419 ubi
1751 4372 1780 4420 et
1807 4364 1905 4435 ipsum

202 4472 289 4526 usquc
306 4457 347 4509 ad
364 4455 510 4523 septimam
537 4455 745 4524 perorationem
769 4456 926 4512 obseruare.
962 4456 1038 4512 Idem
1065 4469 1165 4510 nomen
1182 4453 1372 4522 perorationis
1388 4449 1418 4504 in
1442 4451 1547 4522 regulis
1571 4450 1660 4506 civilis
1685 4450 1906 4523 computationis

204 4539 372 4614 Gregorius,
398 4556 462 4595 cum
485 4539 523 4594 ad
546 4541 717 4612 interrogata
742 4541 893 4613 Augustini
917 4541 1039 4598 Cantus·
1066 4540 1198 4596 usitatum
1229 4543 1257 4594 et
1290 4538 1417 4609 subjecta
1447 4537 1626 4608 prohibitioni
1654 4537 1725 4592 ratio
1757 4537 1907 4593 manifeste

203 4627 302 4684 mensis
320 4628 349 4681 in
368 4622 475 4698 Anglia
492 4625 615 4697 episcopi
641 4644 702 4698 cap.
721 4633 745 4685 6.
773 4628 858 4700 (quod
878 4629 997 4685 habetur
1013 4646 1038 4685 e.
1066 4627 1201 4696 ostendit,
1228 4626 1265 4680 ad
1291 4625 1401 4681 civilem
1419 4624 1598 4696 computandi
1617 4624 1751 4680 rationem
1770 4624 1908 4679 remetio-

204 4713 359 4777 Quaedem.
381 4720 422 4769 33.
442 4731 468 4785 q.
486 4717 522 4777 3.)
541 4712 571 4766 in
594 4711 666 4768 hanc
685 4714 852 4769 sententium
869 4715 1040 4788 scripsisset:
1066 4719 1110 4771 res
1137 4714 1200 4769 illos
1231 4709 1376 4784 pontifices
1402 4712 1431 4766 in
1450 4710 1560 4782 septimi
1586 4710 1690 4782 gradm
1715 4709 1908 4781 prohibitione

207 4798 352 4863 Quaedam
380 4800 427 4855 teu
446 4799 578 4853 Romana
599 4800 751 4870 permittit,
779 4809 812 4856 ut
839 4802 895 4857 siue
925 4803 1041 4874 fratris,
1066 4800 1225 4872 respexisse.
1251 4797 1306 4854 Sed
1319 4798 1484 4854 Alexander
1497 4799 1542 4855 ΙΙ.
1561 4798 1635 4854 circa
1654 4814 1758 4852 annum
1780 4801 1857 4853 106⁰.
1877 4798 1908 4852 in

204 4887 262 4941 siue
280 4887 399 4954 sororu,
417 4904 466 4941 seu
485 4889 605 4942 duorum
622 4888 751 4952 fratrum
769 4905 975 4960 permanerem,
992 4907 1040 4944 scu
1067 4886 1183 4943 concilio
1201 4885 1390 4940 ouranense·
1410 4884 1463 4939 sub
1482 4882 1658 4940 mathemate
1681 4881 1821 4952 definivit,
1849 4900 1909 4940 uon

205 4974 327 5026 duarum
359 4989 491 5026 sororum
518 4972 595 5040 fitius
626 4981 653 5027 et
673 4974 743 5041 filiu
770 4974 956 5043 mersantur,
990 4977 1043 5029 ssd
1064 4975 1145 5044 juxta
1159 4970 1276 5040 civilem,
1296 4970 1344 5026 sed
1354 4969 1609 5041 juxtacanonicam
1627 4967 1798 5040 supputandi
1818 4970 1907 5024 ratio-

204 5059 391 5129 esperimerta
419 5059 585 5129 didicimus,
616 5076 650 5114 eu
677 5060 731 5115 tuli
757 5060 890 5131 conjrpia
919 5059 1041 5116 sobolem
1067 5074 1130 5114 nem
1150 5057 1260 5128 septimi
1276 5057 1380 5129 gradum
1399 5055 1613 5130 prohibitionem
1626 5071 1687 5110 esse
1700 5055 1909 5128 accipiendam.

204 5163 260 5201 nor
267 5159 353 5214 posse
366 5160 548 5212 succrescere,
569 5147 642 5200 rende
657 5161 768 5200 neccsse
780 5153 829 5216 est,
847 5154 878 5200 ut
895 5147 925 5200 in
938 5150 1041 5214 qttarttt
1067 5160 1129 5215 cap.
1141 5143 1178 5197 ad
1190 5142 1291 5199 sedem.
1306 5149 1345 5200 35.
1359 5150 1466 5215 quaest.
1488 5149 1511 5197 5.
1525 5142 1661 5198 rationem
1674 5141 1767 5197 reddit
1779 5140 1911 5201 Isidorus

87 5232 131 5280 xv.
147 5236 192 5280 ete
205 5232 250 5288 est
276 5226 375 5299 quinta
397 5232 577 5298 peroratione
603 5232 730 5295 fidelium
753 5233 869 5288 licenter
895 5231 952 5286 sihi
978 5248 1040 5285 con·
1068 5245 1092 5283 e.
1105 5229 1399 5302 consanguinitesm'ii.
1409 5234 1555 5302 quaest.t;
1568 5231 1639 5283 ldco
1648 5244 1735 5298 usque
1747 5230 1912 5284 adranam

205 5319 375 5389 iurpantur,
402 5321 431 5371 et
455 5314 507 5370 hoe
536 5317 645 5373 nomine
673 5316 801 5374 al'elice
820 5315 991 5374 Messanensi
1012 5316 1041 5371 tn
1069 5317 1261 5385 perorationis
1272 5319 1395 5388 pradum
1408 5316 1441 5383 (si
1454 5314 1913 5387 seilicetpatsrsttilinsprouna

206 5404 303 5459 Sicilia
316 5402 453 5473 'episcopo
466 5419 516 5473 per
534 5402 627 5458 literas
645 5404 875 5475 compellaretur,
899 5402 1043 5475 respondit
1067 5419 1186 5474 persona
1196 5404 1361 5471 habeantur)
1373 5402 1602 5468 corsarpuiritas
1614 5408 1720 5457 statmo
1733 5409 1822 5466 estut
1834 5403 1912 5458 sicud

206 5489 232 5547 ei
267 5490 296 5544 in
328 5489 402 5544 hunc
436 5489 546 5543 niodum
579 5488 625 5545 lib.
655 5496 694 5545 12.
730 5490 848 5561 epistola
877 5496 924 5546 et:
959 5489 1043 5552 Quod
1070 5507 1119 5545 seu
1133 5492 1270 5546 aetatibus
1287 5490 1387 5544 mardi
1403 5489 1586 5557 pererratiact
1603 5489 1723 5543 hominis
1739 5489 1912 5558 uumssm-
