4020 6022
208 256 275 315 Μ·
784 246 906 305 LOCUS
924 246 1125 307 vlcasmus
1145 248 1313 314 QUINTUS

204 403 376 474 priamum
385 422 462 474 aqua
481 412 506 457 ct
523 403 584 473 iqui
600 404 791 472 acciperetur,
817 406 851 458 iel
867 411 909 459 est
926 405 1042 473 nuptiae
1068 403 1282 472 nuelliqcndum
1299 413 1348 470 est,
1359 423 1416 460 non
1433 406 1501 474 quin
1512 407 1656 478 pertineat
1673 408 1777 463 mulier
1790 406 1847 463 s‘lla
1867 409 1909 461 ad

209 490 388 546 celebrentur.
408 491 426 548 l.
445 491 582 545 emamus
601 495 642 545 ⁶24.
663 488 693 546 O.
713 489 749 544 de
765 496 859 560 nupt:
885 491 1042 559 sancimus,
1068 491 1291 561 matrimonium,
1315 509 1377 545 cnm
1398 510 1454 561 qna
1477 509 1534 546 non
1552 501 1593 546 est
1606 495 1763 562 pomata
1780 510 1907 561 semum,

210 577 237 629 ei
250 577 313 645 quie
331 578 491 646 nuptiarum
507 577 610 640 fecerit
628 576 792 629 mentionem
810 577 840 628 in
857 577 1043 646 qualicunque
1069 579 1121 631 sed
1135 594 1192 630 non
1207 578 1330 649 pertinet
1347 580 1388 631 ad
1404 579 1626 645 matrimonium,
1646 583 1722 651 quart
1743 597 1906 650 caprmm

208 669 304 731 pacto,
321 666 400 730 qnod
416 665 457 716 erl
475 665 601 715 (lanam
617 662 661 714 nel
678 664 720 715 ad
736 662 909 732 fanensium,
923 664 968 717 uel
986 680 1042 715 non
1070 670 1096 715 et
1121 664 1236 732 plenam
1266 671 1339 717 tenet
1369 665 1489 731 tipasam
1519 665 1725 732 conjunctionis
1743 665 1853 720 Christi
1880 674 1907 719 et

212 750 337 801 Modum
364 750 407 802 ecl
430 767 485 802 non
510 749 675 815 faciendum
697 749 854 817 concipitur
875 756 900 801 et
917 749 974 801 sioe
992 766 1041 801 nu·
1067 748 1214 816 ecclesiia,
1232 752 1342 817 fiqurat
1358 750 1432 803 enim
1450 750 1532 803 illam
1549 753 1679 805 numnam
1700 751 1817 818 cernat,
1835 769 1909 822 quac

207 836 334 903 ptiarum
364 842 470 903 tempus
497 836 615 898 dicerit,
638 835 695 887 siue
717 835 831 904 nuptiae
849 834 1042 901 nominaverit,
1072 840 1113 887 cst
1133 835 1164 887 in
1180 836 1308 904 caritate,
1328 838 1379 889 sed
1395 854 1452 889 aon
1468 836 1563 903 illam,
1583 854 1655 905 quae
1675 839 1764 891 estin
1784 846 1905 891 naturae

211 940 268 975 non
290 922 374 975 aliter
396 922 524 988 intelliqi,
548 921 735 975 constitionem
753 936 811 974 esse
829 920 1043 990 adimplendam
1069 922 1272 986 conformitate.
1317 922 1377 977 Lib.
1409 922 1498 992 ejusd.
1516 922 1635 979 distinct
1665 929 1707 980 ³0.
1738 924 1780 981 lit.
1808 923 1841 981 O.
1858 925 1908 979 ad·

211 1008 255 1061 nel
273 1025 330 1060 nou
348 1009 563 1074 extenuandam,
589 1008 648 1059 nisi
662 1007 727 1075 epea
745 1008 908 1075 nuptiarum
925 1006 1148 1075 asculanensis
1164 1007 1270 1062 dictum
1289 1008 1441 1063 Ambrosii:
1465 1010 1502 1062 In
1528 1011 1605 1062 ornni
1627 1010 1808 1063 monartio
1841 1027 1907 1063 con·

123 1158 127 1165 Ι
210 1095 362 1160 festivitas.
401 1094 488 1149 Juxta
507 1092 626 1164 priorem
645 1091 876 1163 significationem
899 1092 923 1146 si
943 1091 1042 1161 aciipi·
1055 1082 1177 1160 ἰφἰιιιοιιό
1203 1094 1373 1163 intelliqitnr
1397 1095 1571 1163 spiritualis,
1603 1113 1689 1165 mmm
1713 1097 1862 1159 continuat
1881 1105 1907 1149 et

212 1187 295 1235 antur
324 1180 453 1250 nuptiae,
486 1180 521 1234 ad
552 1195 647 1233 aarum
673 1179 818 1233 essentiam
846 1196 900 1233 non
924 1179 1044 1248 pertinet
1067 1181 1179 1247 perficit
1204 1181 1417 1248 conjunctorum
1437 1182 1595 1235 commitam
1624 1182 1800 1251 corporalis,
1830 1182 1906 1252 quod

211 1267 391 1323 sacerdotalis
411 1265 582 1333 benedictio,
602 1265 651 1320 sed
664 1266 747 1334 juxta
764 1266 941 1335 posteriorem
959 1265 1044 1335 signi·
1069 1280 1102 1318 eo
1120 1265 1202 1319 modo
1219 1264 1430 1336 intelligendum
1449 1282 1511 1321 esse
1529 1266 1604 1335 dicit,
1625 1266 1720 1337 perfici
1741 1267 1907 1339 conjugium

212 1353 385 1421 ficationem,
418 1369 502 1424 quam
529 1351 698 1422 etymologia
721 1351 846 1405 vocabuli
871 1368 888 1405 a
913 1351 1044 1405 nubendo
1071 1351 1263 1407 commixtione
1288 1353 1439 1422 corporali,
1466 1370 1522 1407 non
1545 1363 1680 1422 quantum
1702 1357 1744 1408 art
1760 1354 1908 1409 mitatem

212 1440 332 1495 deducta
362 1440 488 1511 respicit,
516 1438 687 1492 contrectatio
717 1438 905 1493 ecclesiastica
934 1437 1095 1493 omninoret
1114 1439 1291 1491 sanctitatem
1317 1440 1457 1507 corijuqii,
1484 1442 1535 1493 sect
1554 1448 1686 1508 qnantum
1701 1443 1743 1493 art
1760 1440 1907 1508 siqmflca·
1923 1461 1967 1502 η,

213 1526 362 1596 requiritur
380 1527 415 1578 ud
434 1530 545 1594 nuptias
555 1522 718 1579 Christianis
737 1522 837 1578 ritibus
854 1529 882 1579 et
898 1523 1044 1579 solennita·
1069 1523 1179 1587 tioncm,
1198 1527 1265 1593 qrsia
1281 1526 1436 1594 perfectius
1455 1528 1584 1579 amionem
1598 1526 1706 1581 Obristi
1724 1534 1750 1579 et
1770 1526 1909 1580 eccleciae

190 1611 288 1665 tibus
314 1611 505 1665 celebrandas.
548 1618 572 1663 6.
592 1610 721 1680 Denique
739 1610 852 1681 quidam
870 1610 1046 1681 distinguunt
1073 1618 1140 1662 tunc
1163 1612 1277 1677 tparat.
1321 1610 1507 1665 Bellarminus
1533 1612 1568 1666 da
1592 1612 1711 1668 matrim.
1735 1629 1758 1666 c.
1785 1618 1809 1668 5.
1834 1629 1909 1682 resp.

213 1698 284 1753 inter
302 1697 419 1752 formam
438 1696 560 1771 conjugii
584 1697 758 1750 asentialem
790 1704 819 1753 et
836 1698 1043 1751 acadcmalem.
1070 1695 1106 1749 ad
1133 1702 1157 1750 6.
1180 1711 1238 1767 arg.
1258 1697 1293 1751 de
1320 1699 1422 1768 copula
1439 1698 1581 1769 conjugali
1610 1699 1681 1753 duas
1699 1698 1909 1753 catholicorum

214 1784 379 1840 Essentialis
402 1785 525 1856 conjugii
553 1782 643 1838 forma
665 1783 791 1839 consistit
815 1784 844 1837 in
862 1784 1000 1839 artisuma
1017 1781 1310 1853 et'fflomanensium)
1329 1784 1473 1855 opiniones
1492 1801 1554 1839 esse
1565 1785 1659 1853 tradit,
1677 1784 1814 1855 quosdam
1831 1785 1909 1839 cium

215 1870 403 1927 indissolubili
425 1871 507 1924 unius
530 1870 616 1969 piaris
634 1870 760 1924 etunius
784 1869 904 1925 feminae
922 1870 1045 1942 legitime
1071 1868 1182 1934 docere,
1200 1871 1278 1936 qnod
1295 1870 1398 1938 copula
1414 1870 1470 1924 illa
1486 1886 1536 1924 nec
1552 1872 1826 1939 samamentnmsit,
1857 1888 1909 1925 nec

213 1958 432 2014 contemnentium
450 1956 660 2026 conjunctioue3
684 1956 733 2010 sed
761 1956 940 2011 accidentalis
958 1956 1046 2011 forma
1068 1971 1141 2024 pars
1173 1956 1359 2022 ramanent,
1391 1958 1443 2009 acet
1467 1956 1558 2009 solum
1584 1966 1664 2011 ectus
1691 1958 1749 2011 moe
1777 1958 1910 2024 officinm

213 2050 307 2115 potest
325 2043 409 2098 statui
427 2043 455 2096 in
475 2041 681 2096 consecratione
701 2042 888 2097 ecclesiastica
908 2053 936 2098 ct
952 2043 1044 2112 nupti·
1070 2040 1249 2106 mammarii,
1266 2060 1301 2095 ec
1314 2044 1440 2111 meinric
1457 2042 1680 2097 accidmarinm
1696 2044 1768 2113 quid
1777 2052 1911 2113 respectu

214 2130 266 2184 alis
283 2129 442 2184 festivitatis
459 2128 653 2192 celebratione,
674 2128 723 2182 sed
742 2129 814 2183 enim
838 2146 901 2182 cum
918 2129 1045 2183 acciden·
1071 2128 1241 2182 sacramenti
1254 2129 1443 2197 matrimonii,
1471 2127 1540 2184 alios
1557 2144 1622 2184 vero
1643 2129 1730 2193 velle,
1758 2130 1834 2201 quod
1862 2147 1908 2184 co·

215 2215 278 2271 talis
304 2215 352 2270 illa
377 2214 466 2269 forma
488 2214 635 2267 arentiam
660 2213 699 2268 rei
719 2230 775 2269 non
795 2215 959 2283 comtituat,
983 2214 1046 2270 ideo
1068 2215 1143 2283 puta
1169 2215 1332 2285 conjugatis
1353 2216 1390 2267 sit
1403 2233 1477 2283 pare
1503 2218 1643 2283 quaedem
1659 2218 1833 2271 scaamenti
1851 2236 1909 2270 sion

215 2302 310 2357 stricte
347 2300 485 2371 loquendo
520 2299 609 2353 forma
645 2315 700 2355 non
736 2306 791 2369 est,
830 2300 879 2354 sed
910 2299 1047 2355 duntaxat
1072 2300 1183 2369 quidem
1215 2301 1381 2366 ememialis,
1413 2303 1465 2355 secl
1495 2302 1659 2371 inteqralis,
1688 2302 1807 2371 ideoque
1842 2312 1910 2357 astte

216 2390 358 2443 externum
378 2386 548 2457 adjunctam.
1072 2386 1201 2457 cwsslam
1227 2387 1435 2441 matrimonium
1463 2388 1610 2456 appellari
1634 2396 1743 2458 ratum,
1771 2392 1824 2441 sert
1851 2407 1910 2444 non

88 2480 159 2521 Mu
249 2480 309 2529 413.
346 2474 378 2538 Q.
400 2480 424 2528 t.
459 2475 507 2527 An
532 2473 634 2541 copulo
657 2474 819 2541 conjaqalis
836 2474 979 2542 pertineat
1007 2476 1048 2526 art
1072 2478 1302 2541 corisummatum3
1333 2490 1427 2529 omnes
1454 2473 1483 2528 in
1501 2489 1534 2529 eo
1553 2474 1698 2531 convenire
1717 2474 1801 2543 dicit,
1831 2476 1911 2547 qnod

89 2532 196 2633 ξξξῗέᾗ.
215 2562 390 2615 matrimonii
424 2561 593 2613 carentiam!
644 2558 793 2614 Affirmant
828 2559 942 2630 quidam
975 2559 1047 2629 juris
1073 2557 1175 2625 copula
1208 2574 1264 2610 non
1291 2559 1328 2611 sit
1349 2575 1424 2626 pars
1448 2561 1615 2618 aeentialis.
1663 2561 1710 2615 Ad
1741 2577 1864 2617 amnes
1891 2578 1911 2617 a

89 2636 118 2675 ¹¹¹
134 2646 185 2684 W·
217 2645 355 2701 Pontificii
375 2662 494 2700 canones
513 2664 535 2701 c.
564 2645 626 2700 Non
641 2643 810 2699 estdubiam
828 2651 869 2700 27.
889 2663 915 2717 q.
934 2650 962 2701 2:
981 2647 1047 2700 Non
1074 2640 1208 2697 Gratiano
1226 2648 1254 2698 et
1271 2642 1431 2699 Lombardo
1450 2645 1587 2702 adductos
1608 2647 1771 2717 respondet,
1792 2665 1841 2701 eoa
1859 2651 1909 2703 ‹lc-

89 2687 203 2779 qqqqrse
216 2740 257 2786 ent
274 2732 398 2801 dulium,
417 2734 500 2786 illam
517 2733 662 2785 tardiorem
672 2748 729 2783 non
736 2732 881 2800 pertinere
893 2735 935 2785 ad
951 2735 1048 2787 matri-
1068 2736 1191 2795 manate
1211 2729 1248 2781 ab
1272 2737 1389 2799 utroque
1413 2731 1499 2785 citari
1521 2749 1556 2785 ac
1575 2734 1697 2801 moines
1722 2741 1748 2787 ct
1770 2732 1912 2789 Gratiani

54 2880 58 2889 1
89 2790 166 2881 mii*-
215 2820 350 2883 nimirem,
380 2836 441 2871 cunr
471 2836 528 2887 qua
555 2818 711 2871 commixtio
736 2834 816 2871 senus
842 2835 899 2872 non
931 2821 1048 2874 docetur
1073 2815 1197 2867 cadmum
1221 2823 1247 2868 et
1272 2818 1427 2871 Lombarrli
1447 2825 1547 2871 tortum
1572 2834 1606 2872 ex
1631 2818 1733 2873 Leonis
1761 2820 1844 2889 epist.
1866 2826 1909 2877 92.

88 2891 149 2932 ‘¹⁸⁰¹'
216 2906 313 2968 misse
343 2921 367 2960 c.
402 2904 472 2958 Cum
489 2905 607 2959 societas
625 2920 700 2959 caus.
719 2908 747 2958 et
764 2910 871 2974 quaest.
892 2904 960 2959 iisd:
979 2905 1047 2959 Cum
1074 2899 1110 2954 ad
1128 2900 1208 2955 Bust
1226 2918 1285 2956 esre
1305 2904 1517 2972 numdandum,
1527 2905 1569 2956 ita
1582 2906 1749 2973 utneqanrli
1759 2908 1912 2975 particula

215 2993 336 3046 societas
354 2992 519 3060 nuptiarum
538 2993 579 3043 ita
599 2991 637 3042 ait
657 3007 675 3042 a
691 2990 833 3059 principio
850 2991 994 3058 insensata,
1017 3001 1048 3046 nt
1074 2992 1235 3053 arstcrotur,
1252 2988 1328 3059 quod
1345 3005 1396 3043 nos
1413 2989 1442 3043 iu
1462 2989 1553 3045 medio
1569 2990 1750 3061 relinquimus
1767 3000 1854 3063 atque
1871 3009 1909 3048 ex

212 3087 328 3147 praeter
356 3079 576 3131 comminutionem
608 3093 720 3130 semitm
749 3094 807 3130 non
831 3078 951 3131 habeant
970 3080 1000 3132 in
1017 3096 1047 3133 se
1073 3091 1106 3128 eo
1126 3073 1161 3128 de
1181 3074 1250 3138 fide.
1281 3091 1336 3145 qua
1355 3079 1415 3128 tum
1434 3076 1585 3130 Gratianus
1612 3077 1784 3134 decretorum
1802 3080 1910 3149 compi-

215 3167 331 3234 nnptiae
363 3165 568 3232 conjunctionis
599 3163 706 3217 Gtrieti
735 3173 761 3218 ct
789 3165 923 3218 ecclcsiae
950 3182 1047 3220 sacra
1075 3159 1155 3229 lator,
1174 3167 1233 3214 tum
1248 3160 1424 3215 Lombardus
1442 3160 1624 3218 scholasticae
1641 3163 1798 3234 theologiae
1808 3170 1910 3221 auctm

216 3259 343 3318 menterno,
362 3268 417 3303 non
436 3252 550 3303 «lubitum
570 3258 624 3313 est,
645 3251 727 3304 illam
749 3251 895 3304 mulierem
912 3268 967 3304 non
982 3269 1047 3321 pcr-
1073 3251 1196 3300 vsoerurn
1226 3246 1331 3317 scripta
1361 3252 1493 3313 butant,
1519 3248 1657 3317 judicium
1683 3250 1742 3304 fieri
1766 3250 1910 3320 jubemus.

215 3335 304 3389 ancre
321 3337 362 3388 art
378 3336 593 3404 matrimonium,
607 3353 669 3389 crim
686 3354 741 3405 (μισ
756 3338 940 3390 docctrrrnon
958 3340 1048 3400 fuisse
1072 3333 1146 3385 Jurc
1173 3332 1448 3404 inaquositatem
1474 3335 1575 3405 copula
1601 3336 1719 3391 carnalis
1747 3336 1845 3393 itidem
1870 3338 1910 3393 ad

217 3422 345 3489 aquato
372 3422 563 3475 miratoriam.
603 3421 769 3475 Benedictus
787 3422 911 3490 ponifex
928 3440 951 3479 c.
989 3424 1047 3480 Lex
1073 3419 1304 3488 complementum
1321 3418 1488 3473 matrimonii
1499 3422 1656 3477 suasano
1667 3422 1770 3493 requiri
1786 3422 1909 3493 viteus,

215 3506 327 3562 divinae
338 3516 448 3564 causet
460 3507 650 3577 quantine:
669 3506 935 3575 noetianorum
949 3513 1047 3565 aceto
1073 3504 1139 3558 dum
1159 3504 1224 3559 lecti
1235 3505 1390 3576 coniugalis
1407 3507 1640 3571 consensionem,
1659 3522 1730 3579 quae
1741 3507 1910 3565 comuniter

215 3610 300 3647 carme
320 3612 390 3664 uria,
415 3594 550 3660 innotuit,
573 3611 628 3647 non
648 3593 733 3645 aliter
751 3593 841 3646 mmm
858 3602 885 3648 et
903 3597 1047 3651 mulierem
1073 3590 1165 3661 gratia
1182 3591 1241 3645 ficri
1257 3592 1408 3661 consuevit,
1426 3593 1609 3647 numanam
1627 3610 1688 3650 ense
1705 3595 1804 3650 statuit
1820 3596 1868 3651 lib.
1888 3605 1908 3653 l.

210 3696 297 3753 posse
318 3681 387 3747 ficri
410 3698 494 3734 unam
515 3694 642 3747 carnem,
666 3680 723 3732 nisi
738 3681 853 3734 carnali
874 3683 977 3750 copula
993 3686 1049 3739 eibi
1072 3678 1210 3746 conteret
1238 3683 1290 3732 na
1322 3684 1363 3734 31.
1392 3686 1421 3733 et
1453 3684 1494 3734 45.
1514 3678 1563 3735 lib.
1583 3684 1607 3735 3,
1625 3685 1676 3735 art
1699 3687 1742 3736 45.
1762 3682 1816 3735 uisi
1844 3684 1910 3754 quis

214 3766 390 3835 cohaereant,
404 3768 453 3834 qni
463 3782 531 3835 erqo
542 3783 720 3834 ricquaqaam
734 3766 837 3819 mirina
848 3776 888 3821 est
901 3777 1047 3826 extraneae
1073 3763 1126 3818 hoc
1138 3763 1258 3833 accipiat
1274 3764 1380 3818 dicium
1398 3765 1435 3818 de
1452 3764 1500 3819 illo
1512 3764 1575 3832 ritu,
1590 3766 1670 3835 cujus
1682 3766 1775 3822 adhuc
1786 3769 1910 3841 vestigia

213 3852 328 3904 mulieri
341 3853 459 3915 foedere
476 3852 607 3920 nuptiali,
625 3868 680 3920 quo
691 3860 779 3920 pacto
796 3869 849 3922 per
865 3857 945 3908 nuda
963 3874 1045 3924 spon-
1074 3850 1211 3920 quaedam
1228 3850 1258 3904 in
1271 3849 1393 3905 inferiori
1409 3850 1530 3907 Saxoma
1547 3858 1668 3919 exstem,
1697 3870 1754 3924 quo
1771 3855 1909 3925 nuptialis

212 3938 302 3990 nonis
332 3938 417 3991 certa
442 3944 561 4006 possunt
589 3953 646 3989 uria
675 3954 743 3991 coro
770 3940 856 4007 fleri,
887 3942 1047 3996 numanus
1072 3936 1231 3991 festivitatis
1259 3937 1305 3991 die
1338 3937 1368 3991 iu
1392 3937 1549 4008 praesentia
1572 3944 1755 4009 oogmtorum
1782 3948 1812 3995 et
1838 3943 1909 3997 anii-

212 4023 338 4077 oalemus
355 4025 466 4077 inurent.
494 4023 699 4092 Propinquitns
716 4026 788 4078 enim
802 4028 1046 4095 sanpmttacortis
1073 4039 1167 4077 corum
1187 4039 1289 4093 sponsa
1307 4039 1409 4094 sponso
1428 4023 1520 4077 media
1537 4022 1599 4079 luce
1616 4023 1764 4081 adducitur
1781 4029 1812 4082 et
1830 4034 1909 4085 uter-

214 4110 333 4175 dieitur,
360 4128 417 4164 non
443 4111 534 4163 nabis
558 4110 697 4179 efficitur,
724 4115 774 4165 aed
799 4129 886 4182 neque
922 4118 1047 4171 esaiam
1073 4127 1127 4181 que
1147 4111 1175 4164 in
1193 4111 1296 4166 lectum
1314 4110 1472 4165 collocmur.

212 4197 292 4265 parit
308 4198 559 4266 propinquitatem,
578 4197 775 4265 quodnullam
792 4200 1046 4262 faoitcommintio-
1107 4202 1165 4253 tlt.
1202 4196 1344 4268 Quidquid
1361 4213 1426 4251 vero
1445 4195 1481 4250 sit
1498 4197 1533 4251 de
1550 4197 1909 4270 quibusdemjurisPonti-

217 4300 288 4336 nem.
337 4282 513 4337 Lombardus
536 4289 562 4338 4,
593 4288 662 4336 sent
694 4283 756 4338 dist.
791 4289 834 4341 at.
859 4286 899 4342 lit.
926 4286 961 4344 G,
988 4307 1046 4346 ρος.
1072 4282 1129 4337 ficii
1156 4283 1308 4338 canonibus
1337 4282 1381 4337 vol
1413 4283 1500 4337 veteri
1527 4284 1666 4339 Saxonum
1691 4286 1772 4355 jure,
1802 4290 1909 4343 rectius

217 4368 280 4424 dem
313 4386 433 4425 canones
463 4368 590 4437 adducit,
620 4385 689 4438 quos
722 4369 816 4425 itidem
840 4380 873 4426 ut
897 4372 1047 4431 Gratianus
1073 4369 1183 4424 omnino
1219 4370 1367 4441 ianuar,
1403 4370 1531 4440 copulam
1568 4372 1743 4443 conjusdam
1776 4390 1833 4429 nou
1870 4378 1910 4433 sd

216 4456 374 4526 Augustino
405 4463 433 4511 et
463 4455 550 4511 Leoni
574 4455 687 4520 tribuit,
720 4457 810 4528 iisque
839 4459 920 4514 addit
942 4462 1046 4518 dictum
1074 4456 1183 4526 nictus,
1200 4456 1249 4511 ted
1266 4457 1302 4511 ad
1319 4473 1400 4510 usum
1419 4458 1542 4528 conjugii
1561 4459 1713 4528 pertinere,
1736 4460 1812 4530 quod
1828 4470 1912 4533 patet

215 4541 379 4613 Augustini:
399 4543 465 4596 Non
486 4549 526 4594 eet
537 4542 695 4609 perfectum
712 4544 873 4613 conjnqs'um
895 4548 955 4600 aine
976 4567 1047 4604 com.
1076 4550 1098 4598 l.
1117 4560 1150 4598 ex
1167 4544 1232 4612 ipsa
1249 4543 1376 4612 cortiuqii
1392 4543 1564 4609 definitione,
1583 4561 1656 4615 quae
1674 4562 1773 4601 causas
1792 4551 1911 4605 asena-

215 4628 346 4682 miutione
365 4644 488 4681 seruum.
513 4626 583 4681 Cum
597 4643 662 4682 vero
676 4644 710 4682 er
725 4629 875 4701 Augustini
892 4634 1046 4690 etaliorum
1074 4630 1132 4685 ales
1151 4630 1276 4699 ejusdem
1294 4630 1421 4698 exponit,
1444 4631 1564 4685 carnalia
1582 4646 1647 4685 sero
1665 4632 1782 4702 copulae
1800 4634 1910 4691 nullam

215 4720 327 4785 patrum
346 4714 428 4769 dietis
446 4713 615 4768 connarium
634 4713 738 4770 diserte
757 4716 868 4786 probari
886 4720 990 4788 possit,
1016 4731 1047 4777 ut
1074 4716 1185 4771 ommno
1212 4715 1381 4769 monueram
1409 4715 1486 4769 facit·
1545 4714 1662 4771 (ionem
1697 4720 1829 4791 conjugio
1856 4740 1910 4777 sus

215 4799 330 4855 inferius
349 4800 513 4869 videbimus,
532 4799 595 4854 ideo
613 4800 790 4857 vehementer
808 4802 919 4859 laborat
936 4806 965 4859 in
982 4823 1047 4863 con·
1074 4801 1218 4870 integri&
1244 4817 1278 4856 ΘΧ
1300 4817 1385 4855 081118
1407 4800 1558 4871 efficiente,
1580 4803 1715 4858 maurini
1739 4811 1770 4860 ct
1785 4806 1910 4875 formali,

213 4886 355 4941 ciliatione
373 4886 481 4939 illorum
503 4886 647 4940 dictorum.
695 4889 759 4941 Hoc
778 4888 890 4961 (inquit)
907 4893 935 4944 si
951 4910 1046 4947 sann-
1074 4887 1157 4941 sivel
1175 4888 1292 4943 maxime
1308 4889 1738 4960 museonjugaliscopulaenou
1749 4896 1910 4965 accusarit

214 4975 282 5025 dnm
300 4973 473 5040 asperticiem
493 4973 638 5026 vatorum
658 4974 722 5041 qais
734 4976 882 5043 acceperit,
901 4978 1047 5033 meriatur
1059 5012 1062 5027 .
1071 4991 1137 5041 pum
1156 4974 1219 5028 finis
1233 4981 1361 5045 respectu
1373 4975 1534 5031 intentionis
1552 4976 1663 5046 quidem
1675 4977 1713 5033 sit
1723 4982 1909 5052 necessarius,

212 5059 243 5111 in
255 5075 391 5112 errorem
417 5066 537 5126 tantam,
559 5066 589 5111 ut
611 5060 699 5128 dicat,
722 5061 783 5113 eine
807 5062 923 5115 carnali
944 5067 1047 5133 copula
1073 5061 1123 5115 sed
1140 5062 1169 5114 in
1189 5062 1364 5118 exsecutione
1381 5080 1436 5118 non
1448 5080 1556 5135 semper
1570 5070 1636 5120 actu
1647 5072 1788 5136 sequatur.
1818 5070 1848 5125 2.
1862 5071 1910 5123 At

213 5162 269 5198 non
287 5161 373 5212 posse
398 5145 530 5198 contrabi
545 5146 754 5199 matrimonium
774 5154 800 5200 ct
827 5147 900 5201 inter
917 5134 1261 5216 Mariam⁵arenurlornm
1296 5151 1466 5204 inductione.
1522 5149 1617 5209 Inter.
1628 5153 1737 5221 primm
1768 5164 1909 5221 parentes

212 5238 239 5282 et
257 5230 365 5300 Joscplt
384 5248 439 5282 non
458 5230 550 5293 fuisse
568 5232 728 5299 conjuqium
744 5232 789 5285 uel
806 5249 862 5286 non
873 5235 965 5297 fuisse
981 5253 1045 5305 per-
1071 5239 1137 5289 aute
1160 5234 1268 5304 lapsum
1291 5236 1346 5290 suit
1370 5253 1465 5291 rerum
1487 5244 1516 5290 et
1536 5244 1626 5291 iatum
1651 5237 1768 5311 Deoque
1792 5248 1908 5311 gutum

211 5318 329 5384 fectum,
356 5318 433 5384 quest
453 5317 538 5381 nesae
564 5326 604 5371 est
627 5321 736 5373 sauine.
779 5320 872 5372 Tanto
892 5321 964 5375 enim
981 5340 1044 5375 san-
1071 5321 1247 5393 conjugium,
1272 5322 1309 5377 ab
1328 5323 1388 5392 ipso
1405 5323 1467 5377 Deo
1495 5325 1684 5396 conciliatum,
1709 5324 1908 5385 confirmatum

211 5404 285 5455 etius
296 5403 355 5466 sirit
375 5420 409 5456 ac
425 5404 589 5473 perfectirss,
606 5413 710 5473 qrsauto
723 5425 741 5460 a
759 5407 874 5460 carnali
890 5424 975 5479 opere
993 5402 1104 5473 imiac
1133 5414 1336 5473 consecratum,
1368 5410 1492 5481 quumvis
1518 5411 1641 5465 noudum
1664 5420 1822 5469 mearunt
1841 5432 1907 5471 con·

211 5489 327 5541 munius.
376 5492 453 5557 Erqo
485 5490 614 5559 asperius
638 5492 734 5561 posita
770 5510 804 5544 ca
830 5495 940 5547 rationo
965 5495 1175 5566 «lictutjugaiis
1196 5496 1310 5565 copon,
1341 5513 1424 5567 quam
1450 5504 1513 5566 post
1537 5497 1645 5566 lapsum
1676 5498 1788 5555 demina
1817 5500 1908 5559 fuisse
