4020 6022
289 176 325 233 m
613 247 616 255 .
858 164 1385 233 nocusmcsanausoumuus

283 321 418 379 feruntn.
452 318 517 376 dem
536 338 602 378 vero
620 320 760 378 Pontificii
775 320 890 377 clericos
915 320 945 376 in
961 320 1113 392 majoribus
1139 320 1214 393 Ergo
1243 327 1293 378 eut
1320 339 1384 394 pers
1404 321 1548 394 integrelis
1566 339 1623 378 non
1641 321 1709 390 erit,
1735 327 1785 378 sut
1803 325 1894 377 toturn
1915 336 1971 376 non

283 407 427 464 ordinibus
444 408 608 464 constitutos
627 414 723 464 ercent
739 424 758 463 e
772 406 920 479 conjugio,
937 423 1002 463 cnm
1020 413 1114 463 temen
1139 406 1258 478 emplius
1276 408 1328 464 erit
1345 409 1484 481 integrum
1502 425 1536 463 sc
1554 425 1649 464 rerum
1667 412 1878 465 recrementum.
1914 408 1969 462 At·

283 494 325 550 illi
346 494 471 567 conjugii
501 494 657 552 libertstem
688 494 741 550 sibi
774 494 890 550 concedi
914 499 1058 566 expetent,
1084 498 1116 547 ut
1140 509 1195 564 que
1218 511 1251 550 eo
1280 503 1407 566 spectent
1431 511 1550 552 canones
1573 495 1744 552 ccccmo
1767 501 1796 552 et
1812 493 1972 551 Lomberdo

284 596 318 636 ex
347 580 463 636 historie
495 580 650 638 Tridentini
678 579 787 636 concilii
816 586 941 650 constet,
970 585 999 636 et
1024 578 1115 650 requi·
1140 579 1261 651 ellegsti.
1296 580 1482 638 Bellarminns
1497 581 1612 655 regerit,
1639 583 1707 638 silos
1729 600 1788 638 esse
1814 588 1970 651 contemtos,

283 666 344 723 sitis
371 669 408 724 ed
434 668 560 740 conjugii
593 672 766 723 contractum
796 665 958 723 necessariis
987 665 1115 721 instructi
1140 685 1202 720 cam
1215 668 1246 721 in
1257 670 1381 738 epistola
1391 671 1504 738 Morem,
1522 687 1555 724 ec
1574 669 1763 741 quaaddrscti
1776 677 1847 737 snnt,
1867 668 1972 722 omissa

283 754 347 823 sint,
365 753 395 808 id
415 753 490 825 quod
508 755 569 826 ipsu
587 752 679 825 pteris
697 759 823 809 testatur.
857 752 933 825 Ergo
957 769 1013 809 non
1030 768 1115 824 cgno-
1141 752 1178 806 sit
1207 756 1329 823 montio.
1365 754 1587 827 Respondemus:
1615 754 1776 827 corruptela
1800 755 1849 811 ills
1876 753 1972 809 multis

284 845 373 910 scunt,
392 839 552 912 conjugium
571 857 632 896 esse
648 839 760 911 proprie
776 840 816 894 sic
834 838 940 893 dictum
958 853 1114 894 sacremen-
1141 839 1241 894 seculis
1256 845 1369 912 recepta
1388 841 1522 912 ostendit,
1545 858 1601 914 que
1624 842 1680 899 fide
1697 841 1849 898 Gmtienus
1866 840 1973 913 scripte

283 933 351 984 turn
388 924 419 982 si
432 925 600 996 dispensatio
612 930 846 981 sacramentorum
867 925 903 979 cd
921 923 1035 980 clericos
1053 939 1115 994 per·
1140 932 1265 982 veterum
1281 929 1456 998 tractuerit3
1485 945 1519 984 ec
1545 929 1569 984 si
1593 928 1638 985 rel
1656 930 1776 986 maxime
1793 928 1904 1000 negatio
1924 927 1972 982 ills

283 1012 361 1077 tinet,
381 1029 431 1068 cur
445 1011 482 1067 eb
499 1012 583 1084 hujus
603 1010 769 1068 sacrementi
781 1010 987 1082 dispensatione
1007 1016 1035 1065 et
1051 1025 1113 1081 per·
1142 1010 1300 1083 ominetur,
1326 1020 1419 1070 tumen
1444 1014 1523 1071 nobis
1547 1013 1664 1085 sufficit,
1694 1015 1769 1086 quod
1787 1013 1972 1070 Bellsrmiuus

283 1098 444 1171 ticipetioue
475 1101 585 1155 eosdem
612 1097 784 1155 excludunt?
812 1097 1010 1166 (Bellsrminus
1041 1095 1114 1151 euim
1141 1099 1277 1171 concedit,
1294 1101 1425 1170 copulam
1439 1101 1616 1171 conjuratam
1629 1102 1972 1171 adintepritatemsacra·

284 1186 380 1242 stetuit
397 1203 420 1242 c.
438 1191 462 1242 6.
480 1186 559 1255 ipsae
577 1203 716 1256 personas
741 1185 933 1240 contrahentes
956 1200 1013 1238 esse
1032 1183 1113 1236 mini·
1140 1187 1228 1240 menti
1252 1188 1403 1255 portione.
1441 1186 1475 1241 se·
1493 1188 1565 1241 desit
1585 1187 1696 1259 (inquit)
1718 1188 1836 1260 copssla,
1865 1187 1971 1254 eipnifi·

283 1280 358 1327 stros
383 1281 409 1326 et
435 1273 643 1342 dispensatores
668 1272 751 1341 boios
774 1269 971 1340 sacramenti.)
1010 1268 1039 1326 Si
1064 1285 1115 1342 per
1140 1271 1216 1326 catio
1242 1275 1381 1341 quaedam
1408 1274 1515 1341 demit,
1539 1281 1614 1346 pata
1637 1274 1841 1342 coniunctionis
1865 1270 1975 1326 Christi

284 1360 337 1415 boc
353 1365 554 1415 recrementum
571 1358 662 1430 metis
681 1357 735 1414 Dei
753 1364 782 1413 et
799 1355 918 1429 Spiritus
935 1356 1024 1411 sancti
1041 1356 1115 1412 done
1140 1374 1202 1411 cum
1219 1359 1337 1413 ecclesia
1350 1376 1405 1428 per
1422 1367 1544 1414 natiuae
1561 1360 1793 1429 conformitatem,
1812 1375 1863 1412 nec
1879 1365 1973 1413 tomen

285 1447 488 1519 dispensantur,
507 1463 558 1502 cur
577 1445 727 1502 sacrificuli
742 1446 796 1500 hoc
816 1444 907 1501 medio
924 1443 1042 1517 gratim
1060 1443 1115 1499 Dei
1140 1444 1231 1498 omnm
1254 1445 1423 1514 sipnificatio
1448 1446 1551 1514 metr,
1578 1446 1646 1516 quia
1672 1446 1848 1516 sipnificatar
1877 1445 1971 1499 adbuc

285 1538 314 1590 et
339 1532 473 1605 Spiritum
497 1538 624 1588 sanctum
650 1530 837 1603 consequendi
860 1528 1027 1602 privantur?
1056 1528 1114 1581 Per
1141 1530 1299 1600 conjonctio
1316 1529 1424 1586 Otreos·
1434 1549 1496 1585 cnm
1514 1532 1640 1601 eeclesia,
1658 1533 1703 1586 oei
1718 1549 1780 1587 eam
1795 1531 1893 1600 qcaos's
1909 1532 1970 1586 ani-

284 1628 377 1675 aetum
407 1619 582 1690 eonjapatem
603 1635 689 1689 posse
708 1618 821 1687 acquiri
841 1616 965 1687 qratiam
989 1612 1114 1686 Spiritus
1140 1634 1187 1669 ma
1194 1632 1250 1686 per
1261 1635 1384 1672 amorem
1396 1619 1581 1687 spiritualem,
1600 1626 1626 1672 et
1643 1618 1882 1688 ideoeonjspium
1895 1617 1972 1672 iilud

282 1707 383 1773 sancti,
399 1707 514 1776 quando
531 1712 609 1759 actus
626 1705 676 1759 ille
687 1712 730 1758 est
746 1712 824 1758 actes
834 1703 972 1772 institiae,
991 1701 1035 1755 oei
1052 1700 1114 1755 obe·
1140 1712 1345 1758 sacramentum
1361 1705 1476 1774 quidem
1494 1706 1563 1773 erit,
1590 1708 1641 1760 sed
1656 1705 1756 1777 aliqua
1774 1722 1806 1760 ca
1818 1712 1905 1776 parte
1919 1705 1970 1759 im·

284 1792 471 1861 dientiae,rel
484 1791 621 1859 caritatis,
639 1789 736 1845 scribit
751 1789 972 1846 Bellnrminnsc.
986 1793 1008 1842 5.
1027 1782 1055 1859 ξ.
1070 1791 1113 1841 41.
1137 1791 1296 1859 perfectam
1325 1799 1352 1845 et
1378 1810 1434 1847 non
1456 1801 1682 1847 consommatnm.
1715 1791 1757 1847 Ex
1784 1806 1818 1848 eo
1836 1790 1909 1846 enim
1928 1790 1968 1846 sic

285 1895 335 1934 cnr
355 1878 440 1951 igitur
458 1875 606 1933 sacrificuli
626 1875 662 1931 sb
679 1875 732 1931 hoc
747 1880 813 1932 ectu
832 1872 982 1931 arcentur?
1013 1878 1036 1930 3.
1056 1872 1114 1928 Ru·
1140 1875 1342 1931 concludimus:
1363 1877 1479 1948 Absque
1499 1895 1554 1950 quo
1571 1885 1772 1935 recrementum
1795 1877 1909 1949 sliquod
1927 1883 1970 1932 est

283 1963 368 2020 srdus
383 1964 529 2036 Teppems
546 1963 583 2018 sd
600 1969 651 2019 ert
672 1968 710 2019 18.
735 1979 764 2033 p.
784 1967 841 2018 215.
862 1976 990 2032 expresse
1007 1957 1114 2027 asserit,
1141 1961 1350 2033 imperfectum,
1376 1962 1446 2019 illud
1468 1964 1588 2037 pertinet
1612 1965 1648 2019 sd
1673 1964 1860 2036 integritatem
1878 1978 1968 2018 secre-

281 2069 339 2107 eon
355 2052 446 2105 solam
463 2070 482 2104 a
500 2051 590 2105 codes
608 2049 733 2118 libidine,
750 2049 803 2103 sed
821 2066 840 2101 a
858 2053 1033 2102 sacramento
1049 2046 1113 2115 ipso
1139 2048 1234 2104 menti.
1268 2049 1385 2121 Absque
1404 2049 1505 2122 copule
1524 2050 1629 2106 arnoli
1640 2050 1800 2122 conjugium
1818 2055 1862 2105 est
1877 2065 1968 2104 secre-

283 2139 379 2193 arceri
394 2138 562 2201 sacerdotes,
578 2143 609 2189 ct
627 2152 684 2189 non
702 2135 785 2188 liceat
805 2135 845 2188 eis
864 2134 1034 2188 conmatere.
1070 2130 1114 2186 Ac
1139 2144 1262 2191 mentum
1279 2135 1477 2207 imperfectum.
1507 2136 1583 2208 Ergo
1595 2138 1695 2208 copule
1714 2136 1832 2192 cernelis
1848 2135 1970 2207 pertinet

284 2223 468 2280 Bellnrminm
485 2223 545 2293 ipse
562 2221 615 2277 hoc
633 2219 725 2291 capite
742 2216 770 2293 ξ.
790 2219 920 2276 Secundo
944 2218 985 2274 sic
1002 2215 1112 2272 scribit:
1139 2221 1176 2276 ad
1193 2221 1381 2293 integritatem
1393 2223 1565 2278 sacramenti,
1602 2222 1739 2280 Ulterius:
1763 2222 1861 2279 cleriei
1875 2238 1968 2278 200„-

283 2309 372 2366 Falso
390 2309 507 2364 assumit
526 2307 675 2375 Calvinae,
701 2306 877 2360 taedrdoitm
904 2321 962 2359 non
983 2303 1079 2357 arceri
1095 2319 1113 2354 α
1135 2308 1217 2380 jugie)
1234 2316 1363 2365 areentur
1382 2315 1496 2380 propter
1515 2308 1643 2380 copulam
1663 2309 1845 2382 (eonjugsslem,
1863 2325 1887 2364 e,
1906 2324 1968 2380 pro-

282 2405 455 2453 romanense
484 2394 657 2450 matrimonii
682 2409 715 2447 ec
738 2392 874 2448 sententia
898 2389 1112 2457 emesinorum,
1139 2395 1264 2465 posuisti.
1283 2395 1344 2450 dist.
1367 2400 1409 2452 82.
1447 2388 1521 2467 Ergo
1539 2402 1652 2468 propter
1670 2395 1782 2468 aliquod
1800 2395 1837 2450 sd
1853 2394 1967 2466 integri-

282 2484 441 2539 ordeolum
458 2501 478 2537 a
496 2482 578 2536 coito.
613 2483 752 2535 Arcentrtr
774 2480 846 2534 enim
855 2478 945 2548 pistas
953 2477 1114 2531 mesmes
1137 2487 1223 2536 tstem
1235 2482 1399 2537 sacrementi
1412 2481 1552 2552 pertinens
1564 2487 1593 2537 et
1610 2499 1660 2553 per
1672 2498 1842 2555 consequeus
1853 2487 1968 2554 propter

282 2587 339 2626 nott
358 2589 378 2624 a
394 2569 470 2623 coitu
490 2576 605 2634 tantum,
622 2569 676 2622 mi
684 2567 769 2622 etiam
786 2584 806 2620 a
823 2571 998 2621 sacramento
1015 2561 1112 2616 mairi-
1139 2568 1230 2637 ipsum
1264 2574 1476 2624 sacramentum,
1519 2568 1637 2632 Quando
1672 2567 1758 2640 igitur
1783 2567 1968 2624 Bellerminue

283 2657 384 2726 monii,
401 2673 457 2710 non
476 2653 586 2724 quidem
604 2653 714 2707 ratione
727 2650 910 2719 sacramenti,
934 2651 986 2703 sed
1002 2649 1113 2702 ramme
1140 2653 1220 2723 dicit,
1246 2658 1406 2710 sacerdotes
1432 2656 1527 2710 arceri
1549 2671 1568 2707 a
1591 2653 1764 2709 matrimonii
1791 2663 1967 2711 sacramento

284 2760 388 2811 mem,
406 2757 477 2812 ossae
496 2747 671 2795 sacramento
690 2747 755 2793 sunt
772 2754 890 2792 annena.
926 2734 1006 2800 Quod
1023 2735 1113 2806 ipsum
1139 2758 1195 2794 non
1211 2742 1323 2811 quidem
1341 2743 1453 2798 ratione
1468 2741 1649 2810 sacramenti,
1666 2743 1718 2795 sed
1736 2742 1846 2795 ratione
1864 2758 1968 2813 mmm,

228 2878 230 2887 .
286 2831 370 2888 etism
384 2826 576 2899 exhypothesi
589 2824 821 2882 scholasticorum
835 2822 982 2894 colligitur.
1012 2820 1114 2892 Dispu·
1140 2845 1212 2898 qaae
1242 2836 1418 2884 sacramento
1446 2845 1557 2883 anneao
1578 2835 1654 2896 sumt,
1685 2827 1804 2883 breviter
1823 2828 1968 2884 addimus:

286 2922 349 2973 tent
364 2915 459 2986 :euim
493 2913 669 2970 Inmberdm
703 2918 728 2968 4.
760 2917 829 2966 sent
861 2909 924 2964 dist·
958 2914 999 2964 26·
1030 2907 1067 2962 G·
1086 2915 1115 2962 et
1139 2913 1240 2984 copule
1256 2914 1410 2986 conjngslis
1427 2930 1534 2970 enuere
1552 2921 1595 2969 est
1611 2913 1784 2969 matrimonio
1806 2930 1840 2969 er
1859 2914 1967 2971 Benn-

289 3002 441 3060 (intime
459 3019 482 3057 c.
519 3000 589 3056 Cum
617 2998 734 3055 totietas
751 3004 801 3053 etc·
842 2996 905 3053 Non
929 3002 972 3051 ott
990 2993 1112 3050 dubium.
1140 3000 1207 3055 mini
1226 3001 1372 3072 hypothesi
1389 3006 1423 3055 ut
1437 3018 1502 3072 pare
1520 2999 1677 3072 integrelie,
1700 2999 1806 3071 absque
1832 3017 1888 3072 qua
1903 3018 1968 3057 eon.

284 3095 327 3147 ²7.
345 3107 372 3162 q.
391 3094 415 3144 t.
437 3088 594 3142 deratiom
612 3084 782 3139 remanenti
799 3098 858 3138 erse
876 3083 967 3153 ipsam
984 3097 1113 3150 conpres-
1135 3086 1209 3158 jugii
1228 3091 1430 3142 sacramentum
1455 3093 1498 3141 est
1518 3085 1716 3156 imperfectum.
1752 3085 1827 3158 Ergo
1845 3105 1900 3143 nou
1918 3105 1969 3158 per

283 3194 345 3232 rem
362 3176 548 3246 ocajopalem,
567 3172 671 3243 qnippe
682 3187 737 3244 per
748 3187 828 3240 quem
840 3171 981 3239 fiqsretrcr
999 3170 1113 3239 conjun·
1138 3172 1275 3243 accidens,
1294 3172 1343 3229 sed
1357 3190 1407 3244 per
1419 3189 1450 3227 se
1462 3172 1501 3226 illi
1519 3188 1628 3228 sunere
1638 3178 1689 3229 est.
1716 3171 1780 3227 dem
1792 3188 1858 3228 vero
1870 3190 1968 3230 ercen-

284 3264 340 3319 otio
357 3261 462 3317 Christi
480 3277 541 3315 mm
560 3257 678 3313 ecclesia
697 3274 755 3327 per
786 3263 906 3310 nmsroe
931 3255 1113 3323 cbrttormita·
1139 3266 1185 3314 tur
1202 3253 1357 3314 sacerdotes
1370 3274 1388 3313 e
1400 3256 1530 3329 conjugio
1544 3264 1657 3330 propter
1668 3259 1804 3331 copulam,
1827 3274 1893 3332 ergo
1902 3276 1967 3332 pro·

284 3358 346 3419 tem,
377 3351 444 3402 dom
472 3347 578 3400 scilieet
605 3344 737 3413 conjures
767 3342 930 3408 efficiuntur
954 3358 1012 3395 ΨΜ
1037 3356 1113 3394 ww·
1138 3350 1202 3417 pter
1214 3345 1335 3416 aliquod,
1354 3344 1429 3416 quod
1440 3361 1491 3416 per
1508 3361 1537 3400 se
1555 3345 1685 3417 conjugio
1696 3351 1728 3401 ut
1741 3353 1912 3402 recremento
1925 3355 1968 3403 est

284 3434 332 3493 Sic
351 3450 418 3507 ergo
437 3430 642 3488 muclndimns:
667 3428 759 3485 clerici
777 3434 908 3483 ercentnr
928 3443 946 3482 s
963 3441 1114 3497 congressu
1138 3448 1283 3501 annerum,
1297 3438 1325 3488 et
1334 3448 1385 3503 per
1396 3447 1565 3504 consequens
1573 3437 1655 3488 etism
1669 3431 1706 3487 eb
1715 3431 1777 3504 ipso
1786 3442 1967 3504 ssmsmento,

283 3518 431 3593 conjugali.
471 3521 641 3590 congressus
660 3505 815 3587 conjugelis
831 3521 875 3570 est
891 3513 925 3569 de
942 3513 1050 3568 ratione
1067 3529 1110 3566 se·
1139 3524 1275 3590 quatenus
1287 3523 1329 3574 eet
1340 3518 1405 3574 tsle.
1417 3518 1633 3578 t.Bellarminus
1640 3517 1692 3573 sibi
1702 3507 1847 3578 manifeste
1855 3528 1965 3577 contre-

284 3605 431 3663 crementi.
466 3603 541 3675 Engo
558 3608 688 3658 arcentur
704 3599 741 3657 ab
760 3615 808 3670 eo,
841 3600 916 3671 quod
933 3599 963 3654 in
983 3597 1113 3670 conjugl⁰
1139 3607 1215 3674 dicit,
1224 3604 1336 3677 quaudo
1349 3605 1378 3659 in
1389 3605 1566 3676 responsione
1579 3605 1616 3660 ad
1631 3605 1757 3677 quintum
1771 3615 1966 3680 argumentum

284 3693 368 3749 hebet
384 3690 520 3747 rationem
538 3686 709 3744 sacramenti·
743 3684 926 3743 Bellsrminufl
943 3683 1054 3757 regerit,
1075 3686 1111 3738 dt
1138 3688 1166 3767 ξ.
1187 3697 1228 3748 26.
1246 3689 1356 3746 scribit:
1381 3689 1435 3753 Qut
1458 3707 1559 3745 naeres
1576 3692 1713 3746 ducerent
1735 3700 1761 3747 et
1780 3711 1814 3748 ec
1831 3710 1966 3751 consenso

284 3779 387 3851 copula
406 3776 630 3848 conjunctiores
649 3775 722 3827 duas
740 3773 886 3845 opinioner
905 3772 1111 3827 Catholicoram
1136 3785 1232 3834 mutuo
1258 3776 1457 3832 continetiam
1479 3783 1646 3846 perpensam
1662 3779 1845 3848 profitentur,
1874 3783 1966 3837 ,am-i,

285 3864 526 3934 (Romanensium).
556 3860 679 3924 Quidam
690 3858 1016 3928 enimdombcopttlam
1029 3859 1112 3914 tilam
1138 3864 1284 3919 ordinibus
1300 3862 1415 3917 initiari
1427 3868 1552 3934 poseant,
1570 3870 1595 3916 et
1610 3870 1704 3917 tamen
1720 3865 1807 3925 ,simrd
1823 3869 1885 3921 ceri
1900 3885 1966 3922 con·

283 3969 336 4008 nec
354 3957 572 4014 sacramentnm,
589 3964 640 4002 nec
651 3954 765 4019 partem
786 3945 958 4000 somamenti
975 3961 1044 4014 esse,
1061 3945 1113 3999 sed
1136 3952 1219 4021 iopes
1238 3957 1264 4003 et
1281 3949 1442 4004 sacerdotes
1464 3956 1537 4005 sont.
1559 3954 1589 4004 et
1613 3955 1710 4020 postes
1731 3947 1759 4026 ξ.
1777 3957 1819 4010 36.
1836 3953 1965 4026 subjicit:

284 4046 376 4094 comm
394 4038 484 4093 solem
501 4035 558 4090 sios
576 4034 702 4101 assisiam
727 4031 913 4110 matrimonii,
941 4049 975 4088 aa
986 4031 1112 4103 proinde
1137 4037 1278 4092 Arcentar
1297 4036 1387 4106 plane
1408 4036 1569 4090 sacmdotes
1585 4053 1640 4090 non
1667 4038 1741 4092 codo
1767 4046 1888 4105 tantam,
1915 4045 1968 4097 sed

284 4125 398 4196 aliquid
413 4121 636 4177 accidentariam
647 4126 772 4190 respectu
789 4118 979 4188 matrimonii,·
997 4117 1053 4173 atii
1065 4136 1112 4173 oo·
1138 4124 1223 4179 etiam
1241 4140 1260 4176 a
1277 4128 1453 4177 sacramento
1466 4122 1645 4191 matrimonii,
1663 4140 1719 4178 non
1730 4126 1840 4194 quidem
1856 4128 1966 4184 renone

283 4212 352 4277 bant,
365 4207 496 4281 ¹copulam
513 4205 691 4276 oonjnpatem
708 4220 768 4258 esse
781 4211 896 4276 partem
906 4207 1050 4275 quandam
1066 4222 1112 4259 sa·
1130 4209 1319 4285 ‚sacrmenti
1346 4209 1399 4263 sed
1421 4210 1532 4262 ratione
1558 4224 1666 4280 eorum,
1693 4226 1764 4279 qaae
1789 4224 1965 4273 sacramento

284 4297 434 4365 crementi,
450 4312 507 4349 non
528 4294 641 4364 quidem
658 4291 844 4356 namneum.
867 4291 920 4346 sed
936 4291 1112 4362 intepretem,
1138 4305 1202 4352 sunt
1220 4313 1337 4352 anama.
1382 4293 1411 4351 si
1439 4294 1513 4350 enim
1541 4294 1629 4367 aliqui
1653 4303 1770 4368 possunt
1799 4314 1858 4355 esse
1882 4301 1966 4359 simul

284 4391 312 4440 et
328 4385 393 4439 ideo
410 4390 475 4437 onte
490 4380 618 4451 nopotem
631 4379 778 4449 appellari
793 4384 895 4448 ratum,
914 4380 1032 4434 sednon
1048 4397 1112 4434 eon·
1137 4383 1196 4440 reri
1221 4382 1354 4454 conjuges
1384 4389 1412 4437 et
1437 4381 1607 4451 mordaces,
1639 4383 1736 4455 utique
1760 4401 1815 4439 non
1837 4394 1966 4444 arcentur

182 4465 458 4537 ¹V·¹&snmnatam,
475 4484 567 4524 omnes
584 4474 676 4520 tamen
695 4467 725 4519 in
745 4480 777 4520 eo
796 4465 953 4534 conoenire,
973 4467 1050 4536 quod
1068 4469 1220 4583 eolplene
1237 4468 1394 4524 secerdotes
1418 4483 1436 4523 e
1459 4475 1631 4525 scemmesm)
1655 4470 1830 4530 matrimonii.
1869 4473 1907 4530 Et
1924 4477 1964 4530 ri-

281 4557 353 4631 pula
373 4575 428 4612 non
445 4556 482 4610 sit
495 4570 570 4625 pars
587 4551 754 4618 assentiatis,
769 4568 804 4606 ac
816 4551 942 4621 proinde
954 4568 1112 4607 sacramen-
1137 4555 1243 4624 ciesim,
1269 4554 1294 4609 si
1317 4555 1473 4611 secerdotes
1496 4555 1580 4625 plene
1602 4561 1732 4612 mcentur
1758 4575 1776 4613 e
1798 4560 1964 4621 nsuinonn

284 4653 342 4699 tem
354 4640 528 4699 matrimonii
537 4647 625 4695 totum
635 4656 670 4693 ao
681 4639 798 4710 plenum
809 4639 906 4708 quoad
912 4645 1011 4708 partes
1022 4655 1112 4694 essen·
1137 4646 1317 4708 sacramento,
1335 4657 1390 4697 non
1409 4646 1538 4710 poterunt
1556 4641 1638 4698 simul
1655 4659 1715 4699 esse
1726 4645 1858 4717 conjuges
1876 4653 1905 4703 et
1921 4666 1963 4706 se-

285 4730 367 4785 tiolee
384 4728 505 4783 inveniri
523 4726 554 4781 in
571 4733 785 4794 conmamaper
802 4725 886 4778 cerba
907 4726 1111 4794 depromenti.
1136 4729 1271 4785 cordatos.
1314 4726 1387 4794 Quid
1415 4727 1450 4783 de
1476 4732 1540 4783 voto
1563 4733 1713 4799 perpetuae
1737 4731 1922 4790 continentiae
1946 4754 1964 4792 s

284 4815 508 4888 Respondemus:
533 4813 563 4871 si
591 4811 692 4883 copule
709 4809 864 4883 conjugalis
881 4816 923 4867 est
939 4827 1005 4883 pers
1021 4829 1112 4868 secrc-
1137 4812 1303 4886 conjugibus
1326 4812 1426 4869 emisso
1450 4811 1486 4868 sit
1502 4812 1693 4885 statuendum,
1709 4833 1760 4873 sno
1779 4816 1840 4874 loco
1858 4819 1963 4876 ridebi-

284 4902 370 4960 menti
393 4901 536 4972 integralis
563 4905 592 4956 et
615 4897 771 4955 secerdotes
790 4903 920 4953 arcentur
942 4914 961 4953 s
979 4898 1111 4971 conjugio
1136 4917 1205 4954 mus.
1236 4905 1261 4954 5.
1280 4887 1467 4961 Felsnm'est‚
1488 4899 1562 4969 quod
1580 4898 1762 4957 Belhminus
1779 4905 1883 4974 merit
1903 4912 1964 4962 tan·

284 4989 391 5047 ntione
402 4987 527 5058 copules,
540 4986 637 5058 ntique
654 4983 738 5040 etiem
750 4987 879 5039 mcentur
895 4981 933 5039 sb
950 4999 983 5038 eo
997 4989 1111 5055 propter
1136 4996 1194 5042 tom
1216 4994 1331 5057 propter
1354 4987 1551 5057 impedimenta
1570 4995 1597 5041 et
1613 4989 1754 5045 senatores
1771 5008 1868 5061 acras,
1891 5012 1963 5064 qnae

284 5081 391 5150 pectem
409 5073 529 5144 eliquem
548 5070 713 5128 recrementi
731 5068 911 5142 intepretetur,
935 5085 968 5124 sc
993 5070 1110 5141 proinde
1134 5072 1342 5128 matrimonism
1358 5081 1572 5144 consequantur,
1588 5078 1747 5132 sacedotes
1758 5078 1794 5131 ab
1804 5078 1855 5132 boe
1866 5095 1962 5135 sacra

284 5166 396 5236 propter
423 5158 537 5230 aliquod
563 5158 600 5214 sd
626 5158 717 5230 ipsum
741 5159 943 5211 recrementum
960 5155 1108 5226 pertinens.
1135 5166 1226 5213 mento
1257 5159 1359 5214 arceri.
1404 5158 1547 5232 leguntur
1571 5159 1681 5217 decreto
1709 5161 1800 5218 Siricii
1829 5170 1857 5220 et
1881 5164 1962 5222 luno

283 5247 428 5316 Vicissim,
453 5245 477 5300 si
502 5244 604 5316 oopnls
627 5241 744 5300 emulis
770 5246 844 5297 esset
858 5256 925 5312 pers
945 5242 1109 5316 recrementi
1135 5243 1233 5311 centii,
1257 5260 1291 5301 sc
1308 5245 1454 5303 nannete
1470 5246 1630 5319 eppsrebit,
1654 5255 1766 5320 propter
1793 5249 1907 5322 uliquod
1925 5254 1961 5308 sd

284 5332 434 5407 integralis,
452 5346 508 5387 non
526 5335 621 5402 posset
632 5329 722 5386 omitti
741 5328 810 5384 citrs
820 5326 997 5384 violsfionem
1014 5328 1108 5386 totius.
1135 5331 1226 5403 ipsum
1248 5333 1410 5405 conjugium
1435 5332 1577 5404 pertinens
1603 5333 1673 5390 illud
1700 5335 1767 5392 tisri
1802 5342 1827 5394 θ.
1842 5336 1961 5410 Impedi-

283 5420 325 5477 At
341 5422 432 5492 potest
447 5417 546 5483 omitti,
564 5423 597 5473 ut
615 5417 669 5472 hoc
687 5415 749 5472 loco
772 5414 897 5486 disputet
916 5412 1107 5473 Bellenninus.
1135 5424 1229 5478 ments
1244 5417 1294 5474 ille
1314 5426 1343 5476 et
1358 5435 1455 5490 curse,
1480 5434 1552 5490 quse
1569 5420 1771 5480 matrimonium
1790 5439 1960 5497 consequen.
