4020 6022
186 329 247 386 300
764 315 888 375 mous
905 312 1110 374 metamus
1127 312 1297 383 QUINTUS

185 473 227 529 tia
245 472 360 545 possint.
380 490 405 527 s.
424 478 453 527 ἰι
487 471 566 540 Volo,
587 486 681 526 omues
702 485 774 539 me,
791 471 863 525 sicat
880 487 931 540 spo
952 467 1179 547 sumlsolrimus
1200 469 1360 540 mammeae
1384 469 1518 524 omuibus.
1562 467 1700 524 Eusebius
1726 469 1777 525 lib.
1796 479 1819 526 4.
1847 470 1880 525 de

186 561 240 613 ssd
261 559 448 628 nemorisque
471 556 622 627 propriam
651 558 755 611 dorum
783 556 864 626 babet
890 574 924 612 ea
949 550 1094 672 Dso,'vit
1112 554 1286 611 Constantini
1314 559 1462 625 memorat,
1486 553 1596 611 decreto
1613 554 1689 610 illias
1707 556 1883 628 imperatoris

187 645 264 700 aliur
287 646 399 715 quidm
422 644 476 712 sie,
504 643 581 697 aliur
602 659 668 698 uero
692 644 742 698 sic.
768 660 795 697 v.
814 648 838 699 8.
867 644 942 697 Dico
966 659 1022 696 aaa
1048 642 1215 711 abrogatam
1245 641 1337 707 fuisse
1366 642 1454 711 legem
1484 649 1617 706 ueterem,
1649 658 1723 710 uuae
1751 643 1884 713 privabat

186 732 282 800 ruptis
299 738 326 785 et
340 731 442 796 mauis,
461 728 560 784 bouum
573 729 694 800 catillis,
711 729 739 783 ai
749 730 791 783 ric
804 729 1023 800 perurameriut,
1049 727 1204 783 hereditate
1222 745 1276 796 eos,
1296 728 1347 798 gai
1360 728 1463 782 liberos
1477 745 1534 782 uou
1546 727 1693 797 lambunt,
1713 744 1750 783 ac
1766 728 1884 800 subjicit,

187 818 259 871 sicut
276 834 335 886 epo.
359 834 386 874 v.
403 822 445 874 25.
465 818 513 870 De
530 816 686 886 uirginibus
704 823 887 885 praeceptum
904 813 1037 895 Domini
1048 816 1151 869 mrdtm
1167 815 1243 869 uiros
1255 832 1289 868 oc
1299 814 1404 869 multos
1419 814 1544 878 semisses
1557 813 1589 868 ob
1603 830 1727 868 amorem
1747 814 1810 869 Dei
1822 830 1884 884 ptr·

187 921 243 957 aaa
262 902 364 972 babeo,
384 903 532 959 cornelium
549 910 642 957 autem
659 905 696 957 do
711 909 846 973 tanesiam
866 901 1025 956 ms'scricor·
1047 907 1161 970 pstuum
1176 900 1342 955 coelibatum
1359 900 1453 966 fuisse
1466 901 1623 970 professos.
1654 903 1680 955 5.
1692 900 1740 953 Ea
1755 900 1885 969 patribus

188 990 266 1043 diam
283 996 447 1043 consecutas
472 1007 491 1041 a
512 989 650 1056 Domino,
675 995 707 1043 at
732 988 786 1042 sim
814 987 918 1053 fideli.
935 1004 961 1042 v.
982 991 1023 1041 26.
1050 986 1079 1040 in
1097 985 1209 1042 laudem
1227 992 1256 1042 et
1270 987 1402 1041 honorem
1423 985 1577 1042 coelibatus
1604 985 1693 1040 multa
1710 983 1807 1041 afferri
1824 1001 1883 1055 pos·

187 1076 326 1131 Existimo
355 1092 437 1144 ergo,
467 1076 519 1130 hoc
537 1091 596 1130 esee
617 1076 718 1130 bouum
746 1078 798 1130 etc.
842 1072 908 1128 Huc
928 1069 1025 1128 referri
1051 1080 1125 1144 seut,
1149 1073 1245 1144 negari
1265 1072 1338 1128 enim
1362 1072 1473 1144 nequit,
1498 1071 1633 1144 quosdam
1659 1088 1694 1127 ex
1721 1070 1792 1143 ipsis
1809 1087 1883 1126 seros

187 1161 272 1217 etiam
300 1166 393 1232 potest
425 1161 529 1216 dictum
563 1160 756 1232 propheticum
783 1159 849 1217 Esa.
870 1164 917 1228 56,
930 1149 968 1215 ἰ.
993 1164 1023 1213 4:
1050 1160 1167 1215 encomii
1182 1159 1282 1215 limites
1298 1159 1464 1231 quandoque
1483 1159 1660 1215 transsiliisse
1673 1165 1780 1214 etcum
1794 1163 1884 1213 contn-

187 1248 268 1302 Haec
302 1248 374 1302 dicit
400 1249 541 1301 Dominus
570 1247 717 1302 euuuchm:
754 1246 811 1309 Qui
838 1244 1025 1300 custodierint
1051 1245 1133 1300 melia
1163 1246 1288 1317 conjugii
1316 1245 1483 1301 coelibatum
1501 1245 1644 1311 lautum,
1670 1251 1704 1300 ιιι
1720 1250 1822 1316 postea
1839 1260 1883 1316 ap·

186 1334 304 1387 sabbata
322 1350 385 1389 mea
403 1342 430 1388 ιι
444 1333 593 1404 elegerint,
617 1349 689 1402 quas
707 1348 757 1401 ego
774 1331 869 1401 solui,
891 1338 917 1385 st
934 1339 1025 1385 ιιιιιιι-
1051 1331 1169 1402 parebit.
1204 1330 1259 1386 Hic
1279 1331 1349 1386 illud
1367 1332 1504 1387 duntaxat
1515 1332 1663 1390 observare
1675 1331 1816 1396 convenit,
1834 1347 1885 1404 qna

186 1419 243 1472 riat
259 1419 363 1483 foedius
379 1436 467 1474 msam
475 1439 487 1485 ;
508 1436 533 1475 s.
553 1424 577 1473 ι.
606 1420 680 1473 dabo
699 1419 739 1472 eis
762 1419 793 1471 iu
816 1418 900 1471 domo
920 1433 982 1472 mea
997 1424 1024 1470 et
1051 1416 1197 1473 occasione
1216 1417 1369 1473 coelibatus
1389 1418 1535 1474 admiratio
1555 1419 1624 1475 satis
1637 1417 1789 1474 maturein
1802 1417 1883 1473 eccle·

187 1504 277 1559 murs's
295 1505 364 1560 meis
384 1506 477 1561 locum
501 1511 527 1560 et
544 1520 643 1558 romeu
659 1504 760 1557 melias
782 1522 801 1557 a
818 1503 890 1569 silisis
906 1510 933 1557 et
948 1503 1025 1568 filia·
1051 1503 1119 1557 siam
1144 1503 1303 1558 introducta
1326 1504 1369 1559 sit.
1411 1503 1455 1560 Ea
1478 1522 1544 1561 vero
1571 1521 1604 1560 ex
1624 1504 1708 1559 Pauli
1739 1510 1762 1561 t.
1783 1503 1845 1560 Cor.
1863 1510 1883 1559 t.

188 1591 247 1661 hus,
266 1607 366 1647 uomeu
385 1593 582 1661 sempiternum
599 1591 674 1646 dabo
692 1591 740 1658 eis,
753 1590 830 1660 atroci
846 1607 904 1644 uou
911 1589 1023 1658 peribit.
1051 1593 1080 1643 ct
1098 1604 1131 1643 ex
1149 1589 1253 1644 Justini
1273 1597 1302 1644 et
1314 1588 1480 1646 Tertulliani
1499 1589 1580 1645 dictis
1600 1596 1682 1645 antea
1700 1590 1795 1646 citatis
1815 1589 1884 1644 colli·

80 1676 86 1683 '
187 1676 261 1741 Quia
288 1677 362 1733 enim
387 1678 417 1732 in
434 1676 470 1734 V.
489 1676 523 1734 Τ.
548 1675 668 1732 eunuchi
690 1674 865 1732 habebantur
886 1674 1026 1730 exalusia
1052 1674 1129 1744 gitur
1146 1674 1259 1746 triplex,
1286 1679 1310 1733 1.
1340 1676 1465 1730 ethnicae
1491 1677 1673 1731 scortationis
1689 1676 1885 1741 familiaritas.

188 1761 382 1819 benedictione
399 1763 453 1819 Dei
471 1763 555 1819 Dent
579 1770 611 1833 t,
630 1780 655 1817 s.
682 1769 722 1819 14.
749 1778 783 1818 ac
807 1760 1027 1832 prohibebantur
1051 1760 1167 1817 iudaeis
1184 1759 1347 1833 polygamia
1366 1768 1395 1817 et
1412 1763 1564 1834 gentilibus
1591 1764 1723 1819 scortatio
1739 1763 1812 1819 adeo
1828 1767 1885 1819 erat

189 1848 334 1904 ecclesiam
360 1849 463 1905 intrare
490 1850 571 1905 Dent
591 1854 638 1914 23,
667 1865 692 1905 ι.
722 1854 744 1904 1.
774 1847 837 1902 ideo
862 1846 1025 1918 proponitur
1051 1846 1207 1917 familiaris,
1232 1855 1264 1903 ut
1292 1849 1409 1920 apostoli
1438 1851 1467 1904 in
1492 1849 1610 1906 concilio
1633 1848 1885 1919 Hierosolymitano

188 1934 244 1990 illis
261 1930 335 1990 baec'
347 1935 512 2005 consolatio,
532 1935 607 2008 quod
624 1950 725 1990 nomen
746 1933 845 1990 melias
865 1932 1024 2005 etquidem
1052 1950 1112 1988 cam
1131 1933 1233 1989 diserte
1254 1933 1404 2004 prohibere
1428 1952 1541 1992 necesse
1566 1935 1723 1995 habuerint
1765 1934 1806 1992 Ut
1822 1949 1884 2006 ago

189 2021 387 2092 sempiternum
407 2021 474 2093 ipsis
494 2021 617 2077 dandum
631 2021 668 2076 sit
679 2037 746 2093 prae
762 2019 826 2087 illis,
845 2019 893 2090 qui
912 2025 1025 2074 externa
1051 2018 1147 2074 fideles
1178 2019 1214 2073 ad
1243 2017 1384 2074 Christum
1418 2022 1543 2077 conversi
1571 2021 1607 2077 ab
1633 2022 1709 2077 omni
1740 2019 1883 2076 libidinum

189 2107 382 2164 benedictione
400 2107 520 2163 affluunt
539 2113 625 2180 atque
651 2105 761 2163 interim
777 2105 877 2162 foedus
895 2104 950 2160 Dei
969 2120 1025 2159 non
1051 2122 1153 2177 genere
1166 2121 1227 2161 sese
1238 2105 1386 2163 abhorrere
1405 2107 1588 2175 ostenderent,
1604 2112 1761 2164 extremum
1771 2106 1885 2162 marium

189 2192 346 2249 observant.
396 2197 422 2247 2.
447 2194 494 2247 Es
520 2194 651 2262 probatis
678 2209 775 2247 eorum
804 2192 953 2261 coemptis,
976 2189 1025 2261 qui
1051 2191 1219 2247 contrarium
1237 2191 1396 2263 eligebant,
1416 2190 1451 2248 ab
1471 2192 1532 2264 ipso
1551 2192 1635 2248 etiam
1651 2193 1787 2266 conjugio
1805 2192 1885 2247 absti-

189 2284 292 2335 statum
314 2278 388 2334 sitae
408 2277 523 2335 coelibis
541 2279 661 2350 amplexi
678 2284 751 2334 sunt.
781 2278 906 2334 Christus
920 2276 1026 2346 nuptiis
1050 2282 1162 2349 nentes,
1188 2293 1243 2349 quo
1274 2277 1447 2333 manifestius
1472 2296 1551 2335 suam
1568 2281 1781 2351 temperantiam
1799 2286 1885 2335 osten·

187 2367 216 2421 in
238 2365 314 2421 Cana
332 2364 459 2421 Galilaea
481 2365 622 2435 interfuit,
648 2365 699 2420 sad
722 2381 835 2420 uxorem
859 2382 915 2419 non
936 2362 1024 2427 duxit,
1051 2363 1155 2418 dorent
1192 2362 1244 2419 Isti
1263 2380 1329 2436 ergo
1346 2382 1397 2436 pro
1413 2364 1520 2437 angelis
1539 2365 1765 2437 suspiciebantur
1781 2366 1887 2422 ratione

187 2468 279 2523 neque
297 2451 370 2508 enim
388 2451 425 2506 ad
442 2451 658 2524 generationem,
677 2452 726 2507 sed
739 2451 775 2505 ad
787 2451 897 2523 generis
909 2448 1023 2506 hnmani
1049 2448 1146 2504 habita
1168 2449 1290 2505 sordium
1314 2457 1343 2506 ιι
1366 2450 1570 2522 turpitudinum
1603 2452 1759 2523 gentilibus
1777 2468 1886 2510 eonsue-

187 2539 386 2594 redemtionem
411 2544 531 2594 ιιιιιιιι.
572 2536 678 2592 Paulus
702 2537 845 2607 apostolus
864 2535 935 2591 iuter
955 2533 1023 2606 ἀγά-
1051 2539 1149 2601 turum,
1170 2535 1235 2592 inde
1251 2535 1365 2607 factum,
1386 2543 1418 2591 ut
1432 2535 1600 2593 coelibatum
1617 2554 1651 2594 eo
1662 2539 1760 2611 plures
1776 2539 1887 2597 affecta·

185 2646 258 2698 μους
281 2641 342 2681 sese
364 2629 492 2680 numerat
522 2630 545 2680 1.
564 2624 627 2680 Cor.
653 2630 683 2689 t,
713 2640 739 2677 v.
758 2629 783 2678 t.
813 2639 875 2693 cap.
895 2628 925 2691 9,
955 2639 981 2677 v.
1003 2626 1027 2677 5.
1051 2626 1120 2690 rent,
1140 2623 1206 2693 quia
1224 2638 1296 2693 quae
1311 2622 1340 2676 in
1352 2622 1442 2695 pretio
1460 2630 1489 2678 et
1505 2624 1747 2682 commendatione
1765 2626 1887 2681 homines

188 2708 326 2766 Eusebius
345 2710 409 2767 libr.
431 2715 455 2765 3.
475 2709 570 2766 histor.
590 2708 686 2764 eccles.
714 2725 776 2778 cap.
800 2713 842 2764 38.
862 2707 897 2763 de
917 2706 1026 2762 duabus
1052 2706 1150 2762 haberi
1172 2707 1275 2774 vident,
1294 2708 1506 2764 adeamaximo
1524 2709 1617 2765 studio
1628 2710 1774 2782 adspirare
1792 2711 1885 2768 solent

188 2794 300 2851 filiabus
332 2794 455 2867 Philippi
485 2795 687 2866 evangelistae,
720 2811 838 2866 quarm
865 2793 968 2850 mentio
995 2792 1027 2848 iit
1053 2795 1080 2848 2.
1098 2794 1328 2848 Persecutioaum
1348 2795 1491 2849 atrocitas.
1526 2795 1711 2868 Magistratus
1730 2797 1760 2852 in
1772 2798 1886 2854 sceau

188 2882 250 2938 Act
269 2887 311 2950 21,
330 2901 355 2938 s.
374 2888 399 2939 9.
418 2887 620 2951 commemorat,
638 2884 717 2952 meod
734 2883 765 2936 iu
782 2881 943 2950 uirginitate
963 2898 1026 2935 ccu-
1051 2878 1192 2949 primitiva
1223 2879 1392 2951 apostolieae
1431 2880 1524 2937 vicina
1560 2886 1640 2937 erant
1669 2882 1790 2954 ethnici,
1826 2883 1885 2939 ideo

187 2968 344 3033 senuerim,
368 2967 443 3040 qaod
470 2984 538 3039 ergo
562 2966 690 3025 Clemens
717 2966 897 3022 Alexandrin.
917 2965 978 3022 libr.
1000 2971 1025 3021 3.
1053 2963 1216 3020 Christianis
1229 2965 1352 3036 quotidie
1363 2967 1563 3038 impendebant
1574 2956 1742 3025 facultatum
1757 2969 1885 3042 direptio

190 3059 315 3112 stromat
334 3053 411 3122 dicit,
430 3054 597 3124 Philippum
611 3053 695 3122 filios
708 3053 778 3107 uiris
797 3053 929 3122 ιιιιαιιι,
949 3052 978 3107 id
990 3052 1026 3107 de
1051 3068 1109 3120 nes,
1127 3051 1356 3123 proscriptiones,
1376 3052 1488 3108 macula
1513 3054 1648 3110 momnis
1666 3055 1779 3126 generis
1797 3072 1885 3128 perse

187 3140 301 3213 reliquis
324 3140 433 3195 duabus
458 3139 666 3211 accipiendum,
684 3157 749 3195 nam
769 3145 889 3212 quatuor
913 3139 967 3211 ipsi
986 3138 1026 3193 di·
1051 3137 1185 3206 cutiones,
1203 3137 1238 3192 ad
1257 3154 1304 3192 eas
1323 3138 1453 3193 ferendas
1467 3139 1664 3210 expeditiorem
1675 3141 1814 3199 sidebant
1828 3158 1884 3197 esse

189 3233 290 3281 cuntur
315 3225 402 3281 inisse
427 3225 510 3283 filiae.
536 3226 665 3284 iastinus
690 3227 765 3298 apol.
790 3232 815 3285 2.
844 3243 896 3298 pro
923 3224 1025 3280 Christ.
1052 3222 1235 3294 coelibatum,
1255 3241 1318 3279 cum
1337 3225 1495 3296 conjugatis
1513 3242 1547 3282 ex
1565 3226 1669 3281 intuitu
1686 3226 1841 3284 liberorum
1859 3235 1885 3283 et

189 3328 216 3382 p.
236 3317 278 3368 48.
298 3311 343 3369 ed.
360 3311 506 3369 Commota
525 3314 667 3368 Permulti
681 3315 812 3383 proiecto
829 3330 910 3368 rama
923 3311 1025 3366 atrim-
1051 3308 1144 3363 uxoris
1162 3309 1192 3364 iu
1212 3316 1404 3381 persecutione
1422 3311 1501 3367 dolor
1518 3318 1664 3384 augeatur.
1693 3316 1721 3370 3.
1736 3313 1883 3384 Coniugio

191 3414 244 3467 qus
263 3404 290 3451 st
307 3397 455 3468 recogitata
480 3404 508 3452 et
525 3399 707 3468 septuaginta
731 3400 794 3452 uati
810 3416 915 3468 aanor,
940 3398 990 3468 gui
1007 3414 1026 3450 a
1051 3414 1115 3448 rum
1142 3396 1300 3465 imparitas.
1349 3395 1499 3452 Christiani
1527 3399 1644 3455 Judaeis
1673 3404 1703 3456 et
1735 3399 1884 3471 gentilibus

186 3482 288 3551 puero
305 3483 488 3553 aaapltmm
507 3482 616 3537 Chremi
632 3491 696 3537 ruat
711 3484 852 3553 mrectati,
868 3484 1028 3552 incorrupti
1053 3480 1202 3536 intermixti
1229 3481 1374 3552 vivebant,
1406 3488 1434 3537 et
1459 3484 1507 3555 qui
1533 3484 1570 3539 ad
1595 3483 1784 3541 Christianam
1805 3485 1883 3542 fidem

190 3577 217 3623 et
239 3569 359 3624 coelibes
380 3571 549 3640 perdurant.
594 3570 633 3623 Ει
657 3569 781 3639 glorior,
805 3587 848 3624 me
867 3586 925 3640 per
949 3586 1026 3624 omae
1052 3567 1300 3632 convertebantur,
1318 3567 1355 3622 ad
1375 3567 1500 3639 ejusdem
1520 3570 1720 3641 professionem
1737 3588 1795 3627 non
1813 3578 1884 3644 pote·

189 3671 275 3724 aeuus
290 3655 432 3711 homiuum
444 3663 605 3711 maurorum
616 3655 690 3711 tales
707 3663 926 3711 commonstrare
933 3673 1025 3727 posse.
1052 3658 1116 3708 rant
1133 3653 1227 3708 statim
1247 3653 1379 3710 inducere
1400 3655 1548 3726 conjugem
1566 3655 1657 3711 adhue
1675 3655 1833 3728 infidelem,
1854 3674 1883 3713 ex

191 3740 382 3813 Tertullianus
400 3741 429 3796 in
448 3741 559 3813 apolog.
579 3758 642 3814 cap.
659 3747 684 3798 3.
703 3757 767 3813 pag.
784 3747 833 3798 ³0:
854 3742 993 3806 Quotam
1007 3759 1026 3797 a
1051 3737 1101 3793 illa
1122 3739 1315 3810 conjugiorum
1332 3739 1489 3810 imparitate
1509 3741 1622 3812 pietatis
1640 3743 1780 3798 mercitiis
1799 3744 1883 3799 multa

189 3827 296 3898 stapris
310 3834 336 3882 et
355 3827 391 3881 ab
415 3827 493 3881 omri
507 3835 575 3899 post
601 3828 810 3883 matrimonium
827 3845 947 3898 eaomsu,
964 3836 1025 3883 tau·
1051 3824 1186 3881 videbant
1203 3826 1288 3898 objici
1305 3826 1514 3897 impedimenta,
1531 3826 1597 3883 inde
1610 3827 1763 3884 coelibatui
1777 3829 1883 3902 amnio-

190 3919 248 3967 tum
268 3919 294 3967 et
312 3914 348 3965 ab
367 3913 479 3967 incesti*
496 3930 565 3967 cosa
583 3914 637 3967 tuti
652 3931 755 3968 mmus.
797 3915 920 3978 Quidam
939 3915 1025 3970 multo
1051 3927 1096 3966 res
1114 3918 1200 3967 erant.

84 4056 86 4060 ,
189 3997 344 4053 remmom
365 4005 452 4052 totam
480 3998 536 4051 oim
565 3998 651 4069 hujus
674 4001 783 4054 erroris
808 4001 917 4069 uirgine
939 4001 1025 4055 ιοιιιί·
1087 4003 1147 4054 491.
1195 3996 1273 4062 Quae
1304 4002 1401 4053 eontra
1435 3997 1508 4053 hanc
1538 3998 1757 4069 propositionem
1795 4001 1882 4074 urgen‘

189 4084 286 4139 amtia
312 4084 469 4153 depellunt,
499 4100 593 4149 ιιιιιι,
617 4087 711 4155 passi.
753 4089 780 4143 3.
801 4088 847 4141 Ea
872 4088 1027 4142 coelibatus¹
1052 4089 1176 4154 possunt,
1199 4082 1275 4139 facili
1289 4084 1402 4157 negotio
1422 4084 1602 4155 explicantur.
1626 4091 1646 4141 t.
1665 4083 1783 4157 Gemt,
1803 4104 1829 4144 v.
1849 4092 1882 4144 ts.

189 4170 350 4226 commodis.
401 4169 527 4225 Christus
552 4170 653 4229 Matth.
669 4176 729 4238 lt),
761 4190 787 4228 s.
822 4178 862 4228 12.
890 4173 1025 4245 quosdam
1053 4169 1122 4225 dicit
1139 4170 1294 4226 Dominusr·
1309 4173 1374 4226 Nou
1387 4179 1427 4225 ιιι
1440 4172 1547 4242 bouum,
1564 4172 1705 4228 homiuem
1717 4175 1882 4242 ceremiam,

186 4264 306 4329 propter
322 4273 440 4327 reguum
453 4256 593 4311 coelorum
606 4273 635 4311 se
649 4265 776 4313 caetrare
789 4258 893 4315 asserit.
914 4260 1026 4326 ,Paulus
1050 4257 1195 4322 sociamur
1219 4258 1247 4311 ei
1265 4258 1448 4326 adjutorium.
1491 4261 1572 4328 Ergo
1595 4259 1751 4315 coelibatus
1773 4279 1831 4316 moa
1847 4266 1882 4314 ιιι

193 4349 215 4399 l.
236 4341 505 4407 coraustus
525 4337 820 4417 dyiuapronuutiat,
840 4346 1027 4415 qrsodsols‘ci·
1053 4343 1140 4397 bouus
1167 4358 1217 4396 uec
1244 4343 1420 4413 probandas.
1474 4343 1701 4416 Respondemus:
1735 4344 1883 4418 Apostolus

190 4437 234 4483 ιιιι
253 4428 291 4482 sit
308 4428 344 4481 sie
361 4426 414 4493 iis,
435 4443 506 4496 quae
525 4434 591 4481 suut
608 4429 736 4494 Domiui,
756 4433 895 4499 quomodo
908 4432 1025 4505 placeat
1053 4428 1154 4484 diserte
1172 4427 1254 4484 dicit:
1271 4428 1383 4482 Boaam
1400 4435 1441 4482 est
1465 4429 1573 4483 homiui
1588 4430 1736 4485 mulierem
1752 4450 1811 4487 ιιοιι
1827 4441 1883 4487 tas·

189 4513 331 4580 Domiuo‚·
354 4530 379 4567 s.
399 4515 442 4566 34.
467 4514 640 4582 quodcirca
658 4515 773 4585 cogitet,
793 4532 864 4586 qaae
881 4524 946 4571 ιιιιιι
965 4520 1026 4572 Do·
1052 4531 1116 4583 gere
1138 4520 1160 4571 l.
1181 4514 1244 4570 Cor.
1263 4520 1278 4570 t
1286 4556 1293 4583 ,
1322 4532 1347 4571 s.
1370 4519 1391 4570 1.
1416 4514 1470 4570 boc
1494 4521 1536 4570 est
1553 4532 1571 4570 a
1589 4514 1717 4572 ducenda
1736 4534 1824 4576 uxore
1840 4518 1882 4574 ab·

189 4600 272 4670 mirri,
301 4606 331 4653 at
356 4599 394 4652 sit
410 4606 640 4671 sourtacorpore
659 4607 685 4654 et
703 4602 820 4670 spiritu,
845 4602 880 4658 de
910 4620 1026 4675 quorum
1053 4602 1161 4656 stinere.
1191 4599 1231 4657 Ut
1257 4615 1323 4671 ergo
1341 4617 1375 4656 ex
1395 4600 1488 4655 serbis
1512 4601 1629 4672 apostoli
1646 4619 1703 4659 non
1722 4608 1818 4675 potest
1834 4604 1882 4660 eol·

192 4684 326 4741 dictorum
354 4683 476 4755 genuine
505 4684 688 4755 explicatione
714 4687 797 4756 paulo
826 4694 891 4759 post
916 4688 1026 4761 plenius
1053 4687 1102 4758 ligi
1120 4691 1297 4757 praeceptum
1317 4685 1430 4757 aliquod
1448 4686 1578 4757 generale
1599 4688 1796 4745 amoenitatem
1825 4703 1882 4746 oot-

192 4768 307 4826 dicetur.
374 4774 399 4826 4.
447 4770 494 4823 Er
538 4771 732 4840 imperatoriis
778 4775 1025 4830 constitutionibus.
1052 4772 1155 4827 libatus
1166 4771 1351 4840 introducens,
1361 4771 1401 4826 ita
1410 4787 1461 4827 nec
1475 4788 1509 4827 ex
1520 4771 1675 4829 verbisDei
1688 4774 1786 4831 inferri
1795 4780 1882 4848 potest

85 4859 142 4905 m.
157 4860 179 4906 t.
192 4853 343 4911 Christiani
366 4856 546 4927 imperatores
569 4856 780 4929 Constantinus,
802 4858 982 4916 Constantius
998 4868 1027 4917 et
1052 4864 1231 4931 praeceptam
1256 4858 1368 4929 aliquod
1392 4859 1523 4930 generale
1544 4859 1739 4918 necessitatem
1763 4861 1880 4933 coniugii

191 4937 327 4994 Constans
347 4958 450 5012 poesms
476 4941 629 4998 coelibatus
654 4941 832 4999 infirmarunt
858 4946 875 5002 1.
897 4953 917 5002 t.
941 4945 971 5002 C.
991 4946 1026 5004 de
1052 4945 1213 5000 indistincte
1242 4944 1369 4999 omnihus
1397 4944 1549 5016 imponens.
1593 4945 1714 5011 Quidam
1734 4947 1823 5021 igitur
1844 4964 1880 5003 ιι

190 5023 294 5079 Infirm.
312 5041 392 5096 poen.
411 5027 521 5083 coe‘lib.:
549 5028 605 5092 Qui
621 5029 688 5098 iure
704 5030 792 5084 aeteri
807 5031 926 5085 coelibes
945 5032 1026 5087 labe·
1046 5031 1202 5104 spondent,
1225 5033 1311 5086 uerba
1331 5032 1391 5086 Dei
1407 5032 1488 5100 opaci
1504 5031 1624 5101 Moyseo
1642 5034 1813 5106 accipianda
1830 5052 1882 5089 erse

190 5112 307 5178 bantur,
337 5111 542 5167 imminentibus
568 5114 660 5183 lepram
692 5115 848 5170 terroribus
871 5116 1027 5173 liberentur
1054 5120 1090 5171 de
1113 5117 1183 5171 hooc
1209 5118 1327 5187 ιριιιίἰ,
1353 5118 1439 5171 uerba
1467 5117 1556 5171 Pauli
1581 5119 1617 5171 de
1643 5118 1713 5173 borso
1735 5120 1880 5177 inmeiat

190 5204 274 5267 atque
291 5196 334 5250 ito
350 5197 453 5268 oioaut,
469 5217 505 5253 ac
522 5202 550 5254 si
565 5218 679 5256 numero
698 5202 864 5257 moritorum
883 5205 1025 5259 matrimo·
1053 5202 1109 5258 Sed
1128 5202 1182 5258 hoc
1201 5208 1276 5258 recte
1294 5203 1496 5274 explicandum.
1526 5203 1742 5260 Pronuntiatum
1761 5207 1880 5263 divinum

189 5282 234 5337 aii
243 5283 368 5350 saedere
384 5284 570 5350 trrkireatur,
595 5288 686 5357 sitque
710 5289 836 5343 omuibus
854 5305 945 5360 asqssa
963 5308 1025 5346 cou-
1052 5290 1175 5345 continet
1206 5291 1363 5361 generalem
1390 5290 1514 5361 conjugii
1537 5290 1758 5359 institutionem,
1783 5294 1882 5351 Paulus

189 5369 262 5425 ditio
281 5370 449 5441 capessendi
465 5373 542 5440 quod
561 5373 677 5443 quitatis
693 5381 835 5429 maeatas·
846 5383 896 5431 ιιι.
934 5376 1025 5440 Quom
1052 5376 1133 5448 pouit
1152 5376 1342 5447 exceptionem
1366 5392 1384 5429 a
1406 5376 1505 5447 regula
1522 5381 1551 5431 et
1567 5376 1690 5449 loquitur
1709 5377 1746 5434 de
1764 5380 1813 5451 iis,
1839 5378 1882 5454 qui

190 5470 249 5509 rem
266 5463 294 5511 et
318 5455 398 5509 circa
416 5454 540 5520 feminas
559 5459 748 5515 existimamur
767 5477 919 5533 earumque
939 5465 1024 5519 cersi·
1052 5461 1238 5519 continentiae
1263 5460 1335 5517 dono
1367 5460 1496 5517 instructi
1523 5468 1596 5521 sunt
1645 5460 1759 5521 Deinde
1782 5464 1883 5522 Paulus

188 5539 264 5596 ιίιιιι
288 5541 422 5613 imposita
443 5541 523 5613 juris
544 5542 665 5615 imperia
693 5546 769 5602 estut
793 5550 931 5620 quasdam
952 5550 1024 5622 juga
1054 5566 1108 5605 non
1123 5548 1284 5622 simpliciter
1308 5554 1337 5603 et
1354 5546 1480 5605 absolute
1496 5549 1674 5623 pronuntiat,
1703 5550 1812 5610 bonnm
1828 5568 1884 5610 ue
