4020 6022
764 337 816 395 ne
836 336 1037 395 consueto.
1714 355 1753 410 5,

46 495 164 550 demus:
176 493 206 547 in
219 490 396 550 hoddecreto
406 493 526 548 Evarieti
539 494 747 565 conjunguntur
758 510 799 559 ea,
819 510 892 564 qaae
918 499 972 545 tur.
986 499 1010 550 7.
1020 511 1044 551 c.
1055 495 1090 550 de
1096 496 1254 565 raptoribus
1263 503 1315 554 etc.
1325 497 1388 557 dist.
1398 502 1439 553 36.
1448 504 1554 569 quaest.
1565 505 1586 554 l.
1596 516 1629 554 ex
1637 499 1755 555 concilio

46 579 235 635 diversimode
252 597 312 636 sese
329 579 440 635 habent.
478 580 635 634 Consensus
651 580 724 634 enim
743 587 888 649 pareutum
918 577 1113 635 aurelianensi
1127 597 1151 634 c.
1166 588 1198 637 t:
1222 582 1256 635 Si
1267 584 1401 651 multam,
1414 600 1487 652 quae
1503 584 1627 653 rapitur,
1640 592 1755 654 patrem

46 665 149 721 nititur
166 681 297 736 expressa
314 666 377 736 lege
398 665 505 733 divina,
531 665 650 736 ideoque
669 682 724 720 non
753 665 842 719 solum
862 665 891 717 in
917 665 1018 718 batere
1035 667 1203 734 eonstiterit,
1227 685 1314 736 eaque
1333 670 1446 736 raptori
1469 671 1653 735 consenserit,
1673 678 1752 740 pote·

45 752 110 808 foro
127 759 256 820 externo,
282 750 332 807 sed
360 752 442 808 etiam
460 753 489 806 in
508 752 568 806 toro
586 751 776 806 conscientiae
798 767 891 805 neces
916 753 986 805 stati
1001 753 1096 820 patris
1115 761 1245 807 scemata
1263 757 1415 822 residetur,
1443 763 1470 808 et
1492 763 1593 824 raptor
1611 756 1693 824 patri
1709 772 1754 808 su·

45 836 139 892 nnus
155 842 199 892 est
216 837 380 905 censendus,
400 838 537 908 quomodo
554 837 628 891 enim
649 836 819 891 conscientia
836 843 891 890 eta-
915 836 1040 906 perieris
1058 838 1228 892 conditionis
1246 840 1442 905 satisfactione
1461 847 1589 895 teneatur
1608 841 1752 897 absortus,

51 929 133 979 tuere
150 928 251 993 potest
270 940 332 979 esse
349 929 440 978 ratum
460 922 660 993 eclegitimum
680 922 891 985 matrimonium,
917 926 943 978 8.
955 937 979 977 c.
995 922 1070 992 apud
1089 924 1304 993 omnipotentem
1317 931 1368 979 etc.
1381 941 1456 980 caus.
1475 925 1535 980 ead.
1554 930 1661 997 quaest.
1675 930 1699 981 2.
1719 941 1753 980 ex

54 1007 133 1079 qaod
155 1013 256 1088 tenua
278 1007 401 1063 divinam
422 1009 530 1078 legem,
556 1024 629 1080 qaae
651 1015 694 1063 est
710 1023 808 1062 norma
828 1024 891 1061 eon·
917 1004 1067 1078 Gregorio:
1089 1007 1157 1061 Gurn
1178 1017 1264 1078 rapta
1277 1011 1395 1078 patriae
1409 1011 1546 1081 potestati
1563 1011 1654 1074 riserit
1671 1010 1751 1064 resti-

49 1094 203 1163 wimtiae,
229 1093 494 1150 subcontrarium?
521 1093 709 1149 sacerdotalis
732 1093 891 1147 benedictio
916 1100 985 1158 tuta,
999 1101 1137 1162 etraptor
1148 1095 1350 1164 suaerapiuae
1363 1096 1566 1165 poeniteruiom
1580 1097 1674 1164 operit,
1687 1113 1753 1148 cum

45 1196 105 1234 uon
133 1186 250 1250 propter
274 1195 434 1250 expressum
463 1184 491 1234 at
529 1179 650 1249 speciale
673 1178 813 1248 quoddam
836 1178 890 1233 Dei
915 1179 1044 1233 uoluntas
1069 1188 1221 1249 parentum
1244 1183 1388 1249 utrimque
1416 1180 1446 1234 iu
1469 1199 1554 1234 ursum
1586 1181 1752 1248 conuenerit,

49 1265 230 1330 mistum,
256 1266 304 1321 sed
329 1271 443 1336 propter
462 1264 679 1320 ecelesiasticam
700 1262 827 1325 εὐταξίαν
848 1270 890 1318 est
914 1283 972 1318 uon
988 1266 1173 1335 prohibentur
1192 1268 1234 1320 od
1251 1268 1368 1320 irsoieem
1383 1267 1523 1335 copulari.
1562 1266 1708 1338 Oonjunge
1727 1282 1751 1320 c.

45 1352 216 1417 numana,
235 1351 300 1407 ideo
317 1368 373 1406 non
384 1351 481 1406 eodem
501 1348 673 1405 necessitatis
690 1349 781 1421 gradu
798 1349 888 1419 requi·
913 1349 980 1405 Tria
996 1349 1122 1422 legitima
1133 1356 1185 1406 etc.
1195 1367 1268 1405 caus.
1281 1358 1310 1406 et
1321 1358 1427 1423 quaest.
1438 1352 1513 1408 iisd:
1533 1353 1615 1407 Filia
1622 1369 1678 1421 per
1695 1354 1751 1406 ost

45 1438 127 1506 titur,
144 1454 203 1510 quo
218 1443 366 1508 parentum
385 1452 543 1492 censemus.
583 1436 705 1490 Pr0inde
726 1434 800 1506 quod
815 1435 886 1489 Eva·
913 1437 1047 1506 copulato
1065 1437 1136 1505 uiro,
1153 1437 1182 1489 si
1198 1455 1253 1490 uon
1263 1439 1359 1505 fuerit
1377 1438 1507 1492 uoluntas
1520 1438 1631 1506 patris,
1656 1438 1750 1491 trabat

46 1523 136 1578 rietus
154 1522 245 1587 addit,
269 1522 355 1578 aliter
368 1529 534 1592 prusumta
552 1521 734 1575 murimouia
751 1539 808 1574 uon
826 1537 884 1574 esse
913 1539 975 1576 eam
993 1540 1012 1574 a
1026 1523 1177 1591 maesiieto
1195 1523 1256 1578 uiro
1275 1531 1302 1576 et
1319 1525 1414 1577 tradet
1431 1540 1493 1576 eam
1510 1522 1572 1577 atii.

49 1624 121 1662 ocra
146 1610 296 1678 conjugia,
326 1610 381 1662 sed
401 1607 547 1662 adulteria
566 1614 593 1661 et
607 1606 828 1673 fomioationes,
859 1606 887 1659 id
949 1615 989 1663 70.
1028 1608 1139 1678 Excipit
1157 1608 1360 1677 Ballarminue,
1380 1610 1410 1662 iu
1429 1609 1503 1662 bisce
1522 1609 1676 1662 canonibus
1693 1606 1875 1697 quamq-²¹⁰

46 1694 159 1750 ratione
170 1694 341 1750 diversorium
355 1693 542 1763 subjectorum
554 1691 684 1747 diiuncta
695 1698 739 1747 eet
750 1690 888 1761 accipien·
914 1694 1036 1763 afluat,
1056 1697 1134 1763 quod
1150 1696 1309 1763 eonjuptum
1329 1696 1433 1764 absque
1446 1703 1598 1764 pareatum
1615 1710 1750 1748 consensu
1764 1710 1817 1748 mini
1834 1709 1863 1747 ιιι

46 1781 124 1835 dum.
165 1779 196 1837 Si
218 1781 293 1836 enim
310 1781 436 1852 quaestio
461 1780 498 1834 sit
518 1779 553 1833 de
577 1777 716 1848 conjugiis
734 1777 887 1832 liberorum
913 1787 1084 1833 conuectum
1101 1781 1138 1832 sit
1157 1781 1286 1844 irritans,
1311 1782 1364 1834 sed
1379 1787 1487 1833 mutum
1501 1780 1663 1849 praescribi
1681 1769 1863 1860 libo-ffflssm

46 1867 155 1938 absqae
170 1872 319 1938 parentum
331 1882 467 1921 mutuatu
478 1863 635 1932 contractis,
654 1879 688 1918 ea
701 1880 753 1918 uec
771 1864 800 1917 in
826 1863 887 1917 foro
913 1866 961 1933 ris,
982 1867 1059 1934 quod
1073 1866 1237 1935 parentibus
1250 1864 1396 1934 judicium
1411 1866 1448 1918 de
1465 1864 1571 1934 nuptiis
1585 1865 1750 1934 permittere
1761 1863 1839 1953 {3⁸¹-

47 1952 244 2017 mantiae,
263 1968 314 2008 nee
333 1952 363 2007 in
382 1951 567 2007 loroerterno
586 1956 651 2004 sunt
669 1948 802 2020 legitima,
821 1948 888 2018 quia
913 1952 1033 2005 debeant
1059 1969 1093 2004 oo
1116 1951 1216 2019 quibus
1237 1951 1339 2004 ritibus
1361 1952 1476 2020 nuptiae
1500 1951 1642 2005 celebrare
1668 1952 1748 2004 ‹ute-
1809 1940 1816 1954 ’

10 2037 240 2093 udeetituuutar
263 2037 357 2110 aliquo
383 2036 517 2109 requisito
539 2033 672 2090 divinitus
696 2033 824 2088 instituto
853 2048 887 2087 ac
912 2044 974 2106 aut3
993 2037 1059 2092 item
1078 2037 1238 2090 aliudesse
1258 2044 1388 2105 raptum,
1414 2037 1498 2090 eliud
1522 2037 1685 2106 eonjupium
1707 2038 1750 2090 iu·

49 2124 191 2180 mandato.
231 2122 281 2179 Sin
298 2140 363 2178 vero
381 2122 507 2195 quaestio
525 2121 562 2176 sit
579 2121 614 2175 de
630 2120 761 2191 conjugio
779 2118 885 2191 absque
912 2123 968 2176 rito
980 2130 1067 2191 patre
1078 2122 1253 2176 celebratum.
1278 2120 1504 2193 Respondemus:
1525 2128 1545 2178 l.
1566 2137 1750 2194 quaecunque

50 2208 245 2265 eoelesiastieis
262 2208 318 2263 illis
335 2207 435 2262 ritibus
454 2207 603 2275 celebrato,
622 2206 692 2261 illud
709 2223 765 2260 non
782 2204 811 2258 in
826 2205 886 2259 foro
913 2207 1073 2263 constitutio
1091 2206 1189 2262 nititur
1207 2223 1337 2276 expresso
1356 2206 1409 2262 Dei
1426 2208 1574 2276 mandato,
1600 2208 1650 2262 illa
1667 2207 1748 2261 indu·

51 2295 254 2360 eonscientiae,
280 2295 331 2350 sed
350 2294 380 2350 in
398 2293 459 2349 soro
486 2294 620 2348 duntaxat
643 2299 755 2348 externo
774 2306 886 2346 censen·
912 2294 951 2348 cit
977 2292 1171 2349 aucusitatem
1200 2292 1230 2346 in
1260 2291 1321 2346 foro
1351 2293 1536 2348 conwientiee
1566 2293 1747 2365 obligantem.

55 2381 117 2436 dam
136 2388 180 2436 est
197 2379 386 2452 illegitimum,
414 2379 481 2449 quia
497 2378 660 2434 destituitur
686 2378 781 2449 alique
796 2377 886 2448 requi·
913 2379 1001 2449 Atqui
1020 2376 1180 2432 constitutio
1198 2376 1233 2432 de
1245 2383 1390 2447 pareatum
1402 2394 1538 2434 consensu
1551 2379 1580 2433 in
1597 2378 1748 2449 liberorum

61 2468 108 2522 sito
126 2467 163 2522 ab
179 2466 298 2523 eculeus
314 2465 441 2521 instituto
464 2481 497 2521 ac
515 2464 654 2520 mandato.
912 2462 1017 2533 nuptiis
1036 2462 1134 2518 nititur
1151 2478 1281 2533 expresso
1300 2461 1353 2517 Dei
1372 2463 1510 2519 mandato.
1549 2463 1624 2536 Ergo
1640 2462 1749 2517 inducit

87 2558 126 2609 33.
159 2558 184 2609 2.
196 2569 221 2609 c.
237 2552 416 2608 Honorantur
427 2552 553 2608 studiat
567 2556 608 2607 32.
621 2568 648 2623 q.
661 2556 685 2607 2.
696 2566 730 2605 ex
740 2548 887 2604 Ambrosio
912 2549 1105 2604 necessitatem
1122 2549 1151 2603 in
1170 2549 1231 2604 foro
1250 2548 1437 2604 esculentias
1459 2548 1630 2621 obligantem
1652 2554 1682 2604 et
1698 2566 1749 2620 per

60 2637 114 2695 libr.
127 2644 149 2695 l.
164 2639 200 2693 de
213 2638 356 2694 Abraham
365 2654 388 2692 c,
402 2637 467 2693 ult:
487 2637 649 2691 Coruutitur
661 2636 763 2706 puella
776 2651 831 2687 riou
851 2634 886 2686 es
913 2652 1085 2706 consequens
1097 2635 1295 2704 distinguenda
1306 2635 1374 2690 haec
1388 2635 1549 2691 consuturis
1561 2634 1598 2691 ab
1613 2635 1656 2705 iis,
1675 2651 1748 2707 quae

63 2725 234 2793 sponsalitiae,
253 2723 308 2778 sila
325 2724 397 2777 euim
413 2722 558 2791 justicium
571 2730 711 2790 suspectat
726 2725 886 2790 parentum,
912 2722 1112 2777 accidentarioe
1129 2722 1265 2776 duntaxat
1290 2727 1318 2775 et
1337 2722 1538 2776 ecclesiasticos
1559 2721 1694 2794 quosdam
1712 2721 1747 2774 ri·

65 2824 109 2861 uos
124 2817 163 2864 est
175 2810 249 2864 euim
261 2808 546 2878 oirps‘ssalispustoris
561 2808 664 2877 stipere
682 2806 822 2872 moritum,
836 2805 888 2856 sest
912 2813 958 2862 tus
982 2807 1182 2878 praescribunt
1229 2813 1252 2862 2.
1278 2807 1426 2877 Honestas,
1449 2824 1521 2879 quae
1552 2823 1571 2861 a
1591 2807 1697 2878 pietate
1720 2812 1749 2861 et

66 2894 114 2959 jon
134 2897 309 2967 desponsata
333 2897 368 2949 de
385 2893 575 2964 profectionis
594 2893 642 2946 die
659 2891 817 2947 eomutitur
834 2895 885 2945 eta.
912 2910 1042 2964 expressa
1070 2893 1133 2964 lege
1155 2892 1209 2948 Dei
1227 2893 1341 2962 pendet,
1367 2895 1544 2962 conjunctam
1562 2893 1646 2948 etiam
1663 2892 1748 2946 habet

69 2981 128 3033 sade
154 2981 233 3034 iliud
264 2980 471 3050 Euripideum:
510 2980 727 3048 Sponsaiiorum
762 2991 885 3028 meos-sem
911 2979 1110 3034 necessitatem.
1145 2978 1234 3048 Atqui
1252 2977 1383 3032 honestas
1400 2977 1457 3048 illa,
1475 2994 1548 3048 quae
1565 2977 1682 3049 requirit
1698 2993 1747 3047 pa·

67 3071 133 3132 peter
146 3083 222 3121 meus
239 3080 336 3119 euram
357 3065 475 3132 uetiti,
492 3065 544 3119 too
563 3065 636 3117 euim
655 3081 710 3117 sou
728 3069 770 3115 est
789 3076 885 3114 restem.
910 3071 1018 3121 rentum
1043 3080 1206 3120 consensum
1231 3064 1260 3118 in
1285 3063 1391 3133 nuptiis
1414 3063 1572 3132 liberorum,
1599 3063 1704 3134 pendet
1730 3078 1748 3116 a

71 3146 97 3202 Et
109 3159 212 3220 paee:
238 3151 274 3206 Si
288 3168 345 3221 qua
362 3151 464 3205 mulier
483 3151 587 3204 omisso
612 3151 667 3202 cito
693 3149 796 3201 oso-rito
814 3148 883 3199 aeto·
910 3152 1013 3222 pietate
1023 3156 1051 3205 et
1067 3164 1196 3219 expressa
1211 3147 1265 3203 Dei
1277 3148 1348 3219 lege.
1384 3148 1460 3218 Ergo
1473 3148 1558 3203 etiam
1570 3151 1746 3219 conjunctam
1760 3157 1805 3201 xv.
1820 3155 1853 3197 tt.

72 3232 202 3292 musto
228 3238 259 3290 iu
282 3238 413 3307 taqueum
444 3235 617 3301 infirmitatis
633 3250 701 3287 suae
722 3234 798 3286 timet
815 3232 884 3284 inei·
910 3236 995 3291 habet
1011 3235 1211 3291 necessitatem.
1248 3240 1271 3290 3.
1290 3234 1430 3305 Oonjugia
1448 3234 1600 3306 illegitima,
1619 3251 1652 3290 eo
1671 3233 1745 3288 scili·

73 3321 128 3389 dm·
143 3322 170 3377 ’θ’
185 3323 253 3386 wll,
272 3323 366 3390 nutu,
386 3330 495 3376 lanium
511 3323 541 3374 ‘'ss
563 3323 699 3383 Dosue'no,
718 3320 760 3374 ⁸⁶1⁰
779 3325 809 3371 ui
830 3318 883 3370 tlt·
911 3327 955 3378 cet
973 3322 1063 3389 modo,
1084 3327 1116 3375 ut
1132 3327 1259 3392 pugnent
1277 3336 1332 3375 non
1352 3320 1441 3375 solum
1460 3327 1555 3376 contra
1575 3319 1746 3374 constitutio·

72 3406 166 3462 Mem
195 3408 295 3461 mariti
313 3409 480 3478 partutibtw
494 3409 620 3470 deferat,
653 3423 687 3458 ne
706 3405 884 3474 appetentiae
910 3427 960 3465 nee
980 3407 1188 3474 ecclesiasticas,
1212 3406 1262 3461 sed
1285 3406 1368 3462 etiam
1388 3412 1485 3463 contra
1501 3407 1595 3478 legem
1614 3405 1745 3473 divinam,

69 3493 225 3555 aarum
254 3495 416 3548 aestimetur
447 3500 561 3556 auctor,
589 3493 616 3544 si
638 3492 703 3560 ipsa
728 3489 885 3558 deruptis
911 3502 976 3548 sunt
994 3494 1055 3564 ipso
1071 3495 1135 3563 jure
1153 3491 1237 3547 nulla
1273 3491 1361 3562 Atqui
1384 3492 1516 3563 conjugia
1534 3499 1630 3547 conus
1647 3507 1746 3560 paren·

72 3578 114 3630 uis
128 3579 289 3633 eiectionem
306 3581 360 3633 sibi
379 3580 513 3634 vendicet.
550 3577 685 3646 Espetito
704 3576 777 3628 enim
795 3575 886 3643 meqie
911 3586 971 3635 tum
996 3595 1159 3634 eonaensum
1184 3584 1328 3632 contraeta
1350 3585 1416 3633 eunt
1434 3594 1466 3632 eo
1490 3577 1572 3631 modo
1591 3575 1745 3647 illegitima.

72 3662 144 3719 videri
165 3666 246 3720 debet
275 3683 293 3719 a
314 3666 390 3732 otro,
420 3682 502 3735 queam
524 3664 617 3718 sirum
636 3664 701 3731 ipsa
724 3660 881 3730 expetiisse,
911 3666 994 3737 Ergo.
1033 3664 1063 3720 si
1084 3665 1115 3717 iu
1141 3664 1265 3717 Domino
1293 3664 1396 3717 nubere
1413 3669 1455 3719 est
1473 3663 1635 3719 electionem
1653 3660 1744 3716 mariti

72 3751 243 3805 verecudiam
252 3753 430 3821 praemittat,
449 3758 599 3821 antequam
610 3749 706 3815 nubet,
721 3765 775 3816 quo
794 3749 886 3815 ipsum
911 3749 1073 3822 parentibus
1093 3749 1214 3813 deferre,
1240 3764 1307 3819 ergo
1319 3750 1386 3819 jure
1404 3749 1498 3804 divino
1515 3753 1662 3820 parentum
1681 3764 1744 3801 con·

72 3837 208 3906 tusjuqiam
212 3836 283 3906 pius
292 3838 461 3890 commendet
471 3835 648 3888 uerecundia.
668 3842 691 3888 3.
702 3849 724 3887 a
736 3849 820 3903 spons
833 3835 884 3886 etc.
912 3853 1008 3892 sensus
1026 3836 1191 3906 requiritur,
1216 3842 1244 3890 et
1259 3853 1310 3906 per
1325 3851 1497 3907 consequens
1515 3835 1630 3905 nuptiae
1649 3837 1746 3889 contra

10 3942 15 3971 s
72 3916 118 3975 dist
126 3928 163 3979 lt.
175 3939 201 3994 q.
215 3929 240 3978 5.
256 3921 417 3978 exconcilio
436 3920 649 3991 Carthaginensi
659 3925 696 3974 t:
719 3920 845 3988 Sponsus
859 3925 886 3971 et
912 3927 1060 3993 parentum
1078 3924 1244 3976 consensum'
1260 3927 1418 3976 connectat
1446 3922 1603 3991 contrajac
1621 3918 1745 3973 divinum

10 4026 19 4060 r
72 4020 153 4073 ponsa
170 4026 233 4063 eum
252 4008 437 4062 benedicendi
452 4015 515 4060 suut
534 4025 553 4059 a
570 4007 726 4072 sacerdote,
744 4024 762 4058 o
778 4021 884 4073 pareu-
911 4007 1112 4063 contrahuntur
1128 4007 1290 4077 acproinde
1310 4012 1376 4081 eunt
1393 4023 1444 4078 per
1457 4005 1600 4062 seirritae.
1628 4011 1653 4060 t.
1667 4004 1745 4059 Inter
1800 4064 1803 4070 ,

10 4104 16 4145 t
72 4090 125 4147 iius
139 4095 183 4149 oei
196 4093 406 4165 paranymphis
424 4094 580 4162 offerantur
604 4093 633 4144 irs
652 4090 770 4144 eooleua
790 4105 885 4143 socor-
912 4100 1051 4164 raptorem
1079 4098 1108 4146 et
1130 4093 1200 4147 citra
1227 4099 1374 4163 paramum
1399 4109 1564 4147 consensum
1583 4090 1745 4146 contrahen-

10 4196 23 4230 s
73 4178 122 4233 toi.
138 4189 161 4238 t.
178 4198 203 4240 c.
220 4181 318 4246 Qualis
332 4186 386 4236 etc.
399 4196 474 4234 caue.
494 4184 521 4233 et
533 4182 641 4249 quaest.
651 4176 713 4230 iisd.
733 4191 766 4230 er
777 4175 885 4232 Mene:
910 4186 967 4234 tem
997 4178 1064 4232 lieet
1080 4178 1193 4248 aliquod
1213 4178 1250 4232 sit
1267 4178 1429 4243 discrimen,
1457 4185 1550 4233 tamen
1568 4194 1601 4232 ea
1620 4176 1745 4231 animad-

10 4281 22 4315 ¹
75 4260 157 4324 Qualis
176 4269 277 4322 debeat
295 4281 354 4320 esso
374 4282 461 4332 uror,
484 4281 556 4333 quoe
582 4264 712 4316 babendo
732 4270 772 4317 eet
789 4279 884 4314 seeun-
912 4264 1029 4319 vertitur
1046 4263 1249 4332 convenientia,
1266 4264 1341 4335 quod
1360 4264 1407 4318 hic
1420 4263 1566 4330 fraudibus
1585 4268 1614 4317 et
1632 4260 1701 4316 dolis
1716 4260 1745 4314 id

10 4362 21 4399 1
74 4349 223 4425 anteponi
240 4353 321 4421 sirpo
340 4358 418 4406 casta
437 4358 462 4403 et
481 4351 650 4418 desporuata
677 4349 708 4401 irs
725 4348 885 4416 sirpinitate
911 4351 980 4421 agit,
999 4349 1075 4420 quod
1093 4349 1140 4403 ille
1156 4348 1288 4404 violentie
1304 4350 1333 4404 in
1360 4357 1454 4405 actum
1471 4348 1597 4405 deduxit.
1632 4346 1660 4404 Si
1680 4363 1746 4416 ergo

10 4448 16 4479 ν
69 4439 198 4493 adstote
220 4438 344 4507 ispitime
369 4444 394 4490 et
418 4437 619 4506 aparentibus
645 4435 754 4488 tradita
783 4451 885 4503 sponso
912 4437 1052 4491 nonlicet
1072 4436 1180 4506 parenti
1201 4436 1288 4490 insito
1313 4435 1399 4490 filiam
1419 4436 1538 4506 eripere,
1569 4435 1664 4504 utique
1694 4448 1746 4486 nec

70 4523 335 4595 etaparauyenptsis
347 4523 513 4594 accipientia
532 4529 558 4574 et
580 4521 621 4574 ite
632 4522 782 4574 semiustum
800 4520 885 4587 iopam
897 4588 900 4601 Ι
912 4522 1055 4577 blanditiis
1073 4537 1134 4576 eam
1151 4520 1254 4576 licebit
1266 4521 1407 4589 inducere,
1426 4528 1457 4576 ut
1478 4521 1584 4591 absque
1601 4520 1662 4589 ejus
1681 4532 1744 4571 con·

66 4614 89 4661 et
102 4611 271 4681 ampelium
284 4608 409 4679 publices
426 4609 533 4681 nuptus
552 4609 582 4660 in
600 4607 760 4675 eonjupium
779 4606 887 4674 lipsiae
911 4626 994 4664 sensu
1019 4609 1131 4679 nuptias
1155 4608 1299 4663 contrahat
1323 4626 1357 4665 ac
1379 4625 1409 4664 se
1426 4609 1514 4679 ipsam
1534 4605 1665 4677 potestati
1683 4620 1746 4674 pro·

64 4698 235 4752 amendat.
251 4713 275 4753 c.
292 4695 355 4751 Hoc
373 4702 497 4750 emaum
514 4701 567 4748 etc.
578 4693 641 4749 dist.
652 4698 693 4748 32.
708 4711 734 4764 q.
747 4698 769 4746 2.
781 4706 886 4746 ercon-
912 4695 989 4766 prise
1007 4693 1114 4764 eripiat.
1150 4693 1190 4750 Ut
1206 4701 1301 4764 raptor
1319 4694 1403 4749 filiam
1421 4711 1472 4765 per
1490 4693 1545 4748 vim
1565 4690 1674 4763 percuti
1692 4690 1745 4744 eri·

10 4804 16 4847 l
63 4780 119 4837 silio
128 4782 265 4838 Toletano
278 4786 303 4838 3.
318 4798 340 4836 c.
356 4787 403 4838 to:
423 4779 604 4834 Viduooillis
613 4779 726 4847 subant,
735 4795 805 4847 quos
815 4795 884 4847 pro·
912 4782 965 4853 pit,
993 4781 1034 4835 sic
1057 4780 1115 4835 filia
1138 4797 1167 4834 ee
1191 4780 1279 4850 ipsam
1303 4783 1426 4850 parentis
1445 4779 1576 4851 potestati
1598 4775 1745 4838 subtrahit,

10 4862 14 4953 ξ
55 4868 119 4937 pria
145 4869 287 4923 wtuatote
314 4866 454 4922 volueriut
485 4866 586 4919 tabere
613 4866 740 4918 maritos.
777 4864 886 4918 Similis
912 4869 935 4924 si
953 4867 1040 4923 invito
1056 4871 1172 4937 parente
1189 4866 1299 4937 nuptias
1313 4866 1464 4921 renudat
1500 4864 1666 4934 Maiestatis
1687 4862 1739 4916 too

10 4982 14 4987 ·
56 4956 175 5010 corditio
192 4961 218 5009 st
236 4955 272 5007 de
286 4952 442 5020 oirqiuibus
461 4952 607 5018 habeatur,
626 4966 676 5003 uec
693 4958 772 5003 estro
791 4951 887 5005 uoluu-
912 4973 962 5010 noe
984 4955 1122 5009 scaevola
1142 4962 1257 5007 ooouoat
1276 4971 1345 5022 oum,
1365 4954 1415 5023 qui
1432 4953 1499 5006 doto
1518 4952 1594 5004 malo
1610 4951 1693 5014 facit,
1711 4966 1747 5002 rso

52 5049 136 5096 mum
160 5048 310 5111 parentum
335 5039 379 5094 oei
405 5056 484 5092 suam
511 5044 648 5105 coquatur
675 5038 794 5090 mars'tos
813 5038 885 5090 acci·
912 5040 1057 5110 rnojestoti
1082 5040 1154 5092 stru
1177 5047 1308 5093 moneant
1336 5039 1419 5104 salui,
1442 5036 1503 5091 libr.
1530 5043 1552 5092 l.
1580 5032 1608 5111 ξ.
1636 5042 1657 5090 1.
1675 5035 1712 5089 ad
1728 5035 1745 5088 l.

47 5144 123 5200 pere.
141 5127 213 5185 Cum
231 5126 518 5199 quoconjungaturo.
532 5123 845 5180 Nonomnisetc.caus.
859 5129 887 5178 et
911 5126 968 5182 Jul.
994 5125 1099 5195 majest.
1130 5131 1158 5180 et
1188 5123 1352 5195 plagiarium
1385 5121 1521 5178 definiunt
1546 5120 1747 5192 jurisconsulti,

49 5220 155 5289 quaest
174 5213 275 5269 iisdem
293 5229 327 5269 ex
345 5211 451 5267 hone:
479 5211 604 5264 Paterno
624 5209 745 5262 arbitrio
763 5211 886 5274 feminae
913 5213 963 5281 qui
987 5212 1107 5280 aliquem
1133 5228 1165 5264 ee
1187 5211 1304 5273 fomitis
1329 5208 1449 5262 alterius
1470 5208 1616 5276 subducit,·
1642 5212 1747 5277 quanto

40 5305 161 5375 pinetae
172 5302 244 5355 siris
255 5298 456 5366 eoreateutpar
468 5301 491 5353 6.
502 5313 523 5350 c.
540 5295 685 5351 Nostrates
694 5300 746 5349 etc.
762 5295 826 5349 dist.
845 5303 885 5351 30.
913 5298 1025 5369 gravia
1042 5303 1141 5366 peccat
1152 5294 1218 5359 lilia,
1238 5312 1309 5366 quae
1327 5312 1359 5350 ex
1377 5299 1516 5365 potestate
1535 5294 1620 5365 longe
1636 5290 1747 5347 arctiori

45 5407 72 5462 q.
81 5397 106 5446 5.
117 5385 281 5458 aepistola
293 5383 403 5440 Nicolai
414 5381 545 5453 papaead
556 5378 887 5450 consultaBulgsrorum:
913 5391 942 5440 et
959 5384 1048 5454 magis
1069 5384 1115 5452 pia
1135 5383 1259 5454 profugit
1278 5389 1305 5437 et
1329 5383 1377 5452 jus
1395 5399 1477 5436 suum
1495 5382 1568 5452 petri
1577 5378 1746 5450 praevertit,

44 5474 205 5548 baptistis
220 5472 344 5539 foedera
364 5487 497 5524 consenso
515 5484 618 5534 saum,
632 5467 682 5536 pu·
697 5467 888 5531 taeccoutre·
913 5488 976 5526 cum
997 5471 1030 5523 ta
1053 5471 1129 5539 quoa
1148 5486 1238 5523 meum
1260 5477 1315 5533 est,
1336 5470 1395 5523 sine
1419 5483 1480 5522 meo
1495 5474 1613 5536 peceato
1633 5463 1749 5530 aufers-s·
1803 5464 1808 5479 ·

42 5567 120 5629 irent
138 5569 167 5618 si
180 5559 289 5624 imm,
313 5557 343 5610 iu
360 5572 478 5626 quorum
492 5560 633 5626 potestate
652 5560 726 5624 suat,
745 5552 887 5607 etlehas·
914 5574 971 5612 uon
986 5556 1087 5626 possit,
1105 5555 1124 5613 1.
1141 5554 1171 5609 id
1191 5554 1265 5627 quod
1277 5560 1402 5610 nocuum
1416 5559 1455 5610 ll.
1469 5553 1504 5608 de
1519 5552 1552 5605 R.
1569 5551 1596 5606 J.
1632 5549 1745 5604 Falsum
