4020 6022
256 336 315 394 lib
852 324 976 383 LOCUS
991 322 1199 383 Vtcuettttte
1216 322 1387 391 QUINTUS

251 481 318 537 licet
335 486 414 552 qaod
430 490 524 537 eatam
545 484 659 537 solenne
676 480 797 535 dirim
807 481 1014 535 matrimonium
1021 486 1087 549 post
1114 476 1142 532 in
1179 477 1354 533 muliebrium
1394 478 1480 533 nimia
1520 477 1720 546 coarctatione,
1762 477 1791 531 in
1829 476 1953 547 partium

251 569 345 640 ipsum
374 576 467 624 sotum
490 569 673 631 cabirorum,
701 585 763 623 eam
787 567 854 623 totis
875 566 980 623 viribm
1002 581 1086 637 nega·
1112 564 1284 635 generationi
1300 564 1507 621 inservientium
1525 564 1629 635 insigni
1645 564 1776 633 laesione,
1793 562 1953 635 dequibus

251 670 330 723 mus,
350 656 431 726 cujus
448 653 603 726 negationis
623 660 734 709 nostrae
752 653 933 708 fundamenta
953 652 1084 724 produce·
1116 650 1243 705 omnibns
1261 650 1344 706 latim
1356 656 1478 705 aucant
1496 650 1595 706 medici
1612 654 1642 707 et
1660 648 1818 705 anatomici.

253 758 315 795 mns
328 740 442 796 inierim
454 740 483 794 in
496 739 658 811 quaestione
671 739 806 795 decausis
818 738 937 802 divortii,
955 738 1086 809 adquam
1147 742 1206 792 231.
1250 736 1399 801 Quaeritur
1426 736 1479 792 hoo
1504 738 1564 791 loco
1593 741 1616 793 l.
1664 736 1744 791 Unde
1767 736 1951 790 assemaeda
1964 731 2008 783 θ’·

252 827 344 882 locum
363 826 474 897 proprie
492 825 561 881 haec
578 824 768 880 controversia
783 823 916 893 pertinet,
936 823 985 878 ubi
1003 823 1086 878 etism
1112 824 1150 878 sit
1165 824 1299 893 pubertas
1324 823 1382 876 siae
1395 824 1499 877 aetatis
1512 823 1807 893 manauerantque
1822 822 1951 876 idonea!
1960 780 2008 885 ind

252 912 441 983 quaestionem
460 912 496 968 de
517 911 649 983 ligamine
672 908 875 981 sponsaliorum
894 926 1013 981 sequens
1030 924 1086 963 ma·
1112 910 1181 965 iure
1199 908 1274 964 civili
1290 912 1369 979 justa
1388 909 1549 979 nuptiarum
1567 914 1645 963 setas
1666 907 1798 963 delinitur
1816 915 1950 978 matuar-
1961 886 2008 979 Ἄ

250 998 408 1053 aimonium
434 998 582 1053 dirimente
611 1013 630 1052 a
660 995 830 1052 Bellarmino
859 994 905 1051 hic
934 996 1086 1065 inspersam
1114 996 1204 1050 ‹tecim
1224 997 1308 1049 annis
1327 994 1511 1059 inmortalis,
1529 994 1676 1051 duodecim
1693 1011 1759 1050 vere
1775 996 1808 1047 s'ss
1824 993 1950 1063 semissis,

252 1084 491 1156 pertractabimus.
536 1084 599 1139 Hoc
624 1083 686 1138 loco
709 1082 764 1137 tris
784 1083 920 1137 duntaxat
936 1098 1087 1147 monemus,
1113 1083 1161 1153 qui
1177 1082 1214 1135 ad
1232 1097 1294 1137 eam
1313 1088 1434 1137 aetatem
1458 1098 1515 1136 non
1535 1090 1734 1152 pervenerunt,
1759 1079 1875 1151 nuptias
1894 1096 1949 1133 non

254 1176 277 1228 t.
295 1176 418 1225 cosmam
436 1169 603 1225 mntsntiam
620 1168 672 1223 niti
692 1184 823 1238 expressa
835 1167 938 1222 Christi
949 1166 1088 1223 decisione
1115 1168 1268 1240 legitimas,
1295 1168 1345 1223 sed
1364 1172 1557 1239 praematuras
1571 1166 1750 1235 conmehnnt,
1768 1166 1828 1221 sive
1846 1168 1951 1235 patres·

251 1255 350 1310 blattb.
374 1261 420 1323 rs,
447 1272 474 1311 v.
493 1261 524 1310 e:
547 1254 630 1317 Quod
648 1256 729 1308 Deos
747 1252 909 1321 conjurarit,
933 1253 1015 1307 bomo
1033 1270 1088 1305 non
1114 1252 1233 1307 familias
1253 1253 1317 1317 sint,
1335 1252 1390 1309 hoc
1406 1258 1449 1307 est
1466 1251 1601 1322 suijuris,
1620 1250 1677 1306 sive
1694 1249 1883 1313 filiifamilias,
1899 1249 1951 1304 hoc

250 1350 376 1412 separet,
402 1358 469 1412 erge
494 1340 536 1395 ias
560 1358 617 1395 non
638 1344 681 1395 est
704 1356 766 1393 eam
784 1339 927 1408 deserere,
953 1338 998 1393 cui
1018 1337 1088 1391 tides
1114 1343 1157 1393 est
1179 1339 1232 1394 sub
1249 1338 1340 1409 patria
1364 1342 1502 1409 potestate
1528 1337 1680 1393 constituti.
1699 1336 1728 1409 ξ.
1749 1343 1760 1393 1
1779 1335 1874 1393 Instit.
1892 1335 1951 1407 qui-

251 1426 406 1499 conjugalis
433 1427 468 1481 de
496 1426 642 1481 individua
672 1424 747 1481 vitas
775 1424 909 1481 societate
943 1425 1009 1479 dete
1038 1429 1089 1479 est.
1116 1424 1168 1479 bus
1186 1424 1273 1479 modis
1290 1428 1342 1481 tut.
1354 1423 1461 1479 linitur.
1481 1424 1499 1478 l.
1510 1423 1654 1479 minorem.
1672 1422 1702 1479 ff.
1717 1424 1753 1479 de
1772 1422 1817 1480 rit.
1829 1422 1950 1493 nuptias.

251 1520 276 1569 2.
295 1512 495 1569 Bellarminum
522 1530 573 1582 pro
601 1511 752 1567 assertione
769 1527 837 1567 suae
862 1510 1016 1567 sententiae
1033 1526 1088 1564 non
1114 1511 1132 1565 1.
1152 1510 1229 1567 tirel.
1257 1510 1289 1567 C.
1315 1511 1418 1582 quand.
1442 1515 1525 1565 attor.
1549 1511 1592 1565 vei
1618 1513 1704 1565 curat
1729 1524 1790 1565 esse
1814 1508 1950 1565 desinam.

250 1599 374 1669 potuisse
394 1598 547 1669 producere
573 1597 618 1652 vel
640 1597 754 1653 unicum
779 1597 939 1667 Scripturas
975 1595 1089 1663 dictum,
1115 1601 1234 1651 Causam
1253 1595 1337 1666 hujus
1361 1593 1529 1651 diversitatis
1546 1596 1629 1668 gloss.
1652 1594 1681 1649 in
1709 1594 1727 1651 l.
1747 1600 1771 1650 2.
1796 1593 1827 1650 G.
1846 1592 1883 1649 de
1899 1593 1950 1660 liis,

253 1686 303 1741 sed
322 1684 464 1743 cumulare
477 1684 615 1739 dunmsat
626 1685 739 1739 decreta
752 1682 939 1751 conciliorum,
957 1698 1090 1752 responsa
1115 1683 1163 1754 qui
1188 1682 1297 1738 veniam
1320 1687 1404 1737 aaut
1430 1681 1541 1752 impetr.
1561 1680 1688 1751 assignat
1704 1679 1868 1747 ridiculam,
1884 1680 1951 1749 quis

255 1770 419 1843 pontificum
437 1774 467 1824 et
480 1768 557 1825 dicta
573 1777 692 1839 patrum,
710 1769 759 1824 sed
770 1768 840 1823 haec
858 1768 952 1823 omnia
967 1767 1088 1822 nondum
1115 1769 1193 1823 mata
1219 1770 1306 1824 baba
1328 1768 1411 1823 eitiroe
1435 1775 1551 1823 mosem.
1596 1767 1703 1822 Baldus
1728 1766 1758 1821 in
1781 1782 1843 1836 cap.
1865 1772 1890 1822 t.
1915 1765 1950 1821 de

251 1861 370 1928 possunt
393 1855 554 1911 satisfecere
574 1854 772 1919 eonscientiae,
796 1871 868 1925 quae
885 1870 1044 1925 expressum
1062 1859 1090 1907 et
1117 1856 1274 1926 desponsat.
1296 1854 1402 1925 impub.
1428 1857 1505 1925 quod
1527 1854 1638 1919 sentina
1660 1854 1745 1908 citius
1771 1860 1950 1907 conmmatur

255 1942 390 1997 disertm
408 1939 463 1997 Dei
481 1940 596 1997 verbum
617 1940 740 2011 requirit.
770 1946 794 1995 3.
813 1940 968 2010 Ipsummet
985 1938 1090 1993 Bellar·
1116 1950 1142 1995 et
1160 1941 1225 1996 ideo
1242 1941 1325 1995 citieus
1341 1942 1519 2011 perficiatur.
1558 1939 1721 1995 Macrobius
1737 1940 1800 1997 libr.
1821 1946 1845 1995 t.
1862 1956 1949 1995 somn.

255 2027 360 2083 minum
376 2026 466 2094 fateri,
485 2042 521 2081 ne
539 2026 613 2096 ipsos
635 2026 748 2097 quidem
765 2026 926 2081 Pontificios
943 2025 1091 2096 scriptores
1116 2026 1190 2097 Scip.
1227 2044 1288 2098 cap.
1322 2032 1348 2083 6.
1383 2042 1449 2098 pag.
1486 2032 1528 2084 bt.
1565 2043 1678 2081 eaumm
1712 2026 1795 2081 affert
1824 2034 1951 2080 sotorum

254 2114 284 2167 in
303 2113 356 2168 hac
372 2111 561 2185 propositione
583 2111 656 2167 inter
680 2128 710 2167 se
728 2112 892 2169 consentire.
931 2112 1028 2178 Msdti,
1048 2111 1089 2164 in·
1109 2114 1332 2181 sustitutionem.
1383 2112 1529 2184 Cypraeus
1562 2114 1597 2169 de
1631 2112 1808 2184 sponsalibus
1835 2128 1896 2183 esp
1927 2118 1950 2167 a.

253 2198 329 2272 quit,
351 2200 427 2268 iiqsss
443 2198 605 2267 maciesimi
632 2198 768 2267 theolopi,
789 2198 923 2266 Thomas,
942 2198 1089 2251 Benacen-
1116 2197 1145 2274 ξ.
1165 2206 1190 2255 2.
1207 2216 1281 2254 num.
1303 2206 1326 2255 l.
1344 2200 1504 2267 periculum
1518 2200 1687 2269 pudicitiae,
1705 2216 1741 2253 ae
1755 2200 1787 2253 iss
1800 2198 1952 2269 propriam

136 2296 182 2340 xv.
194 2294 241 2339 tte
254 2292 329 2353 tura,
346 2285 490 2353 Alteram,
509 2284 682 2353 Riebardas,
702 2286 864 2338 Daraadus
882 2291 909 2337 et
923 2282 1090 2338 Dominicns
1115 2304 1217 2355 empus
1238 2293 1365 2355 peceant.
1413 2284 1541 2340 Clemens
1567 2286 1647 2341 Alex.
1671 2284 1733 2340 libr.
1753 2290 1776 2341 t.
1800 2289 1894 2341 strom
1918 2302 1951 2340 er

253 2389 274 2427 a
292 2370 361 2426 Sota
379 2372 411 2425 in
428 2375 453 2427 4.
470 2378 586 2425 sentent.
605 2371 727 2427 ds'stinet.
744 2374 786 2427 38.
806 2371 981 2434 eonmndunt,
998 2376 1090 2422 cotum
1115 2371 1216 2429 Solone
1236 2372 1358 2435 notavit,
1384 2370 1565 2427 mutationem
1589 2370 1690 2427 aetatis
1713 2371 1744 2425 in
1762 2370 1888 2427 musmo
1910 2387 1951 2425 rs-

252 2459 367 2514 eolenne
380 2458 450 2527 jure
473 2458 569 2511 adoino
594 2474 630 2511 ae
649 2456 780 2511 natarali
795 2456 929 2511 dri-insere
948 2455 1090 2509 matrimo-
1116 2458 1250 2529 puleriter
1278 2456 1339 2512 fieri
1357 2474 1408 2527 per
1434 2456 1634 2527 septenarium,
1664 2458 1694 2511 in
1712 2456 1817 2513 hmine
1841 2473 1894 2527 per
1909 2473 1951 2513 se-

253 2546 350 2614 rdam,-
379 2545 432 2599 sed
460 2542 561 2597 &otae
592 2550 619 2596 et
651 2543 825 2598 Patudanas
857 2543 888 2597 ia
918 2546 944 2597 4.
974 2549 1089 2597 sentent.
1116 2543 1232 2599 narium.
1277 2543 1406 2599 Uarenus
1429 2543 1465 2599 de
1490 2543 1610 2614 sponsal.
1636 2542 1698 2599 libr.
1723 2548 1745 2599 1.
1764 2560 1794 2611 ρ.
1819 2549 1846 2599 9.
1869 2542 1952 2599 affert

255 2631 380 2688 distinet.
393 2632 437 2683 38.
450 2628 699 2699 Oajetauueintib.
710 2632 738 2687 2.
750 2635 856 2699 qumest.
876 2632 917 2683 88.
937 2628 1019 2683 artie.
1032 2631 1054 2683 7.
1064 2636 1090 2682 et
1114 2630 1213 2699 huee,
1231 2630 1300 2700 quia
1316 2630 1427 2696 fenino
1443 2630 1475 2684 in
1490 2637 1571 2685 utero
1588 2630 1703 2683 tardius
1723 2631 1887 2701 sorrnatur5
1915 2630 1951 2685 ei·

252 2724 322 2773 teste
338 2715 545 2771 Panormitano
570 2731 666 2771 omues
685 2715 851 2785 interpretes
864 2715 945 2784 juris
962 2714 1092 2769 canonici
1115 2719 1227 2788 quiden
1248 2716 1423 2788 prineipimn
1450 2715 1641 2786 esserationis
1671 2718 1734 2786 ejus
1756 2724 1798 2771 est
1820 2717 1950 2787 demens,

251 2809 386 2868 statuum,
402 2802 465 2857 solo
482 2802 615 2857 molesme
643 2804 757 2857 decreto
767 2803 882 2869 saetam
898 2816 970 2869 esse,
996 2807 1026 2854 at
1042 2818 1087 2855 oo·
1114 2812 1195 2859 estre
1221 2811 1331 2858 uterum
1348 2802 1430 2857 eitius
1444 2804 1605 2873 perficitur,
1636 2820 1699 2857 cuns
1720 2804 1796 2859 atim
1810 2804 1850 2858 sit
1867 2804 1950 2857 imbe-

254 2897 312 2943 tum
329 2889 441 2943 sobnae
462 2889 581 2943 dirimat
600 2888 824 2953 matrimonium,
844 2904 960 2958 quorum
979 2892 1088 2943 senten·
1115 2890 1238 2944 oillioris
1269 2897 1296 2943 ct
1326 2888 1461 2943 assere
1492 2889 1563 2955 aeri,
1591 2889 1673 2942 mdes
1701 2887 1800 2943 nescit
1815 2888 1951 2959 cuiusque

252 2975 310 3030 tiae
328 2974 514 3030 Rellmminus
532 2990 679 3045 assurgere
698 2974 810 3030 videtur
825 2974 987 3046 acprobare
1006 2990 1088 3029 cona-
1114 2977 1263 3049 (Ιοοτοοοίε,
1282 2982 1354 3031 teste
1372 2974 1523 3031 Aristotele
1535 2974 1583 3031 lib.
1594 2981 1618 3032 4.
1641 2974 1676 3031 de
1695 2981 1818 3045 generat
1836 2976 1948 3031 animd.

252 3068 299 3117 tur
323 3059 492 3133 quibusdam
513 3059 689 3126 ratiunculis,
718 3060 866 3114 ecclesalam
882 3060 1010 3129 pmnase
1036 3060 1088 3113 hoe
1113 3078 1137 3117 e
1156 3068 1180 3117 6.
1199 3062 1401 3132 simplicissime
1418 3061 1609 3131 respondetur,
1626 3060 1744 3117 semines
1762 3060 1847 3117 citius
1870 3060 1949 3117 reddi

253 3147 481 3216 impedimentum
516 3146 691 3201 conducere.
746 3144 835 3215 Atqui
864 3144 918 3202 hoc
948 3162 1013 3201 vere
1046 3152 1090 3201 est
1113 3148 1293 3217 viripotentes
1321 3153 1349 3204 ot
1382 3147 1417 3202 ad
1453 3147 1663 3218 concipiendum
1699 3148 1814 3203 idoneas
1863 3164 1947 3219 quam

253 3231 401 3289 ecelesiam
443 3232 583 3302 praeferre
627 3230 738 3286 Christo
783 3238 813 3286 et
860 3230 1088 3287 consuetudinem
1115 3234 1252 3289 masculos
1267 3234 1304 3287 ad
1324 3232 1523 3304 generandum.
1555 3232 1708 3289 Guibertus
1724 3235 1760 3289 de
1774 3234 1948 3291 matrimonio

255 3318 472 3373 eeclesiasticam
490 3332 619 3387 expresso
629 3316 685 3373 Dei
697 3316 782 3371 verbo
798 3316 833 3371 de
847 3328 983 3387 perpetua
1000 3322 1030 3372 et
1049 3317 1089 3372 in·
1114 3336 1136 3375 c
1161 3325 1186 3375 3.
1211 3338 1288 3377 uum.
1313 3328 1354 3376 3⁰.
1405 3319 1475 3374 dure
1499 3320 1632 3375 mnonico
1656 3318 1789 3390 pubertas
1813 3338 1870 3376 non
1893 3328 1948 3377 mm
1962 3330 2003 3385 tv.

253 3402 409 3461 dissolubili
426 3402 593 3459 matrimonii
612 3401 750 3458 firmitate.
1115 3423 1250 3462 annorum
1268 3422 1383 3462 numero
1402 3422 1485 3476 quem
1505 3422 1655 3475 carporum
1667 3406 1816 3461 tabilitate
1834 3416 1860 3461 et
1870 3424 1950 3476 pene·

289 3494 347 3545 230.
383 3490 431 3544 Ad
451 3489 650 3560 impedimenta
668 3487 837 3543 matrimonii
854 3499 981 3559 respectu
1000 3488 1089 3559 quali·
1114 3492 1204 3547 randi
1215 3500 1354 3561 potestate
1374 3490 1552 3555 aestimatur,
1581 3491 1657 3547 unde
1674 3492 1805 3547 maculis
1825 3497 1891 3549 ante
1913 3500 1950 3551 lt

254 3580 343 3631 utum
357 3575 444 3632 enimi
457 3574 576 3632 retertur
590 3573 786 3646 aquibusdam
799 3574 883 3630 etiem
897 3575 1089 3639 infirmitaset
1114 3578 1233 3634 femellis
1257 3582 1324 3633 ante
1355 3584 1393 3633 12.
1419 3594 1522 3633 annum
1549 3576 1665 3647 nuptiae
1685 3578 1899 3647 permittamur.
1928 3580 1950 3635 si

252 3663 390 3718 haeresis.
423 3660 529 3717 Verum
548 3676 612 3716 cum
639 3660 717 3715 nulle
734 3660 771 3715 sit
788 3660 928 3717 dubitatio
951 3661 987 3717 de
1006 3678 1089 3733 quae·
1115 3664 1222 3720 scilicet
1238 3664 1352 3719 malitia
1375 3672 1494 3718 aemtem
1517 3663 1658 3733 suppleat,
1675 3680 1699 3717 c.
1738 3663 1863 3721 Puberes
1889 3682 1950 3721 cum

253 3748 344 3803 stione
368 3746 497 3803 absolute
522 3747 654 3811 immam,
680 3762 717 3801 aa
740 3744 860 3801 infidelis
886 3746 1089 3801 matrimonium
1117 3766 1194 3821 seqq.
1215 3768 1241 3805 x.
1257 3750 1293 3805 de
1310 3749 1437 3821 despons.
1457 3749 1562 3820 impub.
1577 3748 1722 3819 suppletio
1739 3748 1830 3804 illain
1843 3750 1951 3809 duobus

254 3832 419 3889 contrahere
435 3832 532 3903 possit,
550 3832 601 3887 sed
617 3832 752 3887 duntuat
769 3830 805 3886 de
823 3832 985 3902 quaestione
1003 3832 1089 3889 relate
1116 3835 1280 3907 requiritur,
1310 3835 1340 3890 in
1357 3835 1525 3891 meamne
1541 3835 1649 3891 scilicet
1665 3836 1703 3890 ad
1722 3852 1889 3893 consensum
1906 3838 1950 3895 ob

252 3919 380 3986 termam,
399 3934 434 3973 an
453 3917 560 3973 scilicet
576 3916 697 3973 infidelis
711 3934 775 3973 cum
800 3917 877 3973 fideli
895 3919 1089 3976 ethaereticus
1116 3921 1222 3994 ligandi
1240 3928 1270 3977 et
1287 3921 1414 3993 potentie
1431 3921 1490 3977 sire
1507 3920 1651 3976 habilitate
1670 3919 1707 3975 ad
1726 3938 1807 3976 usum
1820 3923 1951 3996 conjugii.

253 4020 318 4059 cum
341 4002 494 4059 orthodoxo
517 4002 721 4060 matrimonium
743 4004 812 4059 inire
834 4004 936 4074 possit,
962 4005 1027 4061 ideo
1051 4008 1088 4063 ad
1115 4006 1299 4062 Oovarruviss
1329 4012 1400 4078 pert
1427 4012 1451 4063 2.
1477 4023 1501 4062 c.
1522 4012 1546 4061 5.
1571 4021 1647 4062 num.
1673 4013 1698 4063 4.
1723 4012 1753 4061 et
1770 4023 1849 4080 seqq.
1897 4010 1951 4065 Pro

252 4089 433 4161 posteriorem
456 4087 604 4146 amiculum
630 4088 665 4146 de
682 4090 772 4145 relata
798 4090 965 4161 qualitatum
982 4093 1010 4146 in
1028 4110 1089 4164 per·
1116 4092 1289 4149 adstruenda
1307 4092 1455 4149 decisionis
1474 4090 1557 4162 injus
1575 4092 1716 4162 aequitate
1731 4091 1854 4151 afferunt
1871 4112 1949 4151 cano

253 4174 328 4231 souis
345 4174 519 4232 matrimonio
540 4174 693 4247 jungendis
717 4174 912 4247 requisiturum
930 4176 1088 4233 considera·
1116 4178 1206 4233 nistae
1226 4179 1353 4249 exempla
1376 4194 1485 4245 eorum,
1519 4177 1568 4248 qui
1585 4185 1652 4233 ante
1674 4179 1884 4249 quatuordecim
1903 4198 1949 4237 sn·

251 4261 328 4317 done
353 4261 523 4333 quaestionis
549 4260 623 4316 illius
656 4261 760 4317 decisio
791 4260 937 4319 referende
968 4270 1028 4332 est,
1055 4280 1091 4319 ec
1115 4280 1214 4319 norum
1241 4268 1362 4321 eetatm
1391 4264 1510 4334 puberes
1542 4262 1643 4319 effecti.
1697 4264 1887 4337 Hieronymus
1921 4268 1949 4323 in

252 4348 407 4419 proindee
435 4347 616 4420 qualitatibus
642 4347 728 4403 animi
757 4349 818 4417 jam
842 4354 919 4403 reeta
944 4350 1090 4405 transitum
1114 4350 1194 4420 epist.
1215 4350 1251 4405 ad
1271 4349 1392 4406 Vitalem
1410 4355 1557 4415 memorat,
1576 4366 1699 4417 pueram
1717 4354 1873 4421 aeneam,
1901 4354 1950 4423 qai
1984 4342 1994 4353 ’

125 4435 147 4477 ²·
163 4432 370 4489 auct-tacimus
387 4434 424 4487 ad
442 4434 597 4503 qaaldates
615 4435 753 4503 corporis.
782 4432 866 4489 Duae
888 4436 1089 4507 suutcorporis
1114 4452 1201 4505 usqae
1231 4437 1272 4489 ad
1304 4435 1441 4488 &cimam
1471 4436 1609 4490 duntaxat
1633 4444 1804 4505 peruenerat
1836 4456 1948 4505 annam,

124 4492 234 4591 iwan
254 4519 413 4593 qualitates,
430 4535 503 4591 quae
514 4516 544 4573 isi
561 4534 680 4589 persona
694 4518 897 4575 matrimonium
913 4526 1090 4577 contractura
1113 4522 1250 4577 natricem
1276 4538 1357 4573 mmm
1380 4529 1579 4593 constuprasse
1609 4529 1636 4575 et
1664 4523 1892 4593 impraepuosse5
1923 4530 1951 4581 st

253 4605 441 4677 requiruntur,
461 4611 483 4661 t.
500 4604 634 4661 habilitas
653 4605 711 4660 sive
728 4605 856 4675 aptitudo
876 4606 912 4661 ad
930 4624 1011 4661 usum
1024 4622 1089 4663 con-
1114 4608 1143 4663 in
1175 4606 1273 4663 eadem
1307 4604 1425 4676 epistola
1463 4622 1497 4661 er
1526 4606 1723 4679 chronologica
1751 4610 1949 4681 supputatione

248 4691 341 4763 jurgii3
359 4698 383 4747 2.
397 4692 481 4761 jueta
500 4698 581 4747 aetas
600 4690 658 4749 sive
677 4690 818 4761 pubertas,
835 4708 907 4765 quae
928 4696 957 4746 et
975 4706 1090 4747 consen·
1116 4692 1439 4759 demonstrsreconatnr‚
1455 4692 1632 4748 Sdomoum
1646 4694 1791 4749 etAetmn
1802 4698 1949 4751 samaiae

254 4776 307 4833 tire
323 4776 352 4831 in
378 4776 583 4833 matrimonium
609 4777 732 4848 legitime
750 4776 838 4849 possit
867 4784 896 4832 et
914 4776 1014 4833 officiis
1032 4793 1089 4831 me·
1114 4777 1216 4831 aetats's
1240 4794 1315 4831 anno
1339 4778 1466 4832 Ῑίοόοαοο
1488 4786 1515 4833 et
1535 4779 1685 4834 Erectiom
1709 4797 1879 4849 procreasse
1903 4780 1949 4847 (de

253 4862 374 4917 trimoaii
399 4862 518 4933 propriis
544 4862 720 4934 praestandis
746 4861 783 4917 sit
811 4862 920 4917 idonee.
968 4863 1089 4933 Impedi·
1115 4879 1171 4934 quo
1207 4867 1300 4919 tamen
1341 4863 1443 4917 eruditi
1478 4864 1638 4937 chronologi
1671 4866 1838 4924 recentiores
1869 4869 1950 4925 aliter

252 4954 348 5005 ments
361 4948 448 5021 igitur
459 4948 627 5005 monimenti
642 4952 773 5019 respectu
787 4947 953 5020 qualitatum
966 4948 1089 5019 corporis
1117 4949 1271 5019 disputant,
1318 4947 1383 5006 side
1414 4950 1539 5006 Connsm
1568 4951 1631 5005 libr.
1656 4956 1681 5007 8.
1704 4960 1852 5011 comment
1878 4972 1903 5013 c.
1924 4962 1949 5012 4.

251 5039 318 5091 sunt
342 5034 437 5089 itidem
461 5035 531 5104 duo,
563 5042 586 5092 1.
604 5035 770 5091 inhabilitas
794 5033 832 5089 ad
849 5050 930 5087 usum
950 5033 1010 5088 sive
1024 5050 1088 5090 cou-
1115 5052 1190 5092 num.
1208 5038 1245 5105 3.)
1304 5035 1461 5091 liostiensis
1477 5036 1562 5093 etiam
1581 5037 1611 5090 in
1629 5053 1653 5092 a.
1672 5036 1748 5093 final.
1773 5040 1809 5096 de
1826 5056 1875 5109 eo,
1903 5040 1950 5112 qui

249 5119 425 5177 suetudinem
445 5120 637 5192 conjugalem,
666 5126 691 5177 2.
708 5120 810 5173 octoas
828 5119 1016 5175 immotrsritae
1031 5108 1103 5202 rivel
1117 5138 1198 5193 cogn.
1210 5138 1340 5193 mnseng.
1354 5138 1430 5177 uxor.
1444 5140 1520 5192 sune,
1536 5128 1662 5191 testatur,
1681 5126 1823 5193 quendam
1829 5143 1950 5195 pueresss

249 5207 428 5278 impubertas.
473 5206 638 5263 inhabilitas
660 5206 709 5261 illa
738 5210 799 5261 tum
821 5204 851 5258 in
869 5204 946 5272 uiris,
974 5212 1035 5259 tum
1058 5207 1254 5263 iu-annorum
1289 5208 1419 5263 undecim
1461 5208 1517 5264 nim
1545 5211 1768 5277 procreatricem
1808 5212 1949 5269 babusbss.

247 5296 364 5361 feminis
386 5310 447 5351 esse
471 5297 570 5365 potest
610 5290 645 5347 ln
664 5289 789 5362 uhbque
813 5289 858 5346 vel
876 5307 894 5347 a
911 5298 1025 5355 natura,
1044 5292 1088 5347 sel
1116 5292 1267 5349 Albericus
1297 5294 1325 5350 in
1343 5294 1438 5351 Leria.
1469 5293 1499 5349 in
1527 5292 1613 5349 verbo
1633 5294 1793 5353 Matrimon.
1823 5298 1950 5367 puellam

248 5398 269 5435 a
283 5398 359 5437 oasa.
392 5380 421 5435 A
439 5386 558 5446 natissa,
579 5381 612 5431 ut
630 5376 660 5431 in
676 5374 803 5447 trigidis3
826 5392 844 5432 a
862 5394 933 5433 casu
949 5377 1087 5449 beenon,
1099 5400 1102 5443 t
1114 5382 1259 5451 quondm
1276 5397 1427 5437 amenum
1440 5380 1596 5450 peperisse,
1615 5380 1708 5439 retert.
1739 5383 1873 5439 Forsstus
1889 5384 1950 5441 libr.

248 5466 294 5521 val
311 5484 332 5523 a
348 5466 463 5533 mmbo,
487 5464 532 5519 sei
551 5479 569 5518 s
587 5462 722 5517 uiolentia
741 5470 869 5533 emeno,
887 5469 920 5519 ut
940 5464 971 5519 in
986 5460 1158 5543 voum-{se
1197 5467 1305 5525 obsen.
1345 5472 1368 5521 t.
1406 5482 1441 5523 es
1475 5464 1572 5537 Sylvio
1607 5473 1636 5524 et
1665 5467 1781 5539 Capella
1808 5476 1948 5539 memorat,

249 5550 300 5609 ciis
330 5549 496 5615 ansuino.
528 5549 558 5605 in
588 5548 753 5621 genitalium
781 5549 903 5620 Mum
927 5549 1240 5625 privstionetpcsttam
1258 5568 1356 5610 necess
1376 5560 1635 5611 mnanmasaan
1652 5562 1782 5625 animes.
1812 5554 1869 5615 Sed
1887 5572 1950 5615 cun
