4020 6022
837 232 1112 296 ’recensuero
1779 252 1816 312 η

129 386 249 443 stantiae
268 392 361 444 textus
374 395 403 445 et
421 390 520 446 modus
543 390 673 463 loquendi
690 390 719 445 in
739 391 887 462 scripturis
905 390 961 445 usi-
986 393 1177 462 apostolicum,
1195 399 1272 466 qaod
1289 397 1439 452 debeam
1463 398 1499 452 sb
1517 390 1595 453 osias·
1609 400 1818 469 inquiam

129 477 205 528 tatus
216 474 360 530 evidenter
371 474 499 547 probant.
524 477 596 533 Vide
608 485 690 533 treet
702 477 737 532 de
749 494 847 548 evang.
859 474 888 548 ξ.
902 482 959 532 101.
986 480 1081 532 carnis
1099 488 1125 533 ct
1143 482 1261 550 spiritus
1279 500 1331 538 nos
1349 486 1488 540 mssdsrs
1506 489 1532 543 2.
1553 483 1676 542 Corinth.
1695 492 1726 552 ¹1,
1744 502 1772 542 v.
1793 488 1818 544 l.

129 558 191 614 Hoc
223 560 285 616 loco
309 561 420 616 unicum
444 563 513 616 illud
539 575 687 635 urgemus:
712 562 897 635 quodcunque
918 568 961 617 est
986 566 1080 618 Deum
1117 567 1147 619 iss
1182 584 1299 639 corpore
1334 577 1361 625 et
1379 571 1495 640 {spirita
1529 579 1626 627 metro
1656 572 1817 642 plorsfiscss

130 644 277 716 ἀμίαντον,
296 647 336 701 illi
353 664 409 703 non
428 649 511 705 debet
526 648 613 705 tribui
629 649 824 721 coinquinatio.
859 649 961 704 [θεῖαι
988 658 1010 708 l.
1031 650 1153 706 Corintln
1171 659 1196 724 c,
1214 672 1240 708 v.
1254 661 1294 712 20.
1312 673 1434 729 corporo
1447 665 1545 713 nostra
1556 658 1676 712 bostiam
1690 666 1817 713 acumem

129 733 288 805 conjugalis
312 739 356 789 est
374 733 507 809 ἀμίαντος
526 734 612 792 Hebr.
632 741 679 804 13,
702 754 727 790 v.
749 744 773 792 1.
810 734 886 808 Ergo
905 750 961 789 non
986 754 1022 791 ec
1042 738 1107 792 Deo
1122 739 1278 808 placentem
1303 743 1593 810 assumtionis,
1618 761 1645 799 r.
1667 749 1690 800 l.
1709 750 1752 799 est
1768 758 1818 815 gs·

130 819 215 875 debet
225 821 267 875 illi
281 820 367 877 tribui
385 822 579 893 coinquinatio.
611 822 715 879 Ribera
727 822 756 878 in
771 838 869 877 comm.
885 821 960 875 illius
986 824 1079 880 uerus
1097 825 1133 879 sd
1151 841 1246 881 omnes
1265 843 1330 882 vere
1346 828 1424 898 pios,
1449 830 1533 884 etiam
1552 832 1716 902 conjugatos
1733 828 1817 900 perti·

130 906 198 960 loci:
219 908 310 961 Torus
329 908 525 961 immaculatus
544 916 570 962 st
587 907 752 978 impollutus
769 910 883 978 Mas,
898 924 961 961 sum
986 926 1073 978 neus,
1098 927 1165 985 ergo
1184 928 1240 966 non
1258 913 1295 968 sd
1313 913 1386 969 solos
1404 914 1524 971 coelibes
1542 916 1675 971 sanctitas
1693 915 1817 986 corporis

130 993 209 1047 nullo
241 994 384 1047 neumis
403 997 553 1062 foedetur.
601 994 736 1050 Peraldus
762 995 792 1049 in
817 1001 896 1050 tract
926 994 959 1048 de
987 1002 1015 1051 et
1040 996 1154 1068 spiritus
1178 999 1376 1072 restringenda
1421 1001 1513 1055 Etiam
1534 1000 1644 1072 piorum
1664 1003 1816 1074 conjugum

129 1086 260 1151 temper.=
288 1078 423 1150 Ossjsps·
443 1099 512 1134 esus
535 1080 640 1134 &usur
662 1081 959 1135 ermemmarus.
986 1098 1101 1153 corpora
1124 1091 1190 1140 sunt
1212 1085 1338 1155 Spiritus
1361 1088 1454 1140 sami
1477 1087 1583 1156 temple
1602 1093 1623 1146 l.
1647 1085 1816 1156 Corinthii,

129 1168 157 1222 3.
179 1165 215 1220 δι’
231 1166 304 1219 nibil
321 1174 401 1236 tmps
422 1167 453 1219 s'u
470 1174 535 1220 actu
552 1167 680 1235 conjups's‘
695 1174 750 1236 est,
768 1182 820 1220 cur
836 1167 961 1220 lomim
987 1183 1012 1221 v.
1034 1168 1159 1224 19.·sliss
1183 1168 1292 1225 Obsists'
1305 1189 1362 1226 sou
1380 1180 1484 1238 esseut,
1502 1172 1529 1227 ιι·
1555 1173 1691 1244 Spiritum
1711 1172 1818 1229 ossus

131 1251 301 1319 erubescam,
318 1269 404 1323 usquc
419 1269 516 1306 coram
531 1252 599 1306 els's's
622 1270 683 1307 assa
703 1269 829 1308 nerem
845 1255 960 1320 sedent,
986 1255 1191 1310 secluderent
1209 1256 1324 1313 Romam
1344 1263 1370 1325 8,
1387 1272 1413 1311 v.
1432 1264 1458 1314 9.
1469 1272 1537 1330 ergo
1554 1274 1611 1314 non
1627 1259 1663 1314 de
1678 1259 1744 1313 solis
1763 1259 1817 1313 vir·

131 1346 157 1392 ct
183 1354 235 1391 cur
251 1336 398 1393 Lesit.18.
428 1346 454 1392 et
481 1340 526 1392 20.
554 1339 740 1394 incrementa
768 1339 853 1408 iuius
880 1347 960 1393 actus
985 1341 1099 1412 ginibus
1121 1341 1286 1418 dicendum,
1317 1342 1392 1415 qnod
1418 1344 1474 1398 sint
1502 1352 1618 1399 saeuas
1642 1360 1761 1415 corpore
1790 1352 1818 1398 et

116 1424 319 1496 'turpitudinis
338 1424 473 1479 uocabulo
500 1425 703 1494 appellentur!
738 1424 960 1497 Respondemus:
985 1428 1098 1498 spiritu.
1145 1427 1231 1485 Recte
1261 1428 1347 1501 igtur
1369 1428 1399 1484 in
1430 1446 1493 1485 eum
1519 1429 1610 1485 locum
1635 1431 1817 1502 apostolicum

131 1510 357 1582 distinguendum
380 1509 453 1566 inter
478 1510 612 1583 pudorem
634 1511 743 1568 civilem
768 1518 797 1569 ct
813 1511 961 1585 turpitudi·
989 1519 1011 1570 1.
1029 1512 1153 1573 Oorintb.
1172 1522 1196 1572 ’1.
1216 1522 1416 1572 commentatur
1431 1515 1608 1588 Espencscus
1625 1518 1769 1588 episeopus
1785 1517 1817 1572 in
1829 1524 1875 1566 xv·
1888 1523 1921 1566 lt

130 1612 194 1651 nem
212 1596 352 1652 moralem.
382 1596 457 1653 Usus
476 1598 598 1669 conjugii
616 1604 754 1654 secretum
773 1599 891 1669 quaerit,
905 1615 961 1655 non
987 1616 1084 1657 comm.
1104 1601 1159 1658 'lit
1178 1607 1208 1658 t:
1231 1601 1314 1665 Quod
1332 1604 1451 1674 innupta
1469 1605 1594 1672 sopitam
1613 1604 1726 1674 dcem,
1745 1618 1817 1673 quos

131 1683 212 1753 quasi
229 1683 271 1738 sit*
288 1682 480 1738 immundicies
507 1690 536 1739 et
560 1683 705 1755 turpitudo
731 1684 841 1740 moniis
867 1700 961 1740 coram
986 1693 1051 1740 suut
1069 1688 1141 1755 Des',
1161 1689 1365 1742 ntss'tsasscto
1384 1689 1676 1759 supersensibile,
1704 1706 1760 1744 sos
1775 1691 1817 1746 ris
1906 1740 1911 1750 .

130 1768 200 1833 Deo,
220 1769 271 1824 sed
283 1770 350 1840 qnia
367 1769 456 1825 civilis
475 1771 565 1841 pudor
576 1771 646 1826 illud
663 1771 770 1840 suadet,
788 1770 861 1826 sicut
877 1771 961 1826 etiam
987 1773 1181 1845 accipiendum
1198 1782 1245 1843 est,
1262 1782 1294 1828 ss
1307 1783 1445 1845 peamau
1462 1793 1519 1830 son
1535 1790 1595 1830 sssc
1611 1783 1740 1830 muctam
1756 1792 1817 1830 oos-

129 1854 273 1926 mingendi
299 1861 378 1910 setus
403 1856 433 1911 in
462 1864 568 1912 secreto
596 1863 754 1927 exercetur,
783 1873 836 1912 nec
869 1862 962 1912 nmen
982 1875 1056 1928 pore
1075 1859 1266 1914 Christianum
1283 1861 1427 1931 conjapem
1440 1869 1555 1931 castam,
1573 1862 1696 1916 omuibus
1713 1863 1817 1933 quippe

130 1957 224 1997 coram
242 1941 304 1996 Deo
329 1941 535 1998 immundiciem
556 1947 585 1998 et
603 1943 802 2014 turpitudinem
819 1943 960 2015 quandum
986 1945 1118 2009 fidelibus
1130 1947 1245 2016 detur,
1257 1963 1353 2002 eorum
1366 1964 1488 2017 corpore
1498 1964 1555 2002 esss
1568 1949 1690 2003 membro
1703 1947 1818 2018 Obruts‘,

130 2028 263 2084 moralem
282 2028 397 2086 obtinet.
426 2028 661 2102 Distinguendum
678 2030 761 2086 etism
780 2030 852 2086 inter
871 2029 961 2102 ipsum
988 2031 1049 2085 Dss'
1080 2032 1139 2086 eloi
1173 2040 1200 2086 st
1237 2033 1362 2103 spirim
1394 2034 1488 2088 sancti
1519 2035 1632 2105 templu.
1689 2032 1818 2092 OEemsns

130 2115 255 2188 conjugii
273 2131 353 2171 usum
372 2121 401 2172 et
417 2116 490 2172 inter
500 2118 751 2190 concupiscentiam
768 2134 883 2190 pravam
899 2124 963 2189 post
988 2115 1137 2174 Alexandr.
1161 2116 1223 2172 libr.
1243 2121 1268 2176 ³.
1293 2125 1402 2173 strom:
1436 2119 1535 2173 Etiam
1558 2127 1647 2189 septe
1670 2128 1696 2174 st
1717 2123 1754 2175 de
1772 2122 1817 2191 iis,

130 2201 240 2273 lapsum
265 2203 292 2257 ei
317 2203 521 2262 adhaerentem.
554 2205 802 2275 concupiscentiae
818 2204 896 2260 labes
913 2205 961 2261 ad·
987 2219 1060 2272 quae
1078 2210 1141 2257 sust
1158 2203 1264 2274 meriti,
1281 2209 1309 2258 ct
1327 2206 1364 2258 de
1383 2205 1434 2275 s's's,
1453 2221 1526 2274 quos
1543 2214 1608 2260 sust
1628 2206 1754 2273 Domini,
1773 2212 1817 2262 so‘s

130 2286 248 2344 haerens
273 2289 441 2361 conjugibus
469 2297 498 2346 et
519 2291 595 2346 actui
621 2291 762 2363 conjugali
785 2306 962 2363 nequaquam
988 2288 1067 2343 licite
1088 2295 1129 2342 sst
1145 2289 1176 2343 s‘s
1188 2291 1320 2355 Domino,
1337 2299 1368 2344 ut
1385 2291 1538 2356 sitam
1554 2307 1672 2361 empore
1690 2299 1717 2346 st
1733 2292 1817 2363 epist·

131 2373 232 2444 efficit,
258 2382 291 2431 ut
317 2376 378 2447 ipse
402 2377 526 2448 conjugii
552 2383 630 2433 actus
647 2377 684 2433 sit
702 2377 846 2449 turpitudo
867 2383 895 2433 et
912 2377 962 2432 im·
987 2382 1025 2430 te.
1063 2372 1092 2429 Si
1112 2372 1201 2442 dicas,
1230 2377 1387 2446 apostolum
1405 2377 1603 2432 decollatione
1619 2379 1737 2446 os'rps'ss’s
1756 2394 1817 2432 cess
1892 2397 1895 2403 ·

130 2461 295 2530 mundicia,
316 2461 382 2534 quin
399 2463 493 2533 potius
504 2463 581 2519 Deus
599 2465 629 2518 in
646 2464 700 2519 bac
716 2471 832 2520 naturae
849 2463 961 2518 infirmi·
987 2461 1139 2530 conjupata
1162 2462 1242 2516 {aad
1264 2469 1398 2532 tauquam
1417 2464 1569 2535 propriam
1588 2464 1711 2518 tribum
1730 2465 1817 2534 ss'rps'·

130 2554 190 2604 tate
207 2565 258 2619 per
276 2549 385 2619 lapsum
401 2549 560 2605 introducta
584 2551 734 2606 remedium
754 2549 961 2606 consuetudinis
986 2549 1031 2617 si,
1056 2548 1135 2618 quod
1150 2555 1240 2614 acret,
1264 2556 1297 2604 ut
1325 2550 1363 2602 sit
1384 2556 1484 2603 sunus
1515 2566 1634 2620 corpore
1661 2558 1688 2605 st
1705 2550 1816 2621 spis-sta,

130 2634 287 2706 conjugalis
310 2640 407 2690 contra
424 2634 649 2692 incontinentiam
668 2637 807 2692 ordinavit
824 2642 853 2694 et
869 2637 961 2692 libidi·
987 2634 1154 2709 respondeo:
1172 2641 1205 2690 ut
1223 2634 1355 2691 distincta
1370 2641 1413 2690 est
1429 2636 1601 2693 continentia
1618 2636 1815 2708 virginitatisa

129 2721 174 2775 nis
194 2719 323 2785 ἀταξίαν,
349 2720 460 2798 qnando
483 2722 513 2776 in
539 2723 737 2779 consuetudine
756 2723 896 2795 conjugali
912 2722 961 2777 ad·
987 2722 1116 2777 casdtate
1132 2720 1287 2794 conjugali,
1314 2736 1411 2793 aqua
1436 2739 1491 2777 non
1517 2721 1611 2778 differt
1636 2722 1742 2793 specie,
1766 2721 1816 2778 sed

128 2807 216 2863 mixta
243 2815 299 2875 est,
328 2808 380 2862 sub
407 2808 488 2862 venia
516 2809 639 2881 conjugii
664 2809 744 2882 tegit.
786 2807 961 2881 Augustinus
987 2807 1095 2880 gradu3
1120 2796 1160 2862 ita
1183 2824 1293 2880 quoquc
1317 2808 1448 2864 sanctitas
1473 2809 1596 2880 corporis
1616 2816 1645 2865 et
1660 2808 1772 2880 spiritus
1786 2808 1816 2864 in

128 2893 178 2950 lib.
203 2897 228 2949 9.
256 2893 291 2948 de
311 2892 413 2950 Genes.
441 2910 466 2950 c.
489 2899 519 2948 l:
551 2894 710 2962 Ietimitus
735 2895 960 2959 iwonstsssssss,
987 2893 1093 2966 virgine
1117 2892 1212 2949 differt
1236 2910 1255 2949 a
1280 2893 1426 2950 sanctitate
1453 2894 1574 2965 corporis
1598 2901 1627 2951 et
1650 2895 1763 2966 spiritus
1786 2894 1815 2948 in

129 2996 202 3049 ques
219 2987 260 3033 cst
282 2980 311 3034 s'ss
331 2995 415 3034 carne
437 2996 492 3049 per
510 2987 658 3050 peccatum
675 2987 800 3050 mortno,
821 2997 856 3035 sss
874 2981 960 3034 cadet
986 2982 1105 3052 conjuge
1123 2995 1178 3035 non
1197 2979 1305 3051 specie,
1322 2980 1372 3034 sed
1390 2979 1488 3052 gradu.
1528 2980 1711 3054 Nequaquam
1729 2982 1816 3054 igitur

129 3068 162 3121 s‘ss
184 3068 296 3120 ruinam
315 3067 507 3136 1ίῐιιρίεἰοιιιιιι,
530 3068 666 3136 rumpitur
689 3068 830 3122 lemnon
847 3069 959 3136 scaptia-
985 3066 1039 3136 piis
1062 3066 1228 3139 conjugibus
1252 3065 1374 3137 denegat
1395 3065 1518 3136 corporis
1535 3072 1564 3122 et
1581 3067 1694 3137 spiritus
1712 3066 1813 3123 sancti·

128 3171 201 3208 rum.
240 3152 275 3208 δι’
291 3169 347 3206 son
360 3161 524 3221 peccassent
538 3154 629 3222 primi
641 3154 771 3222 bomissr,
788 3154 848 3206 sius
865 3153 960 3206 camis
985 3157 1080 3220 tatem,
1097 3168 1149 3208 nee
1165 3150 1370 3206 immundiciam
1388 3154 1417 3205 et
1434 3151 1695 3208 contaminationem
1712 3153 1814 3208 sancti·

129 3239 267 3294 assumo
294 3255 329 3292 cc
352 3239 465 3301 fenore
492 3237 622 3293 ls'bs'ds‘ns's
648 3238 706 3308 s'psi
727 3256 762 3293 cc
787 3255 960 3293 mcessorss
985 3237 1037 3293 tati
1061 3238 1216 3311 oppositam
1237 3237 1292 3291 illis
1317 3236 1428 3301 tribuit,
1454 3236 1505 3292 sed
1534 3237 1655 3292 dismsos
1681 3238 1816 3295 dunnrat

130 3343 227 3380 eoram
245 3324 430 3387 convenient,
450 3324 559 3378 ussus
574 3324 827 3378 remunerabilem
842 3325 962 3394 aliquod
986 3323 1089 3396 gradm
1112 3323 1267 3378 sanctitatis
1292 3322 1445 3394 distinguit
1490 3321 1604 3377 Dictum
1632 3324 1814 3394 apostolicum

129 3430 201 3483 opes
219 3413 326 3482 ὸοιιιιιιι,
343 3412 385 3466 sic
401 3411 491 3466 coitsu
502 3427 597 3466 consus
607 3411 694 3466 bosus
704 3419 775 3465 esset
783 3420 818 3469 st
836 3426 959 3465 renens-
985 3409 1065 3466 Rom.
1080 3414 1105 3474 8,
1115 3427 1142 3464 r.
1155 3415 1184 3465 8:
1200 3408 1258 3472 Qut
1267 3409 1298 3462 s‘ss
1307 3424 1391 3463 coms
1403 3415 1474 3479 sust,
1486 3410 1551 3463 Deo
1557 3409 1676 3478 placere
1687 3426 1814 3480 nonpos-

129 3500 241 3554 rubsls's.
275 3498 349 3561 Quia
365 3513 431 3551 cero
444 3504 567 3567 propter
581 3505 727 3567 peccaram
748 3497 844 3552 letalis
861 3514 960 3552 conce·
986 3504 1062 3566 seut,
1080 3495 1158 3551 nullo
1176 3495 1258 3551 modo
1277 3494 1314 3550 ad
1331 3494 1393 3566 pios
1411 3495 1544 3565 conjuges
1563 3494 1698 3566 applicari
1713 3502 1814 3568 potest,

124 3586 282 3656 pessulus
306 3585 351 3638 les
368 3583 497 3637 morsm
518 3584 624 3637 nostre
646 3584 791 3651 αάὴαιιίι,
814 3585 876 3638 sius
903 3600 960 3652 qao
985 3583 1016 3637 in
1039 3597 1123 3637 carne
1144 3582 1218 3637 enim
1245 3595 1306 3637 esse
1332 3596 1507 3652 nequequam
1535 3579 1675 3652 significat
1696 3585 1815 3656 negotiis

128 3671 257 3737 emulis
289 3688 343 3725 sors
365 3671 401 3740 fit
426 3669 595 3741 commistio,
624 3669 851 3738 reprehensibilis
869 3675 910 3722 sst
935 3677 960 3723 et
985 3667 1143 3726 carnalibus
1161 3667 1219 3722 sive
1237 3666 1393 3723 domesticis
1412 3666 1449 3722 ob
1468 3666 1582 3738 nuptias
1600 3667 1745 3748 implicari,
1765 3669 1814 3728 ssd

128 3757 222 3812 saulus
231 3758 327 3821 coitus,
339 3757 397 3809 nisi
407 3764 550 3810 amasus·
558 3773 612 3826 per
624 3756 696 3810 bona
708 3756 842 3825 conjaps's'.
859 3754 920 3810 libr.
936 3760 958 3811 l.
985 3756 1137 3809 secusdum
1154 3770 1267 3808 caruem
1286 3753 1432 3807 amadus
1447 3769 1474 3808 r.
1492 3758 1516 3809 t
1532 3755 1685 3809 secuudum
1702 3772 1815 3811 wesen

129 3844 166 3901 de
189 3852 296 3915 peccat
322 3841 410 3899 merit
428 3849 456 3897 et
477 3841 581 3898 remiss
599 3859 623 3897 c
636 3847 685 3899 29:
705 3841 816 3896 Bonum
835 3843 962 3911 cossjaps's'
986 3859 1059 3906 esse,
1087 3857 1159 3911 quae
1175 3839 1272 3893 cassis
1289 3846 1355 3892 sumt
1371 3854 1471 3910 sapere
1487 3854 1514 3895 r.
1533 3844 1557 3895 t.
1583 3842 1734 3895 secondum
1752 3859 1815 3897 csse

127 3949 184 3986 non
202 3938 243 3984 est
265 3931 364 3994 fervor
391 3930 629 4000 conuspiscsnts'as
656 3943 705 3981 ssu
733 3929 880 3998 libidinis,
909 3931 961 3982 scel
981 3945 1047 3982 uem
1063 3928 1154 3981 siesse
1177 3942 1204 3980 s.
1226 3929 1266 3981 13.
1284 3923 1336 3979 boc
1355 3929 1398 3980 est
1417 3923 1646 3996 concupiscentiis
1663 3927 1754 3983 cunis
1771 3942 1814 3984 se·

128 4018 246 4088 quidum
257 4014 351 4070 licitus
368 4023 393 4069 et
410 4015 539 4069 boseus-s
550 4015 602 4069 illo
614 4015 728 4079 fervore
739 4015 839 4068 mendi
849 4015 957 4069 modas.
984 4029 1051 4070 curs
1068 4019 1096 4069 et
1115 4012 1201 4068 libere
1217 4009 1368 4082 indulgere,
1384 4026 1418 4065 ac
1431 4019 1610 4082 opponuntur
1625 4012 1679 4069 sibi
1693 4013 1814 4070 invicem

128 4101 254 4158 Membra
277 4098 463 4174 generationis
488 4096 618 4155 dicuntur
635 4099 740 4175 Ηῃξ,
758 4099 883 4168 nuditas,
900 4098 956 4154 κατ’
985 4119 1042 4156 essa
1058 4101 1089 4154 s's
1107 4117 1191 4155 casus
1201 4107 1227 4154 st
1239 4115 1299 4153 esse
1316 4099 1346 4152 c'u
1359 4099 1471 4167 specta
1486 4101 1543 4154 orbs
1559 4099 1696 4170 Spiritum
1708 4099 1814 4156 Christi

127 4189 316 4263 ἆπίφρασιν,
340 4186 407 4260 quia
424 4203 481 4243 non
499 4187 592 4256 nuda,
617 4186 666 4242 sed
685 4193 760 4242 tecta
776 4203 837 4243 esse
855 4187 959 4243 debent
983 4188 1086 4243 bebere
1103 4203 1130 4242 v.
1148 4192 1173 4243 9.
1199 4186 1250 4255 qss'
1265 4185 1296 4237 s‘ss
1313 4198 1398 4238 ossus
1415 4192 1488 4249 sest,
1505 4185 1546 4239 illi
1563 4193 1710 4258 negantur,
1726 4187 1813 4259 Spiri-

127 4277 243 4348 pndoris
261 4275 366 4348 meda,
391 4290 447 4345 quo
468 4279 597 4345 respectu
619 4273 703 4328 etiam
721 4278 855 4328 vocantur
876 4272 957 4344 ἀσχή-
983 4282 1042 4329 tum
1062 4271 1164 4329 Christi
1182 4272 1211 4328 in
1223 4287 1253 4326 se
1269 4269 1441 4326 habitantem
1458 4270 1570 4342 babere,
1591 4273 1667 4344 qnod
1684 4273 1764 4344 absit,
1777 4280 1813 4330 ut

125 4381 203 4437 μονα
223 4369 246 4418 1.
264 4360 387 4418 Corinth.
408 4366 454 4432 lt,
470 4358 496 4414 ν’.
515 4365 556 4418 23.
573 4365 688 4432 propter
705 4359 957 4431 concupiscentiam
984 4363 1019 4417 de
1039 4361 1094 4433 piis
1115 4357 1282 4432 conjugibus
1308 4357 1440 4412 dicamus.
1480 4357 1540 4414 Nee
1561 4359 1651 4431 gradu
1677 4359 1813 4416 duntaxat

127 4451 159 4506 in
177 4449 306 4507 membris
323 4448 492 4516 haerentem,
511 4447 560 4503 ssd
572 4463 605 4503 ex
626 4462 659 4502 eo
678 4463 733 4501 non
745 4453 836 4517 potest
854 4446 958 4511 inferri,
984 4449 1086 4520 aliquo,
1104 4447 1153 4502 sed
1170 4442 1320 4518 ἀποτόμως
1338 4448 1367 4499 et
1383 4443 1543 4514 simpliciter
1559 4444 1620 4500 Deo
1636 4446 1748 4517 placere
1764 4461 1813 4502 ne·

127 4537 204 4610 qnod
227 4541 305 4591 actus
332 4533 490 4606 conjugalis
513 4548 606 4589 coram
624 4533 686 4589 Deo
709 4534 745 4587 sit
768 4533 958 4589 immundicies
984 4540 1093 4607 gantur,
1114 4532 1208 4604 quiin
1226 4546 1309 4587 carne
1326 4530 1431 4600 vivunt,
1447 4529 1545 4586 addita
1558 4531 1680 4587 evidenti
1696 4531 1811 4599 tutione.¹

125 4623 289 4695 etpollutio.
303 4626 329 4680 4.
336 4625 381 4677 De
387 4621 497 4692 oirps'oc
506 4620 725 4691 dicitopostolus
739 4623 764 4677 1.
772 4622 837 4677 Cor.
848 4625 869 4687 7,
878 4639 901 4674 v.
910 4623 957 4675 32.
984 4622 1053 4692 quic
1076 4619 1215 4690 sapientia
1232 4616 1327 4670 cernis
1342 4624 1382 4670 est
1398 4616 1548 4671 inimicitia
1567 4619 1702 4671 αάυοιιιιι
1718 4619 1812 4672 Deum

126 4711 205 4781 quod
223 4710 336 4779 copitst,
360 4724 433 4778 pesce
454 4715 520 4762 sust
539 4707 671 4776 Domini,
689 4708 826 4776 qumodo
841 4708 959 4775 placeat
983 4726 1009 4762 v.
1026 4715 1047 4762 t.
1084 4704 1215 4776 Quisquis
1233 4702 1319 4775 igitur
1336 4700 1440 4757 dictum
1463 4701 1644 4774 apostolicum
1662 4702 1699 4757 sd
1716 4704 1812 4774 conju·

127 4797 207 4866 Deo,
231 4802 264 4848 nt
286 4796 323 4848 rit
339 4802 438 4849 concta
462 4810 580 4864 corpm
599 4801 626 4847 st
643 4794 762 4863 spiritu,
780 4810 845 4864 erpo
860 4795 958 4864 placet
983 4794 1060 4866 ginnr
1077 4792 1179 4848 referre
1198 4789 1331 4857 soluerit,
1358 4789 1389 4844 in
1412 4789 1614 4845 sanctissimam
1630 4789 1684 4846 Dei
1701 4789 1812 4846 ordina·

124 4883 192 4937 Deo
211 4881 308 4951 aliquo
327 4882 426 4950 modo,
450 4898 505 4950 qao
528 4887 592 4946 non:
604 4881 703 4950 placet
728 4881 897 4950 conjurante,
923 4898 958 4936 uc
983 4881 1086 4935 tionem
1101 4876 1246 4932 manifeste
1262 4874 1380 4947 injurius
1398 4876 1455 4931 erit
1806 4896 1809 4901 ·

123 4976 226 5024 musta
238 4976 278 5021 est
290 4975 445 5037 coeperest
456 4967 561 5036 sps'rs'tu
572 4966 669 5036 cls‘qao
680 4968 772 5031 modo,
793 4984 848 5036 quo
858 4975 958 5021 suma
1018 4970 1060 5022 19,
1095 4971 1120 5020 5.
1134 4966 1181 5019 Es
1192 4970 1305 5033 putrem
1326 4970 1352 5016 st
1362 4969 1483 5016 eaerum
1492 4961 1674 5018 conciliorum
1693 4961 1811 5021 musto.
1822 4968 1884 5013 eur
1898 4979 1940 5021 ps·

122 5073 181 5110 ποι
201 5062 241 5109 est
258 5055 420 5125 cosiapctc,
438 5052 682 5122 qrsamobremsoss
694 5052 770 5106 mule
787 5053 848 5106 dici
859 5061 957 5123 posset
983 5053 1081 5109 Patres
1101 5049 1210 5122 antiqui
1226 5055 1255 5105 et
1274 5055 1368 5104 vetera
1384 5045 1503 5102 concilia
1519 5053 1585 5102 ante
1602 5047 1813 5106 Comtantiense
1824 5026 1934 5115 ffissnii.

123 5143 163 5196 ds
181 5141 352 5210 oonjspsts‘s:
375 5139 432 5202 Qui
449 5141 480 5193 iss
499 5154 585 5194 came
603 5146 676 5202 sust,
695 5140 759 5194 Dso
773 5138 956 5208 pluccrssoss
983 5145 1013 5197 ct
1028 5139 1218 5195 Florentinum
1237 5142 1265 5192 et
1283 5134 1477 5190 'llidsntinum
1500 5134 1632 5206 prorinds
1648 5136 1747 5192 ”culis
1765 5141 1811 5193 ba·
1823 5125 1920 5219 ἷξξζιξι

117 5235 251 5298 possunt,
270 5227 304 5280 s'd
323 5235 364 5280 sst
381 5225 431 5294 qsss’
441 5224 606 5279 ramalibus
618 5224 694 5278 essu
709 5225 744 5278 ob
760 5225 876 5295 nuptias
891 5233 956 5280 sunt
984 5229 1043 5284 bita
1054 5243 1110 5282 non
1120 5223 1302 5290 tradiderunt,
1314 5219 1517 5276 matrimonium
1525 5237 1586 5278 esse
1602 5229 1812 5294 sacramentnm,

121 5313 272 5384 inspls‘euts‘.
292 5313 426 5389 repitent
445 5327 517 5381 ques
528 5312 629 5366 muudi
645 5318 717 5377 rust,
735 5314 874 5380 quemme
888 5313 954 5382 ple·
983 5332 1038 5387 qno
1060 5313 1200 5385 pertinent
1218 5310 1294 5365 dicta
1309 5314 1433 5363 veterum
1451 5313 1547 5364 contra
1564 5309 1749 5381 septenarium
1767 5325 1811 5364 sa·

120 5409 205 5456 esest
223 5399 313 5469 seori
333 5405 360 5453 st
378 5399 444 5452 ideo
458 5398 576 5467 placere
594 5414 651 5451 son
663 5405 784 5465 possunt
803 5415 837 5454 so
853 5401 955 5469 praes,
983 5406 1183 5456 crementorum
1200 5411 1344 5451 numerum
1362 5393 1448 5450 allata
1464 5395 1492 5449 in
1511 5401 1589 5450 tract
1608 5395 1644 5450 ds
1661 5395 1813 5455 susumus.

119 5504 179 5560 quo
192 5485 312 5558 placere
319 5491 414 5558 potest
423 5484 513 5555 cirea
539 5482 762 5558 Respondemus:
774 5489 955 5556 praeceptum
967 5455 971 5539 Ι
985 5492 1013 5543 et
1023 5500 1087 5556 agn.
1105 5480 1199 5555 pesclu
1210 5479 1239 5552 ti.
1252 5485 1294 5538 tt.
1306 5480 1456 5553 Dionysius
1466 5480 1503 5537 de
1519 5480 1587 5537 sset.
1605 5479 1738 5538 bimarcb.
1755 5494 1811 5538 tua⁴

1440 5584 1482 5641 μ
