4020 6022
220 282 279 341 186
796 272 917 332 Locus
935 273 1138 331 vleusluus
1156 272 1343 346 QUINTUS]

220 426 409 489 indecentius,
437 446 520 500 qnam
538 429 561 482 ei
589 445 646 497 qna
670 428 804 484 demortui
823 429 914 483 mariti
930 428 1009 483 tratri
1025 429 1182 519 inioolrrat.
1213 430 1436 499 Respondemus.
1453 428 1549 483 variae
1567 434 1633 481 snut
1643 443 1787 498 opiniones
1806 430 1842 485 de
1853 445 1919 483 con

219 513 332 583 aequali
364 521 456 570 aetate
490 514 658 585 geometrica
690 514 869 584 proportione
905 516 1069 583 constituto
1066 494 1221 595 ciliatione
1251 510 1333 586 linJ'ue
1364 515 1435 585 legis
1469 532 1533 569 eum
1562 513 1749 584 prohibitione
1777 512 1845 569 aa
1879 518 1919 579 ts,

219 598 304 653 vellet
321 598 441 667 nubere,
466 599 553 653 nihilo
579 606 672 655 tamen
699 600 789 653 miuus
816 606 965 671 utrumque
983 600 1069 655 εεεει
1080 618 1105 654 v.
1135 607 1175 656 te.
1202 602 1238 655 de
1263 616 1318 655 non
1342 601 1470 655 ducenda
1497 600 1609 669 fratria,
1637 616 1707 670 quas
1734 599 1919 654 Bellarminne

218 689 316 739 contra
335 693 450 739 naturae
468 686 565 781 legem.
596 686 780 757 Fieripotest,
801 686 935 741 utvirsit
950 686 1054 756 junior,
1080 686 1163 740 etiam
1181 693 1313 742 recenset.
1347 692 1369 742 1.
1387 685 1451 742 Joh.
1471 685 1599 756 MaJort.
1615 690 1684 741 sent.
1703 684 1769 740 diet.
1787 690 1830 741 to.
1848 702 1874 756 q
1893 690 1918 743 3.

218 786 288 824 uxor
307 770 412 839 senior-3
430 776 462 824 ut
479 770 522 823 vir
539 770 577 824 sit
594 770 722 840 stupidus
734 770 835 837 Nabal,
851 789 920 826 uxor
934 771 1069 841 prudens'
1067 812 1069 839 ἰ
1081 773 1163 840 dicit,
1189 790 1326 841 aasqrsam
1350 773 1381 825 im
1400 773 1461 841 lege
1485 769 1659 840 proisilr'tnm
1678 786 1738 825 esee
1755 769 1918 841 eonjugium

219 855 352 927 Abigail,
376 872 427 909 nee
449 864 541 911 tamen
565 864 712 926 propterea
733 857 841 911 tollitur
863 857 913 927 jus
931 850 1142 913 naturae'cum
1173 876 1257 913 arere
1281 858 1402 922 fratris,
1437 858 1466 911 iu
1495 857 1620 911 Levitico
1644 857 1718 910 emim
1740 856 1819 910 illud
1833 872 1918 926 pras·

220 942 295 1013 Ergo
319 957 371 996 nce
394 941 584 1011 principaliter
609 942 673 997 inde
701 948 785 1013 atque
809 943 871 997 ideo
893 942 1053 1013 conjugium
1082 952 1189 1013 septam
1205 945 1272 998 aritio
1293 946 1462 1013 scriptoram
1479 942 1695 1013 superadditum
1711 942 1813 1007 fames.
1843 940 1917 997 Huic

220 1030 321 1082 emitae
352 1044 414 1081 cum
440 1035 541 1097 nepotc
564 1030 628 1096 jure
659 1035 775 1082 naturae
807 1028 984 1083 statuendum
1012 1035 1055 1081 est
1081 1029 1204 1100 opinioni
1232 1037 1371 1100 repugnat
1395 1046 1546 1084 consensus
1569 1028 1697 1083 codicum
1716 1028 1917 1097 Hebraeorum,

220 1114 407 1185 prohibitum,
434 1113 509 1184 quod
539 1114 587 1167 illa
611 1113 647 1167 sit
673 1114 776 1177 senior,
801 1113 846 1168 hie
871 1114 977 1184 junior,
1005 1114 1054 1168 scd
1082 1115 1300 1185 Chaldaeorum,
1328 1119 1494 1171 Graecorum
1519 1120 1548 1169 et
1572 1113 1749 1182 Latinorum,
1779 1128 1833 1168 uec
1860 1113 1918 1168 ulls

220 1205 333 1271 propter
358 1199 593 1270 propinquitatem
616 1199 772 1271 sanguinis,
799 1216 873 1269 quas
898 1200 995 1255 eadem
1013 1206 1055 1253 est
1081 1201 1222 1255 verisimili
1250 1201 1355 1255 ratione
1383 1218 1417 1255 ea
1446 1199 1589 1270 probatur.
1641 1205 1663 1256 2.
1692 1198 1861 1269 Radnlpbus
1888 1200 1916 1253 in

220 1285 249 1339 in
267 1284 397 1356 conjugio
420 1285 511 1355 patrui
532 1302 565 1339 ae
590 1286 690 1356 neptis.
729 1286 867 1353 Breviter,
893 1286 1053 1357 conjugium
1081 1304 1179 1344 comm.
1204 1287 1256 1341 hoc
1286 1288 1346 1342 loeo
1363 1286 1475 1353 statuit,
1503 1286 1531 1339 in
1553 1285 1677 1339 Levitico
1697 1304 1753 1340 aon
1770 1287 1920 1355 prohiberi

101 1374 147 1418 XV·
161 1370 328 1441 adnepotis
347 1388 409 1425 cnm
428 1372 513 1425 amita
532 1372 636 1441 duplici
655 1372 766 1427 nomine
783 1372 914 1427 indecens
932 1378 982 1431 est,
995 1378 1054 1425 tum
1082 1374 1243 1441 corajapium
1270 1390 1331 1425 eam
1354 1372 1464 1435 fratria
1489 1373 1630 1440 absolate,
1654 1374 1706 1426 sed
1729 1380 1839 1426 tantum
1856 1390 1917 1426 eum

220 1457 288 1529 qnia
304 1456 350 1511 hie
367 1456 471 1527 gradus
490 1457 585 1511 diviua
602 1458 664 1529 lego
682 1466 725 1513 est
742 1475 898 1527 expressus,
916 1464 974 1512 tum
989 1458 1054 1528 quia
1082 1476 1167 1512 errore
1194 1459 1306 1526 fratris
1336 1458 1469 1521 eiesrrtis,
1495 1460 1730 1529 queorodmodum
1761 1459 1792 1511 irs
1822 1460 1918 1513 eodem

218 1544 305 1599 amita
337 1543 446 1612 nepoti,
473 1544 521 1613 qui
549 1544 602 1613 ipsi
629 1550 671 1597 cst
695 1545 754 1599 loco
772 1544 834 1611 tilii,
864 1545 1055 1615 subjiceretur,
1081 1546 1144 1598 loco
1171 1545 1335 1612 prohibetur
1360 1545 1523 1613 coajapiam
1554 1562 1615 1597 cum
1641 1561 1739 1598 sorore
1764 1545 1863 1599 nemis
1892 1552 1917 1597 et

218 1629 345 1700 quamvis
363 1644 427 1683 vcro
445 1628 514 1683 haec
533 1629 668 1699 posterior
683 1631 754 1684 ratio
769 1630 797 1683 in
815 1631 944 1701 conjugio
963 1630 1054 1699 patrui
1083 1632 1200 1683 arletitar
1226 1630 1280 1683 illa
1304 1630 1418 1684 uiverrte.
1463 1629 1545 1683 Hauc
1572 1629 1737 1684 sententiam
1763 1647 1798 1685 ex
1817 1630 1917 1685 uostris

218 1731 280 1771 cum
297 1721 379 1784 nepte
392 1732 448 1769 non
458 1722 540 1783 esset,
552 1722 645 1770 tamen
659 1723 750 1769 manet
763 1714 837 1785 prior
849 1734 881 1770 cx
894 1716 984 1769 caruis
993 1733 1054 1786 pro·
1084 1716 1259 1785 amplectitur
1277 1716 1384 1769 Erasm.
1405 1715 1582 1770 hiarbaehius
1601 1716 1629 1769 in
1648 1731 1748 1771 comm.
1772 1717 1855 1772 Dent.
1876 1722 1918 1773 25.

221 1801 378 1873 pinqnitate
395 1801 527 1873 utrinqne
546 1802 700 1872 aequaliter
712 1818 741 1856 sc
753 1801 874 1856 habente
887 1802 1053 1871 dependens.
1082 1820 1108 1871 p.
1129 1808 1187 1857 tte.
1224 1800 1314 1872 Atqui
1337 1801 1498 1872 conjugium
1523 1818 1586 1855 eum
1610 1818 1693 1856 uxore
1711 1801 1805 1857 fratris
1826 1802 1917 1857 adbuc

217 1888 417 1955 Reuereatioe,
451 1906 535 1956 quam
563 1886 749 1956 pareatibus,
781 1889 997 1955 corrumpebaris
1028 1898 1053 1941 et
1083 1888 1201 1943 viventis
1219 1894 1261 1942 est
1278 1887 1453 1955 adulterium,
1471 1887 1545 1959 quod
1566 1888 1594 1941 in
1614 1888 1817 1957 eodemcapite
1834 1905 1858 1943 v.
1876 1894 1916 1943 2ο.

218 1975 354 2038 affinibus
373 1975 470 2027 deleri
492 1974 557 2043 ipsa
574 1981 678 2025 rratrsra
697 1976 791 2035 rlooet,
815 1983 954 2045 repnprrat
973 1966 1053 2027 scires
1082 1974 1214 2028 distinete
1241 1972 1409 2043 prohibetur.
1451 1973 1601 2028 Praeterea
1623 1979 1655 2026 nt
1680 1972 1832 2043 prohibitio
1850 1990 1916 2028 uxo·

218 2061 386 2130 conjapalis,
406 2060 504 2114 scribit
521 2060 705 2114 Bellarmiuus
725 2076 747 2113 c.
768 2076 825 2131 seq.
847 2066 888 2115 29.
909 2068 961 2115 rat.
986 2066 1005 2115 1.
1024 2065 1053 2113 at
1080 2078 1137 2114 rem
1151 2060 1244 2130 patrui
1262 2076 1431 2113 concernens
1445 2077 1471 2112 v.
1484 2066 1523 2114 rt.
1541 2060 1577 2114 ad
1591 2059 1727 2115 demortui
1739 2061 1833 2129 patrui
1849 2077 1917 2115 uxo·

217 2146 286 2201 haec
304 2146 459 2201 reverentia
476 2146 600 2217 aequalis
613 2152 654 2200 est
673 2146 701 2200 in
721 2146 852 2216 conjugio
870 2146 971 2201 amitae
991 2164 1052 2200 cum
1080 2163 1137 2202 rem
1155 2152 1277 2216 spectat,
1303 2145 1343 2199 ita
1370 2146 1406 2197 de
1433 2144 1618 2215 prohibitione
1635 2144 1749 2201 iratriae
1767 2145 1841 2201 idem
1860 2152 1916 2200 eta-

218 2238 319 2302 nepote
344 2239 372 2286 et
396 2231 489 2301 patrui
522 2248 584 2285 cum
603 2238 694 2302 nepte.
732 2232 807 2302 Ergo
828 2232 910 2306 etiam
930 2232 1055 2304 aequalis
1080 2232 1238 2287 struendum.
1278 2236 1302 2289 3.
1322 2230 1441 2295 Quidam
1456 2232 1561 2297 volunt,
1580 2233 1611 2284 im
1630 2232 1755 2284 Levitico
1771 2232 1919 2299 prohiberi

218 2318 271 2373 erit
300 2316 448 2387 utrobique
480 2316 638 2386 prohibitio.
685 2320 711 2369 3.
738 2318 953 2372 aliutrimom'rrm
982 2320 1054 2372 iuter
1080 2318 1241 2385 eorrjeps'em
1261 2335 1322 2369 curn
1349 2335 1436 2370 usare
1455 2318 1567 2384 fratris
1598 2317 1729 2385 vicesies,
1757 2320 1810 2371 sed
1832 2334 1916 2386 repu-

214 2405 359 2475 prdraeles
378 2422 433 2458 aon
452 2404 674 2471 estprolrilr'tam
686 2405 756 2473 jure
777 2412 906 2471 maturae,
925 2413 1054 2458 ettamen
1080 2403 1169 2456 diata.
1210 2404 1249 2456 At
1273 2403 1350 2456 nulla
1375 2401 1414 2457 ibi
1434 2402 1543 2472 repudii
1562 2400 1595 2455 tit
1614 2401 1730 2469 mentio,
1755 2402 1806 2456 sed
1824 2402 1917 2472 probi·

217 2492 249 2545 im
266 2506 297 2545 eo
314 2492 409 2559 prada
425 2498 488 2541 sarit
504 2491 666 2561 patrueles,
694 2492 724 2543 ie
743 2507 798 2559 quo
827 2499 866 2543 est
886 2494 974 2543 aurita
992 2509 1053 2545 eam
1080 2487 1148 2543 bitio
1175 2495 1217 2541 eet
1245 2488 1397 2560 generalis,
1422 2505 1506 2557 quam
1533 2487 1557 2541 si
1575 2486 1742 2557 restringere
1766 2489 1864 2544 liceret
1880 2490 1918 2543 ad

217 2592 268 2630 ruo
295 2584 407 2645 nepotc,
438 2592 530 2628 orarios
559 2576 632 2627 euim
660 2582 724 2628 errat
753 2574 783 2627 im
807 2580 930 2630 secundo
952 2580 1053 2644 prada,
1080 2575 1264 2645 repudiatam,
1283 2580 1398 2644 possent
1419 2573 1503 2627 etiam
1523 2573 1630 2643 reliqua
1649 2582 1800 2644 praecepta
1820 2575 2002 2631 sadanma

219 2678 286 2732 erpo
306 2662 444 2715 secundus
461 2663 638 2727 ιεειιιιιιειιεει
658 2670 698 2714 est
715 2662 871 2730 prohibetur
883 2662 954 2731 jure
973 2672 1053 2715 eratu-
1081 2662 1162 2716 modo
1182 2661 1319 2731 restringi.
1365 2665 1390 2715 t.
1409 2658 1543 2713 Calvinus
1564 2660 1593 2713 in
1620 2666 1767 2717 comment.
1793 2676 1853 2731 cap
1877 2667 1919 2719 18.

219 2763 278 2801 ree.
311 2746 534 2815 Respondemus:
552 2753 594 2802 est
614 2747 709 2817 dispar
726 2747 796 2803 ratio
814 2747 1008 2818 prohibitionis
1025 2749 1054 2802 in
1082 2748 1170 2803 Levit.
1193 2765 1221 2817 p.
1248 2752 1306 2802 405.
1339 2751 1518 2817 praeceptum
1551 2745 1761 2801 Deuteronomii
1785 2746 1918 2819 intelligit

219 2831 291 2887 linea
308 2832 465 2897 collaterali,
478 2832 588 2903 aequali
601 2832 788 2904 etinacqnali.
819 2833 913 2903 Nepos
930 2842 958 2889 ct
971 2834 1056 2889 amita
1081 2853 1137 2889 uon
1168 2836 1203 2888 de
1227 2837 1323 2900 fratre
1346 2851 1495 2901 permane,
1521 2834 1573 2887 sed
1597 2834 1633 2885 de
1652 2834 1784 2901 proximo
1807 2834 1838 2887 ia
1856 2835 1918 2889 alio

219 2917 326 2973 distant
348 2919 439 2990 gradu
467 2919 588 2974 secundo
618 2919 647 2972 in
671 2920 744 2975 linea
772 2918 880 2974 scilieet
907 2920 1056 2992 inaequali,
1084 2924 1186 2992 pradia,
1206 2922 1236 2973 ia
1255 2938 1310 2990 quo
1328 2920 1413 2973 liccat
1432 2921 1584 2971 scoriadam
1603 2919 1692 2987 lepem
1709 2919 1920 2975 matrimonium

219 3020 254 3059 ao
285 3011 350 3059 sunt
377 3004 431 3059 sibi
461 3005 579 3060 invicem
606 3006 668 3061 loco
697 3014 842 3075 parentum
872 3013 900 3061 et
929 3006 1056 3061 liliorum.
1083 3008 1260 3074 contrahere,
1288 3014 1319 3058 at
1347 3008 1383 3059 de
1403 3006 1532 3075 patrueli
1549 3006 1594 3059 vel
1612 3006 1796 3075 consobrino,
1818 3007 1868 3075 qui
1892 3014 1920 3062 et

221 3090 365 3147 Patrueles
398 3091 502 3147 distant
538 3092 659 3147 secundo
696 3093 801 3163 gradu,
841 3093 889 3147 sed
923 3092 951 3146 in
985 3093 1058 3148 linea
1083 3093 1141 3162 ipsi
1148 3093 1252 3164 phrasi
1266 3092 1432 3160 Serr'ptarae
1442 3092 1573 3145 <licentur
1581 3092 1698 3153 fratres.
1718 3090 1918 3161 Contrahyox

223 3178 348 3249 aequali,
376 3195 428 3233 nce
454 3184 519 3232 snut
545 3178 598 3232 sibi
626 3178 744 3234 invicem
769 3179 829 3232 loeo
855 3184 1000 3249 pareutum
1030 3189 1058 3234 et
1084 3182 1156 3253 :32
1184 3178 1294 3249 proprio
1325 3177 1465 3249 significat
1494 3178 1627 3239 lanimem,
1666 3176 1793 3232 defuncti
1825 3178 1918 3234 mariti

222 3263 356 3330 liliorum,
381 3264 471 3334 prima
494 3264 567 3319 enim
586 3265 721 3319 duntaxat
742 3282 859 3333 persona
884 3265 976 3335 stipiti
993 3283 1057 3335 pro·
1083 3266 1196 3319 fratrem
1216 3266 1299 3320 Deut.
1319 3269 1360 3329 25,
1380 3281 1405 3316 v.
1428 3268 1451 3320 6.
1469 3262 1543 3317 uude
1560 3263 1675 3317 verbum
1695 3260 1769 3327 03³,
1789 3269 1833 3319 cst
1851 3265 1921 3319 leoi-

223 3348 297 3409 xima
314 3354 357 3403 cst
376 3348 490 3419 reliquis
510 3367 543 3405 ex
561 3351 656 3420 stipite
677 3351 706 3403 in
731 3352 818 3405 altero
839 3349 926 3406 latere
945 3350 1057 3406 descen·
1084 3353 1188 3419 ritare,
1210 3366 1321 3404 uxorem
1341 3349 1435 3402 fratris
1453 3350 1496 3403 sui
1511 3349 1638 3418 accipere
1656 3348 1757 3405 Genes.
1776 3356 1824 3415 38,
1850 3368 1878 3405 v.
1897 3357 1921 3409 8.

224 3435 355 3489 dentibus
375 3434 436 3487 loco
457 3436 595 3504 parentis,
618 3452 793 3506 nequaquam
813 3453 877 3490 vero
896 3436 948 3489 hoe
966 3444 1056 3491 exten·
1086 3437 1170 3492 Ruth.
1194 3444 1267 3503 l,v.
1291 3442 1329 3489 15.
1371 3442 1395 3490 2.
1415 3436 1476 3506 ipsa
1494 3436 1563 3506 legis
1583 3435 1661 3489 litera
1679 3434 1763 3489 Dent.
1783 3442 1831 3505 25,
1849 3453 1877 3489 r.
1899 3444 1921 3494 5.

223 3518 344 3575 dendnm
363 3519 399 3573 ad
412 3520 481 3575 alios
500 3536 532 3573 ex
550 3519 734 3589 hacpersona
755 3520 959 3576 descendentes.
985 3522 1058 3576 Vide
1085 3521 1251 3576 mentionem
1287 3521 1356 3576 iacit
1392 3524 1512 3575 duorum
1543 3524 1672 3585 fratrem
1708 3526 1781 3597 ιῃηξ
1811 3513 1922 3600 0³:4ss

225 3600 253 3681 ξ.
275 3611 333 3662 289.
356 3623 412 3679 reg.
436 3613 475 3661 13.
496 3607 531 3661 de
548 3606 655 3678 gradib.
690 3606 808 3675 Utrique
822 3607 934 3678 quidem
952 3609 1059 3663 scilicet
1081 3608 1196 3677 pariter
1213 3608 1408 3663 lectitantium.
1454 3614 1478 3665 3.
1497 3608 1574 3661 ldom
1592 3607 1775 3677 comprobant
1794 3610 1923 3680 exempla

223 3696 282 3747 tum
300 3710 386 3763 arpos
404 3702 430 3746 ct
448 3695 552 3756 amita,
572 3700 631 3747 tnm
647 3694 794 3763 patrueles
814 3693 919 3747 dietant
937 3695 1057 3749 secundo
1085 3696 1113 3749 in
1139 3694 1242 3766 populo
1266 3694 1321 3750 Dei
1342 3701 1457 3765 recepta
1480 3694 1581 3749 Gener.
1608 3700 1656 3762 38,
1681 3711 1707 3745 v.
1726 3700 1751 3749 8.
1774 3694 1867 3749 ladas
1886 3696 1922 3749 ad

222 3778 326 3850 gradm
353 3779 403 3834 sed
421 3779 461 3833 illi
482 3780 511 3833 in
529 3779 651 3834 seeundo
669 3779 760 3849 gradu
779 3779 916 3851 simplis-i,
939 3779 968 3834 hi
992 3796 1057 3835 vcro
1084 3781 1171 3836 filium
1196 3780 1278 3835 Ouan
1299 3798 1461 3851 germanum
1479 3780 1562 3834 Heris
1585 3780 1697 3834 bahem
1716 3778 1798 3833 dicit:
1821 3780 1924 3851 lupre-

223 3866 252 3919 in
277 3866 400 3921 secundo
423 3866 513 3936 gradu
538 3866 692 3935 claplieato.
730 3865 801 3921 Inde
817 3866 900 3936 juxta
925 3874 1056 3937 supputa·
1086 3870 1153 3923 dere
1171 3870 1211 3921 ad
1235 3884 1348 3921 arerem
1362 3868 1475 3934 fratris
1502 3866 1543 3919 tei
1563 3867 1665 3919 stelae
1684 3882 1754 3919 eom.
1788 3865 1876 3921 Reus.
1901 3876 1923 3935 1,

214 3952 325 4008 tionem
352 3950 460 4007 civilem
479 3968 565 4022 nepos
585 3957 613 4007 ct
633 3952 718 4006 amita
737 3953 840 4006 distant
858 3953 948 4022 gradu
967 3954 1057 4021 tertio,
1085 3972 1109 4009 v.
1130 3960 1168 4009 11.
1199 3953 1298 4009 Naimi
1322 3954 1449 4007 hortatur
1473 3970 1558 4007 nurus
1587 3968 1650 4005 suas
1668 3950 1776 4015 viduas,
1805 3960 1836 4005 ut
1865 3972 1923 4009 mors

224 4038 272 4109 qui
294 4040 375 4110 juxta
393 4038 552 4093 eanonicam
578 4043 621 4091 est
645 4038 749 4109 gradus
777 4040 914 4092 secundus
933 4039 1057 4109 simplex,
1086 4048 1238 4109 exspectent
1267 4039 1297 4091 in
1324 4040 1457 4107 coajaqee
1483 4040 1592 4101 fratres
1610 4054 1725 4091 morum
1743 4038 1923 4105 emeritorum,

224 4124 365 4196 patrueles
381 4126 472 4194 gradu
491 4131 600 4193 quarto,
619 4124 667 4193 qui
682 4124 765 4193 juxta
776 4123 937 4178 canonicam
954 4143 1057 4195 suppa·
1085 4128 1137 4181 sed
1153 4126 1221 4179 alis-'s
1235 4126 1334 4193 potius
1349 4125 1461 4185 rudant,
1478 4122 1554 4194 loqui
1573 4130 1666 4178 antem
1684 4138 1745 4177 eam
1763 4123 1800 4179 dc
1812 4139 1923 4195 germa-

224 4210 357 4265 tationem
375 4215 418 4265 est
435 4209 538 4281 gradus
557 4208 696 4265 sccundus
710 4208 876 4279 duplicatus.
919 4214 944 4266 4.
964 4213 1057 4265 albra-
1086 4212 1128 4266 nis
1146 4210 1278 4266 fratribus
1297 4216 1375 4279 patet
1392 4227 1424 4263 ex
1446 4209 1513 4279 ipsis
1532 4208 1635 4263 verbis:
1666 4210 1815 4278 Nuarquirl
1841 4211 1924 4267 altro

224 4299 289 4351 dem
315 4304 342 4351 et
360 4299 463 4364 frater
491 4296 553 4362 ejas
582 4298 721 4349 duxeram
751 4313 852 4349 mcor-es
879 4298 952 4350 duas
975 4300 1058 4365 filias
1087 4299 1155 4350 milri
1171 4296 1228 4360 ptis·
1244 4296 1273 4348 ia
1296 4304 1375 4349 atero
1394 4311 1467 4361 meo,
1492 4302 1522 4348 at
1540 4295 1595 4348 siat
1620 4295 1697 4348 vobis
1720 4295 1750 4347 ιἰι
1772 4296 1849 4349 siros
1868 4302 1924 4352 eto.

222 4384 330 4447 fratris
349 4384 396 4437 eui
411 4384 504 4447 Area,
524 4398 590 4449 erpo
611 4400 667 4435 mors
686 4390 726 4435 est
745 4390 845 4435 caetra
860 4384 912 4451 jas
931 4393 1058 4451 narraras,
1085 4382 1185 4437 hlatth.
1204 4388 1250 4449 22,
1275 4400 1301 4434 v.
1328 4386 1369 4435 25.
1394 4388 1499 4449 septem
1523 4383 1633 4447 fratres
1657 4380 1813 4435 successive
1834 4386 1924 4437 unam

224 4476 255 4522 est
286 4486 372 4539 nepos
402 4471 488 4522 clueat
515 4467 639 4522 amitam.
688 4466 911 4536 Respondemus:
941 4469 976 4525 de
1005 4469 1058 4525 hoc
1086 4468 1216 4523 seminam
1239 4467 1269 4520 iu
1288 4483 1399 4521 uxorem
1420 4466 1533 4521 ducunt.
1572 4474 1595 4522 t.
1610 4466 1642 4520 ld
1662 4466 1754 4537 ipsum
1775 4466 1924 4524 confirma·

225 4556 352 4626 exemplo
371 4554 491 4609 diximus
508 4553 644 4623 superins,
661 4559 796 4625 quantum
817 4552 928 4609 sufficit.
1086 4563 1132 4610 tur
1158 4572 1192 4609 cx
1221 4553 1313 4608 verbis
1340 4552 1424 4623 legis·
1450 4555 1516 4607 Noa
1542 4555 1595 4607 erit
1621 4571 1693 4607 asor
1717 4554 1823 4607 mortui
1846 4556 1927 4616 foris

96 4652 164 4695 aas
260 4648 319 4699 319.
367 4642 502 4708 Quartum
534 4640 664 4711 idemque
698 4640 826 4694 ultimum
864 4646 1056 4711 argumentum
1087 4643 1212 4715 ttasstttrt,
1232 4639 1283 4695 hoc
1301 4646 1418 4694 estnon
1436 4638 1524 4693 nubat
1541 4640 1600 4693 riro
1620 4645 1749 4695 extraneo
1767 4639 1825 4693 sire
1844 4656 1927 4710 pere·

96 4704 214 4797 mio„
227 4728 411 4784 Bellarminns
428 4728 497 4798 petit
518 4743 551 4782 ex
571 4728 652 4787 Dent.
671 4732 712 4795 25,
731 4745 756 4781 v.
773 4734 794 4782 5.
815 4725 865 4781 ubi
882 4727 1059 4797 praecipitur,
1087 4728 1167 4799 grino
1189 4732 1265 4780 ext-ra
1281 4724 1402 4796 patriam
1426 4723 1516 4778 mariti
1537 4724 1673 4779 demortui
1701 4723 1829 4787 domum,
1855 4741 1927 4797 ergo

98 4804 164 4849 ”ffl-
169 4806 202 4848 Ἀ
228 4820 259 4867 ut
283 4814 310 4866 si
334 4832 397 4882 qrsrs
422 4816 527 4884 absque
552 4814 649 4867 liberis
681 4815 831 4881 esuriatur,
859 4816 944 4867 elrseat
966 4816 1060 4877 frater
1087 4828 1235 4885 germanus
1251 4810 1337 4866 freter
1354 4811 1528 4881 intelligitur,
1548 4810 1596 4880 qni
1616 4827 1677 4864 eam
1690 4809 1793 4864 ducere
1811 4809 1927 4867 debeat.

227 4899 380 4969 ejasillias
398 4918 513 4954 errorem
532 4907 558 4953 et
569 4899 683 4953 suscitet
695 4916 785 4952 serien
803 4900 896 4962 fratri
913 4918 973 4956 ειιε.
1004 4902 1062 4954 Lea
1089 4906 1112 4953 5.
1133 4897 1248 4952 Interim
1272 4896 1460 4958 concedimus,
1485 4903 1513 4950 et
1537 4894 1657 4965 legem
1650 4911 1754 4965 ipsam,
1779 4902 1808 4951 et
1829 4894 1930 4951 fratris

229 4987 284 5040 isto
302 4984 373 5038 mihil
391 4985 472 5053 jabet
491 4994 590 5040 eontra
601 4986 653 5053 jas
672 4992 806 5045 acturae,
832 4984 902 5052 qaid
922 4986 994 5037 enim
1013 4986 1060 5038 ab·
1089 5000 1188 5037 nomen
1215 4983 1244 5036 in
1271 4982 1334 5053 lege
1359 4998 1518 5051 expressum
1544 4981 1662 5037 derivari
1687 4980 1771 5036 etiam
1800 4980 1838 5035 ad
1856 4982 1930 5037 aliae

227 5070 358 5133 madias,
385 5087 467 5138 qrrem
496 5079 527 5124 ut
552 5080 673 5125 moturae
696 5080 795 5125 auctor
814 5077 1061 5123 contraventurum
1090 5070 1271 5140 propinquos,
1288 5069 1400 5139 quando
1420 5069 1465 5123 vel
1479 5068 1578 5122 iratres
1592 5067 1716 5134 deerant,
1735 5068 1780 5121 vel
1799 5066 1930 5123 fratriam

225 5157 352 5227 perpasti
374 5174 430 5208 riom
448 5157 534 5223 ipitur
560 5166 600 5211 est
620 5166 719 5211 coritra
732 5158 785 5226 jes
810 5164 946 5223 iratas-ac,
970 5164 1000 5210 at
1029 5156 1064 5210 ol
1091 5156 1193 5210 ducere
1218 5154 1399 5222 recusabant,
1423 5159 1489 5209 tunc
1514 5153 1586 5209 enim
1610 5152 1792 5224 propinquior
1815 5153 1931 5225 injure

230 5244 335 5311 justam
363 5240 485 5310 aliquem
509 5243 596 5310 finem
622 5244 685 5313 queis
710 5245 796 5297 ducat
824 5252 937 5297 urrerem
960 5244 1065 5305 fratris
1091 5240 1209 5296 ducendi
1227 5246 1255 5297 et
1272 5240 1445 5297 hereditandi
1467 5238 1649 5308 succedebat,
1674 5238 1757 5293 Ruth.
1779 5244 1809 5305 3,
1831 5258 1859 5293 v.
1889 5247 1931 5297 12.

230 5329 283 5384 sai.
319 5328 401 5396 Ergo
419 5328 497 5395 qaod
518 5326 547 5378 ia
565 5328 687 5381 Levitico
712 5330 1065 5398 lepirrrusc.18.meqnis
1092 5344 1151 5398 esp.
1170 5333 1195 5391 t,
1212 5344 1238 5384 v.
1259 5333 1281 5383 1.
1294 5333 1322 5382 et
1339 5333 1364 5383 6.
1400 5325 1507 5381 Caluini
1525 5324 1681 5395 opinionem
1701 5324 1832 5380 refellunt
1850 5326 1933 5383 Besa

231 5416 318 5469 deceat
336 5431 449 5468 ermom
465 5413 570 5477 fratres
586 5414 646 5483 seri,
675 5432 730 5468 mom
757 5422 796 5467 est
826 5414 957 5467 naturale
978 5432 1064 5483 prce·
1092 5413 1137 5468 lib.
1157 5413 1193 5469 de
1209 5412 1304 5483 repud.
1323 5431 1351 5483 p.
1372 5418 1413 5467 ιι.
1432 5409 1598 5465 Tremellius
1618 5416 1647 5467 et
1663 5412 1767 5466 lunius
1791 5412 1819 5465 in
1838 5428 1865 5469 c.
1885 5418 1931 5471 25.

232 5508 355 5571 ceptum,
383 5500 411 5552 si
429 5499 607 5567 tatettiparar
631 5499 813 5567 simpliciter,
844 5507 874 5553 ut
903 5500 1067 5555 aduersarii
1091 5499 1175 5555 Dent.
1193 5518 1221 5571 p.
1244 5505 1299 5555 ltr'l.
1346 5504 1370 5553 5.
1389 5497 1565 5568 Augustinus
1592 5516 1619 5568 q.
1638 5504 1680 5554 til.
1705 5497 1733 5551 iu
1758 5496 1850 5553 Lavit.
1871 5498 1933 5569 Ly-
