4020 6022
791 353 842 409 Da
863 351 1062 412 OONJUGIO.
1704 357 1741 419 87

54 508 126 578 posis
144 507 282 578 praefiniti
296 508 491 578 dissolvuntur,
502 510 601 582 quodsi
616 526 737 579 namque
748 526 798 579 per
810 523 881 571 sum,
912 515 939 561 et
956 508 1121 576 simplicitas
1137 507 1297 576 coniupium
1311 508 1472 578 promittat,
1495 524 1529 562 ac
1543 512 1628 576 pater
1641 512 1744 574 posteo
1757 507 1871 550 cluensis

53 595 97 649 cui
113 595 259 666 promissio
285 596 363 650 facta
382 605 439 660 est,
459 596 580 663 steterit,
604 596 751 667 quominus
768 594 883 665 nuptiae
912 594 943 648 in
954 594 1113 663 cantuplum
1124 612 1185 649 cum
1192 595 1293 663 priore
1304 594 1467 662 consentiat,
1479 592 1630 664 quaeritur,
1647 600 1742 647 utram
1755 560 1870 653 {effinse

52 681 156 735 fuerim
172 681 277 747 iactus,
308 680 430 737 dubitari
447 701 503 738 non
523 682 620 749 debet,
639 682 757 737 alterum
777 678 883 749 obliga·
913 684 1014 736 ducers
1038 684 1185 737 tensamrt
1229 680 1394 739 Canouistae
1416 679 1597 750 respondent,
1620 677 1741 749 compel-
1755 662 1844 762 ἓξὲξ

53 766 125 822 tione
144 766 256 822 liberari
273 775 358 839 atqua
374 768 457 824 aliam
474 769 660 824 conditionem
678 767 733 823 sibi
754 781 886 839 quaerere
912 767 1024 823 lendum
1052 784 1113 822 esse
1136 768 1172 822 ad
1197 767 1459 823 consummationem
1485 763 1653 823 matrimonii
1677 780 1740 821 cum
1754 766 1832 858 3:3⁸

53 869 146 922 posse,
172 853 280 907 etiamsi
300 861 408 924 partem
427 854 540 909 alteram
568 854 602 909 de
620 853 748 925 promissi
768 851 886 922 comple·
912 869 953 919 ea,
971 853 1017 908 cui
1034 854 1178 925 posteriori
1196 861 1321 925 tempore
1338 871 1406 924 pure
1418 860 1446 911 et
1456 853 1563 924 absque
1583 849 1741 913 conditione

36 943 146 994 'mento
170 957 226 995 non
256 939 485 1010 interpellaverit.
533 938 567 994 In
593 938 791 1011 posterioribus
821 952 887 992 sero
911 938 994 996 fidem
1012 940 1098 1005 dedit,
1119 946 1281 1012 argumento
1297 939 1415 1011 parmoti
1434 954 1480 1008 so,
1498 940 1574 1008 quod
1594 936 1743 1008 sponsalia

54 1024 228 1094 sponsalibus
257 1024 392 1103 obligatio
420 1042 476 1081 non
499 1026 634 1095 exspirat,
663 1025 687 1079 si
706 1024 751 1079 sel
769 1022 887 1079 maxime
912 1027 1117 1081 conditionalia
1136 1027 1313 1097 sponsalibus
1335 1028 1371 1080 de
1387 1028 1487 1091 futuro
1514 1025 1743 1095 aequiparentur,

54 1115 164 1182 tempus
181 1110 392 1166 determinatum
412 1110 499 1166 fuerit
517 1111 743 1182 praeterlapsum.
906 1112 970 1180 jam
988 1130 1055 1167 asro
1080 1113 1228 1183 sponsalia
1252 1115 1289 1167 ds
1311 1113 1410 1174 fuero
1432 1112 1570 1166 tolluntur
1584 1127 1640 1179 per
1658 1127 1740 1178 spon·
1847 1123 1849 1128 ·

10 1219 45 1293 *m
90 1203 148 1253 toa.
189 1197 338 1262 Quaeritur
362 1205 385 1253 5.
427 1200 475 1251 An
500 1198 649 1267 sponsalia
668 1197 807 1266 poenalia
833 1195 888 1249 sint
913 1200 990 1252 salia
1009 1201 1043 1252 de
1057 1200 1216 1268 praesenti,
1244 1215 1311 1271 ergo
1337 1198 1420 1253 etiarn
1446 1195 1642 1251 conditionalia
1666 1193 1744 1264 puris

10 1305 38 1347 m
52 1301 105 1353 pro
122 1285 198 1338 ratis
210 1284 359 1339 latericia!
391 1284 538 1353 Sponsalia
554 1283 682 1355 poendia
698 1289 808 1350 vocant,
827 1280 887 1352 qui·
913 1285 1013 1342 cedere
1030 1285 1141 1343 debent.
1168 1303 1193 1343 c.
1216 1286 1290 1341 sicut
1309 1304 1342 1342 ex
1362 1284 1449 1340 literis
1467 1281 1695 1353 desponsalibus
1716 1286 1744 1334 et

10 1367 104 1449 ffibus
133 1370 238 1427 mentio
274 1387 382 1441 poenae
414 1377 457 1426 est
492 1370 616 1441 adjecta,
652 1368 770 1439 exempli
798 1367 888 1439 gratis
913 1370 1007 1442 glossa
1031 1372 1173 1442 inopes
1198 1379 1269 1429 tuos.
1295 1388 1320 1429 c.
1344 1373 1380 1428 ds
1406 1369 1509 1426 condit
1534 1386 1628 1440 appos.
1666 1365 1743 1424 luris
1812 1390 1816 1397 ·

55 1461 134 1527 pater
162 1456 319 1528 despondet
352 1455 437 1511 filium
465 1456 564 1521 alicui,
597 1456 709 1526 adjecto
736 1459 819 1525 pacto
846 1469 888 1517 eo,
913 1456 1002 1511 civilis
1026 1457 1191 1530 interpretes
1215 1459 1342 1530 plerique
1366 1457 1533 1514 contrarium
1556 1460 1684 1509 statuunt
1701 1469 1743 1509 ar·

55 1543 127 1614 quod
153 1543 202 1611 qni
230 1561 248 1596 a
274 1543 455 1613 promissione
483 1543 608 1611 recedit,
635 1547 746 1597 cratim
770 1539 888 1595 florenos
913 1549 1046 1614 gumanto
1063 1545 1107 1599 usi
1133 1561 1180 1611 eo,
1207 1545 1283 1616 quod
1308 1545 1337 1601 iu
1365 1544 1426 1600 aliis
1451 1541 1653 1609 contractibus,
1683 1558 1744 1593 cum

55 1629 133 1715 alteri
158 1629 232 1700 parti
257 1645 402 1684 numerare
429 1628 539 1686 debeat.
579 1630 621 1684 De
637 1629 690 1683 bac
708 1627 887 1699 promissione
912 1631 997 1684 sesscl
1014 1630 1139 1685 cononis
1159 1633 1273 1702 adJscta
1293 1631 1410 1695 muita,
1423 1628 1546 1700 perinde
1565 1628 1689 1690 labetur,
1708 1643 1743 1679 oc

55 1716 164 1787 poenali
184 1715 323 1772 communi
345 1715 479 1787 suffragio
496 1721 631 1784 suenum,
660 1715 735 1786 quod
763 1713 799 1768 sit
826 1713 887 1782 ipso
912 1716 940 1769 si
955 1716 1090 1785 oblipats'o
1107 1717 1159 1771 illo
1177 1725 1312 1787 tsnspore,
1342 1734 1396 1786 quo
1415 1716 1561 1786 stipulam
1578 1713 1745 1782 interposita

53 1804 111 1873 jure
129 1802 224 1871 nulla,
249 1819 313 1858 eum
336 1802 503 1858 matrimonii
522 1801 645 1857 libertati
663 1802 727 1870 legs
748 1800 843 1855 dnos
859 1804 888 1853 st
913 1811 963 1871 est,
998 1803 1059 1857 sins
1089 1803 1248 1857 conatione
1276 1811 1421 1859 contracta
1453 1809 1538 1872 meet,
1565 1807 1592 1855 st
1619 1798 1744 1853 eonddio

57 1888 176 1945 bamam
197 1888 338 1945 stabilitae
366 1906 382 1945 e
410 1889 545 1945 diametm
572 1888 741 1945 adsmsetur.
781 1886 887 1941 Paulus
910 1896 1012 1956 postea
1025 1889 1180 1956 purificata
1198 1890 1354 1945 rstralsitur
1371 1891 1414 1944 ad
1432 1899 1539 1959 tempus
1554 1886 1663 1956 prioris
1682 1903 1744 1940 con·

58 1975 73 2029 1.
98 1975 184 2031 ‘litia
217 1981 274 2033 1³4.
309 1975 338 2030 ff.
364 1976 399 2031 de
427 1975 534 2030 verbor.
568 1973 654 2047 oblig.
679 1973 887 2043 stipulationem
914 1982 1033 2042 nactus,
1059 1975 1198 2046 lpotior.
1227 1981 1269 2032 11.
1295 1973 1509 2050 §.Videamus
1536 1973 1585 2046 qui
1606 1971 1743 2043 patierin

59 2062 135 2116 dass
157 2079 270 2132 poenae
294 2079 352 2116 non
371 2063 524 2115 secandum
550 2062 635 2115 bonos
658 2076 748 2114 mores
766 2060 886 2128 interpo-
913 2059 1037 2131 pignore.
1077 2060 1156 2116 Idem
1178 2078 1245 2134 ergo
1260 2062 1290 2117 in
1308 2061 1496 2132 sponsalibus,
1520 2075 1592 2132 quas
1610 2065 1642 2114 ut
1658 2055 1743 2128 pluri-
1811 2088 1816 2099 ·

20 2145 50 2189 1⁸·
58 2149 137 2202 stom
151 2165 211 2203 esse
223 2149 378 2219 respondet,
398 2147 494 2202 addita
502 2146 616 2214 ratione,
635 2147 703 2216 quia
715 2147 886 2200 inhonestum
913 2164 988 2202 mum
1007 2147 1206 2204 interveniente
1225 2147 1404 2219 stipulatione
1418 2146 1631 2212 constituuntur,
1651 2143 1744 2201 dicon·

59 2235 141 2288 asam
167 2243 224 2303 est,
255 2234 365 2288 siricolo
383 2249 492 2302 poenae
522 2233 702 2286 matrimonia
735 2232 886 2299 adstrinpi,
914 2232 979 2288 dum
1004 2232 1175 2297 maumam,
1201 2241 1233 2290 nt
1257 2234 1364 2291 scilicet
1387 2233 1529 2289 adinstar
1548 2231 1664 2287 aliorum
1680 2247 1744 2305 con·

60 2318 109 2372 sios
131 2319 195 2387 jan
217 2321 331 2388 futura,
355 2320 412 2372 sive
432 2319 494 2386 p'am
517 2326 670 2373 contracta.
696 2318 713 2372 1.
735 2317 833 2388 Neque
850 2316 886 2371 ab
912 2326 1051 2375 tractuum
1070 2320 1298 2377 conditionalium
1314 2319 1375 2391 ipso
1391 2317 1558 2376 conditionis
1570 2323 1670 2373 eventu
1683 2333 1743 2386 per·

60 2403 129 2459 initio
150 2412 189 2462 11.
210 2404 241 2460 C.
261 2405 296 2461 de
314 2412 407 2476 nupt:
432 2406 537 2460 Libera
555 2406 683 2467 facerunt
701 2404 888 2459 contrahendi
912 2405 987 2461 fecta
1008 2413 1038 2459 et
1059 2422 1131 2476 pura
1152 2407 1189 2462 ab
1214 2422 1247 2461 eo
1269 2412 1409 2476 tempore,
1433 2421 1489 2477 quo
1514 2402 1649 2476 obligatio
1672 2400 1743 2457 inita

61 2492 227 2545 monimenti
248 2493 290 2545 ad
320 2491 510 2545 nmesmtatsm
534 2490 690 2555 transferri
715 2508 771 2544 non
798 2490 884 2544 debet.
913 2496 963 2556 est,
981 2491 1068 2547 fuisse
1079 2497 1244 2546 censeantur
1262 2497 1291 2546 st
1308 2491 1342 2546 iis
1360 2490 1560 2562 praeferantur,
1580 2505 1651 2561 quas
1664 2491 1740 2559 post·

63 2576 76 2629 l.
90 2576 197 2633 Mulier.
217 2583 242 2634 5.
262 2576 292 2632 O.
311 2577 347 2632 de
361 2576 510 2648 sponsalib.
530 2585 559 2632 et
572 2576 659 2632 arrhis
677 2577 751 2632 circa
768 2575 831 2634 tin:
852 2575 887 2630 st
911 2592 946 2632 ea
969 2581 1112 2633 conuecta
1135 2583 1213 2644 sunt,
1232 2576 1375 2648 (lypraens
1394 2577 1429 2632 de
1446 2575 1619 2648 sponsalibus
1637 2591 1699 2644 cap.
1716 2577 1741 2629 8.

62 2664 145 2717 cautio
162 2680 286 2734 poenam
308 2663 503 2732 stipulationis
526 2664 668 2718 continens
683 2663 884 2731 fuss-tinter·
912 2658 939 2736 fi
958 2667 983 2718 3.
1002 2680 1077 2720 num.
1095 2667 1120 2718 2.
1138 2663 1187 2717 ubi
1205 2663 1234 2718 id
1251 2664 1341 2734 ipsum
1368 2661 1450 2718 latius
1475 2660 1582 2733 probat
1623 2658 1742 2716 Canoni-

59 2750 161 2817 posita,
179 2767 213 2803 ea
232 2758 351 2818 utraque
368 2758 454 2820 parte
472 2750 568 2803 nullas
586 2750 696 2803 lababit
710 2751 795 2816 uires,
822 2767 883 2805 cum
911 2755 1018 2806 starum
1033 2748 1127 2820 opinio
1150 2748 1248 2804 nititur
1264 2748 1439 2805 distinctione
1455 2749 1529 2803 inter
1548 2746 1689 2819 sponsalia
1707 2747 1741 2800 de

63 2834 300 2890 meontrdlsendis
319 2836 426 2906 nuptiis
449 2836 540 2889 libera
553 2844 679 2907 potestas
699 2853 758 2891 esse
777 2838 883 2893 debeat.
910 2844 1056 2906 massente
1084 2843 1114 2891 et
1136 2837 1173 2890 ds
1190 2837 1303 2904 mauro,
1332 2835 1377 2891 cui
1404 2834 1473 2906 quid
1493 2833 1672 2892 tribuendum
1698 2831 1743 2901 sit,

62 2917 128 2976 idern
151 2921 285 2977 statuitur
307 2921 337 2976 in
362 2922 426 2991 jura
449 2922 883 2981 monasterienses.
911 2923 1087 2994 exposuimus
1110 2920 1244 2992 superius.
1285 2921 1399 2977 Comum
1421 2921 1474 2976 hoc
1499 2924 1571 2989 esto',
1603 2919 1678 2991 quod
1709 2918 1741 2987 is,

63 3006 90 3062 ds
114 3024 207 3079 spons
232 3007 365 3064 matrim:
398 3007 467 3061 Ciam
500 3008 592 3061 libera
616 3010 795 3063 matrimonia
825 3026 884 3064 csse
911 3009 959 3082 qui
984 3024 1017 3063 eo
1036 3009 1117 3063 modo
1135 3007 1202 3063 bina
1224 3006 1365 3078 sponsalia
1387 3006 1555 3062 contraxerit
1573 3013 1601 3061 et
1618 3010 1741 3059 sanctam

64 3093 178 3157 want,
199 3093 264 3148 s‘dso
282 3094 352 3147 talis
375 3093 521 3162 stipulatio
534 3104 653 3164 propter
669 3113 777 3164 poenae
798 3097 882 3151 inter·
911 3096 1033 3167 conjugii
1056 3094 1258 3151 ordinationem
1281 3092 1402 3150 ludibrio
1425 3093 1570 3161 habuerit,
1599 3107 1705 3162 poenas
1724 3107 1743 3145 a

61 3182 216 3247 positionem
246 3181 346 3234 merito
371 3189 412 3234 est
435 3181 631 3252 improbanda.
667 3183 785 3238 Addunt
801 3185 884 3239 inter-
910 3182 1075 3253 magistratu
1088 3181 1124 3235 sit
1137 3179 1336 3250 subjiciendus,
1349 3179 1424 3250 quod
1436 3179 1526 3250 ipsum
1538 3174 1743 3233 extendendum

64 3265 245 3332 nesactium
264 3265 337 3321 hauc
355 3267 497 3334 rationem,
518 3269 592 3338 quod
604 3286 695 3339 poena
708 3270 885 3340 promittatur
912 3269 996 3325 enam
1013 3268 1050 3322 sd
1062 3284 1122 3322 eam
1135 3281 1276 3336 sponsam,
1293 3282 1358 3321 cum
1369 3281 1425 3336 qua
1442 3263 1579 3336 posterius
1596 3261 1743 3330 contraxit,

64 3347 85 3404 in
110 3357 239 3407 eventum
274 3368 350 3417 aum,
382 3359 416 3408 ut
444 3353 469 3407 si
499 3353 631 3410 alteruter
662 3354 884 3411 conuehentium
911 3354 935 3408 si
953 3352 1092 3424 sponsalia
1114 3351 1207 3423 priora
1230 3351 1284 3422 ipsi
1306 3350 1385 3407 fuere
1403 3359 1476 3406 nota.
1513 3351 1558 3407 Au
1575 3365 1640 3404 voro
1658 3366 1739 3419 spon·

64 3437 162 3507 nuptias
179 3438 266 3503 nolit,
292 3454 384 3508 poena
402 3440 493 3495 solnta
511 3458 528 3495 a
546 3441 725 3511 promissione
743 3440 884 3505 liberetur,
911 3440 981 3495 salis
999 3439 1092 3510 priora
1114 3437 1314 3503 conditionata,
1342 3453 1378 3491 an
1400 3435 1553 3507 posteriora
1575 3451 1646 3506 pura
1663 3451 1742 3506 prae·

63 3521 146 3595 sicque
174 3539 283 3594 poenae
307 3523 450 3594 stipulatio
470 3526 498 3580 in
518 3526 725 3582 dissolutionem
744 3534 774 3581 st
790 3525 884 3581 odium
911 3525 1026 3581 ferenda
1050 3525 1119 3592 sint,
1143 3542 1176 3579 ex
1204 3522 1416 3579 circumstantiis
1441 3539 1545 3593 aequus
1566 3531 1595 3577 et
1620 3521 1742 3592 prudent

64 3608 219 3666 mammonii
236 3609 349 3680 adjecta
367 3618 502 3669 censetur.
531 3611 635 3667 &aba
652 3629 717 3667 vero
735 3613 886 3683 imperator
908 3613 995 3684 judex
1013 3612 1133 3684 colliget
1168 3610 1210 3667 Ut
1228 3610 1300 3666 enim
1320 3611 1409 3665 multa
1427 3610 1583 3684 impediunt
1600 3608 1742 3663 matrimo-

64 3692 111 3751 Iso
124 3695 233 3752 Novell.
256 3701 295 3752 18.
314 3696 427 3765 statuit,
441 3714 563 3766 poenam
580 3700 611 3752 in
627 3699 805 3768 sporssalibus
821 3717 884 3753 con·
911 3701 988 3752 nium
1012 3699 1246 3765 contrabendum,
1271 3712 1342 3766 quas
1372 3703 1544 3750 contractum
1561 3713 1618 3748 non
1637 3693 1741 3748 dacol-

63 3782 353 3852 sttnasscipcnaam
382 3800 455 3849 esse,
485 3785 571 3853 idque
601 3801 658 3838 esso
687 3785 886 3839 consuetudine
911 3794 991 3853 runt,
1014 3785 1055 3839 sic
1080 3792 1108 3841 st
1130 3783 1270 3855 sponsalia
1295 3782 1431 3855 quaedam
1456 3782 1611 3853 impediunt
1636 3785 1741 3837 conus·

63 3867 259 3937 sbtrodssctum,
275 3885 348 3938 quae
364 3887 420 3923 non
438 3869 530 3922 minus
550 3871 589 3922 sit
604 3870 777 3938 motabilis,
800 3887 883 3939 quom
911 3871 1016 3936 banda,
1056 3887 1128 3942 qnae
1168 3876 1262 3925 nmen
1301 3875 1444 3925 conbusta
1482 3886 1538 3941 non
1580 3869 1740 3925 dissolvunt

63 3971 124 4022 quae
139 3955 249 4025 lapibus
272 3971 307 4009 ea
330 3956 366 4009 de
389 3971 421 4008 re
443 3956 554 4009 sancita
572 3963 651 4024 sant,
673 3973 738 4009 nam
760 3957 810 4025 qai
833 3957 882 4011 na
909 3958 1002 4013 Patris
1038 3956 1152 4012 arbitrio
1188 3956 1284 4015 monto
1322 3955 1469 4026 plurimum
1512 3955 1558 4011 hic
1601 3955 1741 4025 tribuitur,

59 4056 142 4108 poena
152 4040 296 4113 promisit,
312 4059 368 4097 non
385 4049 442 4095 tom
458 4042 560 4107 feodis
576 4043 632 4096 erit
645 4045 686 4096 ad
704 4043 882 4098 &uoluendo
910 4060 995 4116 penes
1034 4060 1115 4114 quem
1156 4048 1198 4098 est
1233 4041 1283 4098 filii
1317 4042 1457 4114 sponsalia
1492 4047 1554 4098 rata
1588 4042 1632 4098 rel
1662 4041 1741 4096 irrita

62 4128 212 4196 pomam,
244 4145 329 4196 quam
360 4128 410 4197 qni
442 4130 546 4182 aeriae
569 4130 744 4197 perditione,
774 4139 823 4183 ant
853 4131 883 4185 in
908 4132 1008 4186 facere.

64 4213 168 4282 duplum
200 4215 374 4267 restitutione
405 4214 494 4267 solum
524 4223 642 4283 testetur,
673 4233 734 4269 cnm
769 4219 883 4283 prastias
947 4222 1003 4273 139.
1039 4215 1187 4281 Quaeritur
1200 4221 1223 4272 1.
1259 4215 1306 4269 An
1319 4215 1498 4286 sponsalibus
1517 4215 1568 4270 sub
1582 4215 1740 4269 conditione
1752 4203 1823 4297 ¹⁷5⁰}ss

64 4299 182 4354 manum
206 4300 261 4353 sili
292 4300 436 4354 imminere
461 4302 565 4361 mdaat.
607 4301 749 4373 Quidquid
782 4303 819 4357 sit
848 4303 883 4359 ds
910 4304 1063 4359 contractis
1081 4303 1166 4357 liceat
1190 4303 1277 4357 alteri
1298 4303 1518 4358 consulentium
1530 4304 1670 4372 pendente
1687 4303 1739 4356 ad-
1752 4310 1867 4361 psunsnts

64 4387 194 4442 exactione
207 4403 323 4457 poenae,
341 4403 412 4457 quae
423 4387 517 4459 legum
528 4390 738 4460 provincialium
751 4389 881 4446 decisioni
910 4392 963 4444 lsuc
980 4390 1137 4444 cordatione
1152 4389 1303 4457 resilisset
1315 4407 1376 4443 cssm
1389 4391 1451 4447 alia
1458 4407 1584 4458 persona
1593 4391 1740 4460 mensalia
1752 4358 1830 4453 iffi

64 4478 87 4524 et
107 4473 209 4543 judicis
237 4471 352 4528 arbitrio
378 4474 573 4539 committitur,
601 4476 633 4542 is,
656 4477 705 4547 qui
722 4477 775 4531 sub
792 4494 882 4547 poena
905 4495 978 4549 pure
996 4477 1181 4531 contraheret
1212 4476 1325 4548 Negant
1339 4476 1521 4533 communiter
1535 4484 1656 4546 straete,
1674 4465 1879 4555 ροθ·ζζ“,ῗ,“ξζζ”

64 4558 184 4627 promisit¹
203 4576 259 4613 non
277 4559 386 4615 videtur
405 4559 566 4630 simpliciter
582 4562 643 4633 cogi
658 4561 808 4618 debarsad
826 4580 881 4617 ma·
912 4562 1046 4619 nitentiae
1066 4562 1201 4633 ejusmodi
1213 4562 1259 4618 hic
1276 4563 1366 4619 locum
1384 4579 1452 4621 esse.
1484 4562 1525 4619 Ut
1544 4562 1660 4618 enimin
1677 4561 1739 4618 aliis
1752 4568 1849 4608 srsners.

63 4644 170 4701 trimonii
189 4645 468 4711 consummationem,
495 4647 544 4701 sed
574 4647 688 4703 arbitrio
718 4650 779 4719 ejus
800 4650 881 4705 rolin·
909 4648 1097 4705 contraotibus
1120 4648 1259 4718 pendente
1283 4648 1441 4704 conditione
1462 4666 1518 4703 non
1539 4648 1605 4704 licet
1624 4648 1738 4713 resilire,

18 4733 54 4777 11.
64 4730 207 4800 quendum,
234 4747 271 4785 an
298 4730 386 4786 libera
415 4731 559 4788 voluntate
581 4734 610 4788 iu
639 4734 708 4789 illud
726 4737 882 4791 consentire
909 4736 958 4792 ssd
976 4744 1087 4789 cremus
1105 4734 1275 4788 cmsdits'onis
1300 4743 1340 4788 est
1360 4736 1579 4804 suspectandus,
1604 4735 1622 4788 l.
1640 4737 1739 4806 potior.

62 4815 128 4886 velit,
146 4817 220 4872 unde
231 4816 347 4873 Alexius
365 4816 522 4875 comnenus
542 4819 570 4873 in
588 4820 696 4878 consdt.
715 4838 765 4876 sua
778 4822 881 4891 scribit,
912 4829 950 4879 11.
975 4821 992 4876 l.
1023 4819 1071 4892 qui
1097 4819 1235 4874 balneum
1264 4825 1288 4876 9.
1318 4822 1366 4892 qui
1395 4821 1492 4891 potior.
1514 4821 1544 4876 in
1568 4821 1675 4893 pignor.
1699 4823 1740 4878 ita

61 4905 164 4972 mondo
180 4904 329 4974 ponenda
350 4905 452 4973 poenis
473 4906 654 4969 firmarentur
677 4915 703 4960 ct
719 4909 882 4963 corrobora·
909 4922 1021 4979 quoque
1047 4907 1076 4961 in
1101 4905 1277 4976 sponsalibus
1299 4905 1372 4961 idem
1386 4907 1458 4977 juris
1475 4924 1535 4962 esse
1553 4909 1740 4976 statuendum,

56 4997 145 5045 resurr
174 5007 277 5059 euque
310 4989 542 5059 assmiterentur,
566 5008 663 5046 aarum
687 4995 1028 5066 proestats'ons'maxima
1057 5011 1120 5048 cum
1143 4994 1302 5066 conjugium
1325 4994 1435 5050 nonsit
1456 5001 1741 5051 conuectustantum

57 5075 191 5130 &uoluta
210 5082 237 5129 et
257 5073 401 5141 infirmata
417 5077 508 5140 samse
525 5079 683 5146 sposualio.
718 5079 783 5135 via.
801 5080 883 5151 plura
894 5070 898 5127 l
910 5081 1007 5149 civilis,
1027 5081 1077 5137 sed
1096 5098 1140 5137 sss
1157 5080 1342 5137 conscientias
1359 5098 1392 5136 ac
1409 5081 1534 5150 peculari
1553 5082 1648 5137 divina
1665 5081 1741 5137 insti·

54 5162 88 5219 de
113 5163 223 5234 poenm.
253 5162 403 5232 sponsalib.
433 5165 509 5234 apud
538 5163 695 5236 Cyprasurn
726 5166 761 5222 ds
790 5146 1015 5238 sponsltutione
1045 5167 1175 5238 mudest
1227 5166 1375 5221 Praeterea
1408 5166 1516 5221 occasio
1548 5167 1660 5223 daretur
1690 5184 1740 5238 pro

50 5267 71 5306 c
100 5253 126 5305 8.
153 5245 181 5322 ξ.
210 5254 248 5305 18.
275 5255 304 5304 st
333 5254 372 5305 to.
400 5248 447 5305 ubi
476 5256 648 5307 tamensem
666 5251 695 5305 in
712 5252 798 5310 dubio
824 5233 1061 5327 iereideridioulo
1087 5269 1120 5308 ac
1144 5251 1345 5308 delectamento
1380 5252 1501 5309 habendi
1528 5254 1741 5322 matrimonium,

47 5334 186 5406 relinquit.
895 5336 932 5415 {si
950 5340 1038 5395 cuivis
1056 5339 1153 5395 boaret
1170 5338 1282 5411 proprio
1299 5354 1370 5393 ausu
1391 5346 1420 5394 ct
1435 5338 1551 5395 arbitrio
1570 5357 1588 5396 a
1607 5340 1740 5410 sponsali·
1752 5327 1796 5369 Π·
1810 5325 1853 5367 ¹⁶⁰⁴

82 5427 143 5481 1³8.
177 5419 326 5486 Quaeritur
343 5427 368 5478 e.
404 5422 440 5477 Si
463 5423 527 5491 ossis
546 5425 661 5492 petaliae
678 5426 763 5488 tidem
781 5427 829 5478 det
847 5422 961 5480 de'bus
993 5424 1186 5480 conditionalis
1217 5424 1354 5481 recedere.
1403 5424 1548 5497 Cypraaus
1578 5428 1613 5481 ds
1646 5444 1739 5496 spons.

10 5494 181 5579 {conjupsb
199 5508 250 5561 sub
268 5508 430 5562 conds'tione
448 5509 572 5574 tenuta,
587 5519 661 5579 puta
675 5512 703 5565 si
715 5518 801 5580 pater
817 5529 881 5565 con·
908 5526 969 5581 cap.
996 5517 1020 5567 8.
1050 5507 1079 5585 ξ.
1098 5516 1124 5567 1.
1151 5517 1262 5567 secutus
1284 5511 1512 5569 Panormitanum
1544 5531 1569 5571 c.
1593 5530 1677 5583 super
1699 5530 1740 5569 so.

10 5601 15 5613 '
40 5594 182 5662 mail,
206 5601 235 5649 st
249 5594 390 5663 prodesto
414 5594 509 5649 casse
532 5597 691 5651 consistione
707 5595 796 5651 altori
807 5613 882 5664 pars
907 5594 995 5651 Extra
1018 5596 1054 5652 de
1072 5595 1175 5655 eandm
1198 5612 1294 5667 appot
1319 5596 1527 5666 Cosarmriam,
1550 5597 1739 5669 eruellum
