4020 6022
212 199 272 255 sto
792 178 915 244 LOCUS
932 182 1137 243 vlcnsmus
1154 186 1323 253 QUINTUS

212 343 375 418 quaestione
393 348 452 413 est,
468 360 503 397 ac
526 347 660 415 quantum
677 340 822 396 discrimen
842 340 880 396 sit
898 339 970 396 inter
987 356 1043 395 mo·
1057 334 1060 365 ²
1072 343 1125 399 boc
1142 343 1216 400 vitae
1233 358 1335 416 genere
1346 342 1520 399 abhorreant.
1550 342 1596 399 De
1613 342 1667 399 illis
1678 342 1739 399 Leo
1758 341 1908 414 spiscopus

212 432 335 488 nasteria
352 436 477 487 veterum
501 432 529 484 ct
546 428 680 483 hodierna
696 427 812 498 papatui
829 427 955 498 addicta,
977 425 1045 483 alibi
1072 430 1213 487 Romanus
1240 430 1319 501 epist.
1349 436 1391 487 95.
1410 436 1486 486 recte
1520 429 1631 498 statuit,
1662 429 1780 502 quodsi
1811 436 1908 501 postes

213 519 323 591 plenius
340 517 500 572 ostenditur.
539 520 563 569 ι.
582 516 632 568 Ad
648 515 792 569 rationem.
837 520 862 567 1.
880 514 960 569 Licet
976 515 1191 587 filiismubant,
1211 535 1267 572 non
1284 516 1516 588 praevaricentur.
1558 517 1673 573 Puellae
1696 516 1809 588 (inquit)
1836 532 1909 587 qnae

209 606 378 677 parentibus
406 603 500 658 innuis
532 602 741 656 matrimonium
772 602 951 670 contradere,
979 596 1127 671 erpo'non
1145 607 1258 660 coactae
1274 603 1625 675 parentumimperio,.sed
1638 610 1793 674 spontaneo
1801 602 1909 674 judicio

215 693 299 746 etiam
318 692 418 746 iisdem
437 689 531 743 insitu
548 689 676 754 profiteri
688 687 894 745 continentiam.
920 687 1045 758 Respon·
1057 716 1060 761 ς
1071 690 1238 763 virginitatis
1264 690 1435 762 propositum
1461 698 1545 763 atque
1571 690 1696 746 habiturn
1715 694 1910 761 sasoepanmt,

214 780 326 835 demus:
344 777 507 833 invertimus
527 781 735 848 argumentum,
753 783 785 831 nt
802 781 912 831 constat
929 790 964 829 ex
982 774 1045 838 illis.
1057 828 1060 875 Ι
1071 779 1094 833 si
1112 785 1209 850 postea
1227 779 1345 843 nubunt,
1369 777 1603 848 praevaricantur.
1639 776 1713 849 Ergo
1731 794 1751 833 a
1768 775 1910 833 contrario

214 881 287 939 quae
305 864 379 921 dicta
397 868 463 919 sunt
481 862 609 935 superius
627 880 651 919 c.
671 869 694 919 t.
708 869 773 918 sect.
793 869 818 919 2.
849 863 966 916 ilicet
984 862 1044 917 uiro
1071 882 1169 931 sensu,
1195 864 1219 919 si
1241 869 1386 936 parentum
1404 864 1519 934 imperio
1543 869 1656 919 coactae
1674 863 1819 935 protensae
1836 870 1910 926 sunt,

215 969 298 1007 uxore
318 952 406 1006 invita
426 952 467 1004 ad
484 949 649 1020 relipt'ouem
667 951 798 1017 transire,
816 949 930 1019 meando
948 947 1044 1001 matri·
1071 951 1202 1007 nubendo
1221 968 1276 1005 non
1300 950 1536 1021 praevaricantur
1577 957 1601 1005 7,
1621 950 1702 1014 Quod
1722 955 1820 1005 votum
1847 966 1908 1020 per-
1920 969 1938 1011 J
1950 968 1982 1011 J,

214 1040 335 1096 monium
361 1039 396 1092 sie
418 1037 565 1107 praesenti
587 1038 700 1106 quidem
717 1044 900 1104 contractum,
921 1037 972 1089 ssd
989 1051 1045 1087 uon
1072 1042 1173 1136 petum
1189 1037 1375 1093 continentiae
1394 1037 1510 1108 erigunt
1526 1035 1685 1091 indistincte
1700 1036 1738 1090 ab
1758 1036 1837 1099 illis,
1858 1024 1982 1114 qui⁰⁴²⁶⁰¹

96 1144 153 1183 avr.
167 1140 200 1184 to.
212 1132 445 1192 consummatum,
473 1140 497 1179 c.
516 1123 631 1181 Verum.
650 1130 702 1178 etc
739 1122 783 1177 Ex
798 1120 910 1192 publico
930 1121 965 1175 de
981 1136 1045 1176 con·
1072 1124 1102 1178 iu
1118 1125 1289 1194 majoribus,
1313 1128 1344 1178 ut
1363 1122 1503 1194 loquutur,
1520 1122 1668 1176 οιιιιιιιιιιι
1684 1122 1845 1190 consumti,
1874 1120 1909 1176 de

212 1229 282 1267 vers.
299 1213 410 1282 conjug.
425 1226 490 1279 erpo
519 1210 606 1264 multo
626 1211 716 1279 marpis
740 1209 834 1263 licebit
851 1209 937 1262 inuito
953 1214 1045 1276 patre.
1056 1180 1173 1283 lquibus
1194 1217 1287 1265 tamen
1302 1210 1427 1264 nondum
1444 1214 1560 1277 constat,
1580 1226 1617 1263 an
1633 1208 1706 1265 dono
1718 1207 1910 1265 continentiae

212 1298 436 1370 Respondemus.
457 1298 598 1353 Incertum
615 1313 666 1366 per
686 1312 775 1367 aeque
793 1296 928 1349 incertum
945 1293 1044 1365 probs·
1073 1297 1201 1353 instructi
1230 1296 1301 1367 sint,
1332 1296 1386 1351 imo
1418 1296 1586 1367 experientia
1611 1296 1725 1363 clamat,
1759 1294 1909 1366 plerosque

212 1393 265 1455 tur,
286 1384 452 1441 antecedens
478 1383 551 1440 enim
570 1383 638 1438 illud
658 1384 769 1454 penitus
786 1400 804 1437 a
820 1380 900 1437 nobis
919 1387 1045 1451 negatur.
1072 1401 1165 1440 eorum
1193 1382 1265 1439 dono
1293 1338 1340 1438 illo
1365 1382 1511 1438 destitutos
1538 1399 1606 1438 esse.
1653 1387 1694 1437 8.
1684 1382 1789 1448 Quod
1815 1368 1982 1460 autumes„

211 1476 238 1529 3.
263 1470 421 1534 Quilibet
409 1488 543 1539 snpenuus
563 1478 629 1540 post
650 1488 740 1523 anuos
760 1468 920 1538 pubertate}
943 1475 983 1521 eat
1000 1468 1046 1521 sui
1072 1470 1259 1526 continentias
1276 1470 1433 1539 mssaipiant
1458 1478 1542 1540 atqua
1565 1469 1677 1539 axipant
1697 1470 1734 1522 ab
1758 1468 1833 1532 illis,
1857 1468 1942 1539 quiin
1928 1472 1980 1511 ιιι

207 1560 295 1629 juris,
315 1565 448 1629 astantum
466 1559 507 1610 ad
523 1574 565 1622 ta,
585 1574 656 1625 quas
675 1558 716 1610 ad
730 1572 881 1625 personam
899 1561 925 1608 et
942 1560 1102 1613 statumini
1127 1559 1184 1614 otio
1215 1558 1338 1612 cmuium
1368 1574 1463 1611 rerum
1491 1556 1669 1610 abundantia
1692 1572 1728 1609 ac
1755 1555 1910 1609 saturitate

212 1640 1047 1714 sisumpertineut.Respondemus:Exjurepatriaepotestatis
1070 1646 1156 1716 panis
1188 1645 1296 1713 uinum,
1339 1660 1395 1716 qua
1433 1642 1469 1699 de
1505 1660 1535 1698 rs
1569 1641 1656 1714 paulo
1696 1648 1761 1712 post
1796 1640 1909 1713 plenius

213 1731 381 1788 conusrium
395 1728 565 1786 ostendimus
574 1745 624 1784 sao
634 1728 703 1784 loco.
721 1728 914 1798 4.Dcomapis
921 1728 1047 1782 obedieu-
1071 1731 1186 1787 dicetur.

214 1822 280 1874 dum
296 1836 380 1889 quam
394 1816 548 1871 bonsinibus
560 1816 654 1870 Actor.
667 1822 691 1883 5,
701 1834 726 1869 v.
737 1821 777 1871 29.
789 1832 824 1868 ac
836 1817 917 1869 Deus
929 1815 1049 1869 totundit
1107 1822 1166 1872 524.
1202 1819 1228 1869 2.
1246 1816 1367 1872 Haueris
1382 1815 1519 1870 materiae
1534 1812 1909 1886 papulecoelibatusvotam
1922 1811 1982 1879 m

210 1909 370 1977 perfectam
383 1905 468 1957 uitam
478 1902 508 1956 in
520 1919 618 1973 ponere
637 1903 762 1957 omnibus
784 1900 880 1957 Mattb.
903 1908 943 1969 19,
961 1919 987 1955 v.
1007 1906 1048 1957 21.
1073 1902 1217 1959 stramite
1239 1902 1316 1958 vorbi
1342 1902 1427 1957 divini
1452 1902 1594 1958 discedere
1623 1901 1755 1971 dicimus,
1784 1901 1854 1973 quia
1879 1901 1908 1956 in
1920 1872 1982 1966 ii:

215 2002 240 2048 et
259 1995 288 2046 in
305 1991 481 2061 partimtlari
496 1991 633 2061 quosdam
649 1991 690 2043 ad
700 2005 761 2043 sam
780 1997 861 2042 sucat
878 1989 989 2042 iuterna
1007 1989 1048 2041 in·
1075 1990 1198 2063 personis
1215 1989 1399 2045 continentiae
1418 1989 1491 2044 dono
1509 2006 1564 2044 non
1582 1988 1724 2044 instruatis
1745 1992 1790 2044 ιιι
1806 1989 1909 2060 impos·

213 2079 377 2149 spiratione.
430 2075 654 2147 Respondemus:
690 2076 815 2130 Christus
850 2092 904 2129 non
939 2081 1047 2130 tantum
1074 2076 1162 2132 sibile.
1198 2077 1232 2131 In
1249 2076 1319 2132 votis
1337 2074 1444 2130 ratione
1461 2074 1593 2131 materiae
1610 2074 1793 2131 consideratis
1807 2074 1862 2129 tria
1875 2092 1909 2130 sa

215 2165 351 2234 consulit,
381 2163 432 2219 sed
459 2162 543 2219 etiam
568 2161 718 2234 praecipit,
747 2179 840 2216 omnes
863 2161 965 2217 debere
989 2179 1047 2217 esse
1074 2163 1244 2235 praescripto
1259 2162 1337 2218 verbi
1350 2162 1525 2229 damnantur,
1540 2162 1758 2217 t.sivoveantur
1771 2159 1911 2227 cidissus,

210 2254 358 2324 perfectos
375 2248 477 2307 Matth.
496 2256 520 2318 5,
540 2267 565 2303 v.
585 2254 625 2305 48.
664 2249 781 2319 apostoli
799 2248 851 2303 hoc
871 2253 998 2321 egerant,
1018 2255 1049 2303 ut
1075 2259 1106 2307 ut
1118 2251 1141 2305 si
1171 2250 1233 2322 quis
1265 2251 1310 2305 Iro
1342 2250 1490 2321 pauperior
1522 2248 1614 2319 regias
1644 2253 1759 2304 voveret
1787 2246 1910 2303 divitias.

216 2355 322 2392 anassem
358 2337 495 2391 bominem
526 2337 686 2406 perfectum
714 2337 868 2388 redderent
892 2334 996 2391 Coloss.
1025 2341 1047 2403 l,
1074 2338 1179 2394 Ecolea
1201 2344 1225 2404 5,
1245 2354 1270 2389 ι.
1289 2341 1320 2391 ³:
1338 2338 1405 2390 Non
1420 2343 1459 2390 est
1477 2335 1607 2390 uoluntas
1624 2335 1681 2389 sius
1700 2335 1910 2406 ιιιιιριιιιιιιιιιι

213 2444 239 2480 v.
259 2430 299 2481 28.
319 2440 386 2495 ergo
409 2422 543 2493 perfectio
562 2440 617 2476 non
637 2428 679 2477 est
698 2420 811 2492 propria
828 2420 980 2476 coelibibus
1000 2428 1047 2477 snt
1075 2425 1135 2478 Dei
1168 2407 1330 2497 &aaa
1349 2424 1379 2475 in
1410 2422 1506 2477 stssltis
1525 2422 1604 2479 uotis.
1651 2426 1690 2476 At
1715 2420 1819 2477 stolida
1843 2428 1911 2477 sunt

213 2512 313 2567 votivis
330 2510 481 2578 monacbis,
502 2510 551 2564 sed
569 2507 697 2565 omnibus
715 2524 779 2564 vera
800 2507 852 2579 piis
871 2525 905 2562 ac
916 2507 1047 2564 Christia-
1074 2516 1151 2576 vota,
1178 2510 1207 2565 in
1231 2510 1332 2581 quibus
1350 2508 1411 2564 Deo
1430 2507 1538 2579 aliquid
1555 2505 1737 2578 promittitur,
1759 2508 1837 2579 quod
1852 2526 1910 2565 non

213 2599 264 2662 nis,
285 2597 411 2653 consistit
428 2597 501 2651 enim
513 2615 567 2653 non
581 2598 609 2651 in
628 2596 987 2667 ιιειιπερισσοθρησκιιιιιι
999 2600 1048 2650 ιιι
1074 2603 1117 2653 est
1135 2597 1163 2651 in
1181 2596 1298 2653 hominis
1322 2600 1461 2667 potestate
1484 2594 1613 2667 positum.
1656 2600 1679 2650 2.
1696 2593 1726 2650 Si
1754 2602 1911 2652 vorsantur

213 2687 241 2741 in
259 2690 333 2740 certo
364 2683 483 2755 quodam
515 2683 590 2738 vitae
614 2698 730 2754 ςιιιιιι,
760 2683 810 2738 sed
840 2682 868 2736 in
896 2699 961 2737 vora
983 2682 1046 2751 fide,
1073 2684 1177 2755 alioqui
1201 2684 1358 2738 necarerio
1383 2689 1528 2751 euentura,
1556 2688 1587 2736 ut
1605 2681 1629 2735 si
1654 2681 1715 2753 quis
1734 2686 1850 2751 voveat,
1878 2700 1910 2737 se

214 2772 377 2839 dilectione,
406 2771 512 2825 sincero
539 2769 652 2840 pietatis
677 2768 769 2824 studio
789 2774 817 2824 et
834 2768 1047 2839 imperfectionis
1073 2776 1149 2826 certo
1171 2770 1348 2834 moriturum,
1371 2768 1416 2825 rel
1433 2769 1456 2823 si
1480 2774 1645 2840 voveantur,
1668 2770 1820 2840 quaejam
1842 2773 1909 2825 ante

213 2859 363 2931 agnitione.
412 2857 550 2913 Videatur
580 2854 720 2911 Luthcrus
746 2855 774 2910 in
808 2856 879 2911 libro
911 2856 946 2909 de
976 2855 1046 2910 votis
1073 2862 1139 2913 sunt
1157 2857 1258 2913 debita.
1304 2856 1392 2912 Lavit
1410 2862 1458 2923 tt,
1486 2873 1511 2909 v.
1533 2854 1811 2924 26:1²rimopsnua,
1834 2873 1908 2926 quas

214 2945 387 3013 monasticis,
425 2942 473 2998 ubi
510 2942 582 2998 inter
622 2948 713 2997 cetera
751 2940 860 2997 scribit:
902 2941 1046 3007 Perfectio
1073 2947 1115 2998 ad
1131 2946 1225 2998 Deum
1245 2941 1400 3013 pertinent,
1428 2941 1459 2994 iu
1481 2941 1613 3009 iumentis
1630 2954 1710 2995 usuro
1725 2942 1909 3007 concuticarc

214 3032 379 3087 dirutione
399 3038 439 3085 sst
457 3046 514 3084 csse
535 3030 663 3083 animosa
681 3031 738 3094 (iste
764 3037 956 3083 contenstorcm
974 3047 1045 3081 mor·
1073 3028 1419 3102 nemuspatrium
1440 3028 1503 3097 bos,
1520 3028 1578 3081 sius
1595 3028 1654 3081 ouis
1671 3028 1772 3097 fucrit
1791 3029 1911 3083 Domini

213 3119 258 3183 tis,
275 3118 363 3183 uiae,
386 3117 496 3186 pieriae
513 3125 539 3170 et
563 3117 647 3170 totius
664 3117 764 3169 rrrrtnsii
781 3134 815 3169 ac
830 3118 957 3180 fervente
975 3117 1046 3169 euri·
1073 3126 1144 3171 suut.
1163 3136 1189 3171 v.
1207 3122 1248 3172 30.
1269 3117 1404 3170 Decimae
1417 3123 1509 3169 terrae
1526 3115 1584 3168 sius
1600 3116 1636 3168 rte
1650 3115 1746 3184 pomis
1764 3116 1909 3184 arborum,

214 3212 271 3259 tato
291 3221 350 3257 esse
368 3204 490 3256 omnium
511 3220 628 3257 sennim.
667 3202 712 3258 De
732 3202 807 3257 dicto
827 3202 928 3257 Christi
948 3200 1046 3257 Matth.
1073 3206 1129 3258 siue
1149 3207 1185 3258 ds
1200 3204 1333 3271 frupibus
1352 3202 1472 3257 Domini
1489 3209 1561 3269 ιιιιιι,
1579 3209 1604 3255 at
1622 3202 1669 3256 illi
1684 3202 1908 3271 sanctificam.

216 3298 256 3359 19,
275 3310 300 3345 v.
320 3296 368 3345 21;
386 3290 421 3343 Si
439 3291 481 3342 cis
495 3292 640 3360 perfectus
660 3306 726 3354 esse,
745 3290 827 3356 uude,
843 3291 1046 3358 suurteonnia,
1074 3291 1149 3361 Ergo
1171 3308 1226 3345 non
1250 3298 1366 3361 possunt
1398 3289 1561 3345 secundario
1587 3305 1637 3360 per
1665 3296 1760 3344 votum
1787 3288 1908 3345 Domino

215 3377 321 3448 egimus
355 3376 384 3431 in
407 3382 487 3431 tract.
512 3375 547 3431 de
572 3376 716 3453 evangelio
738 3376 765 3430 in
792 3394 853 3446 cap.
873 3376 908 3430 de
926 3376 1047 3431 consiliis
1073 3377 1235 3433 consecrari.
1281 3383 1305 3431 3.
1326 3376 1356 3432 Si
1383 3380 1534 3432 voveantur
1559 3376 1663 3431 illicita
1691 3383 1717 3429 st
1740 3378 1825 3431 uerbo
1850 3379 1910 3432 Dei

141 3462 340 3613 ni,evangel
359 3458 387 3537 ξ.
405 3469 446 3518 91.
1070 3465 1230 3535 prohibita,
1254 3469 1286 3518 ut
1302 3462 1326 3517 si
1345 3464 1407 3535 quis
1425 3463 1487 3518 Deo
1504 3462 1650 3518 obtulisset
1672 3466 1829 3519 mercedem
1838 3482 1908 3535 prc-

192 3553 309 3605 ..523
344 3550 370 3603 3.
394 3548 477 3610 Quod
492 3554 556 3602 uota
580 3548 709 3601 solennia
729 3526 883 3619 perpetuas
908 3549 1047 3603 contineu-
1072 3550 1169 3605 stibuli
1187 3568 1221 3605 aa
1236 3550 1365 3620 precium
1385 3550 1465 3603 canu
1484 3549 1907 3621 [tantumtempora

214 3638 272 3691 tiae
291 3634 447 3705 mscipiaut
474 3653 492 3687 a
512 3634 690 3704 desponsatis
703 3634 835 3704 personis
854 3652 887 3689 oc
905 3635 1046 3689 matrinia·
1071 3638 1195 3701 furtivas
1219 3652 1253 3691 ac
1278 3636 1380 3707 injuste
1403 3640 1497 3706 partas
1516 3634 1671 3690 obtulisset
1711 3636 1842 3693 Proverb.
1866 3644 1907 3705 tt,

178 3750 187 3760 ·
215 3724 293 3777 nium
306 3724 504 3791 etiamratum,
521 3739 577 3775 uon
594 3730 687 3775 tomen
700 3730 917 3775 consummatum
927 3731 1046 3792 propter
1072 3743 1098 3781 v.
1111 3730 1159 3781 25:
1174 3724 1272 3779 Ruina
1284 3725 1328 3778 uel
1340 3724 1457 3792 laqueus
1469 3730 1510 3777 est
1523 3722 1629 3776 bomini
1643 3724 1781 3777 deuorare
1794 3732 1907 3778 sanctos

145 3808 152 3822 ⁹
215 3810 371 3881 inpressum
390 3809 420 3862 in
444 3808 608 3879 relipionem
633 3808 802 3875 sinistrant,
827 3826 883 3880 qua
905 3810 941 3865 de
959 3826 988 3863 rc
1006 3808 1099 3925 ιιι-Ιιι
1112 3819 1178 3880 post
1196 3818 1261 3864 uota
1285 3817 1419 3863 tractare.
1463 3807 1626 3863 Scholastici
1643 3807 1755 3879 dicunt,
1783 3808 1905 3883 quinque

214 3896 300 3953 furius
318 3896 347 3950 in
365 3896 527 3967 quaestione
539 3897 575 3951 de
589 3896 678 3951 causis
697 3895 807 3951 divortii
821 3896 902 3965 plura
914 3896 1045 3952 dicemus.
1057 3928 1060 3955 ι
1073 3914 1141 3962 esse,
1159 3912 1230 3968 quae
1249 3895 1341 3951 voveri
1361 3912 1415 3950 non
1427 3901 1557 3966 possum:
1579 3896 1760 3951 1.Malaseu
1774 3906 1905 3967 peccato,

100 4027 106 4037 .
149 4048 154 4058 ,
190 3990 239 4041 ·t.
257 3982 448 4048 Quadratum
468 3984 1045 4054 solenneperpetuaeecmtincutiaesusci·
1073 3988 1098 4039 2.
1111 3985 1280 4049 neceamria,
1296 3986 1323 4039 3.
1336 3983 1474 4050 casualia,
1487 3988 1730 4053 quorumerentus
1743 3983 1906 4056 ambiguum

169 4077 176 4089 ·
212 4071 296 4143 piant
321 4087 340 4122 a
362 4070 522 4139 cunjunctis
545 4087 579 4122 ac
605 4069 860 4124 matrimonialibus
883 4087 1047 4138 conpressus
1073 4077 1096 4129 t.
1114 4073 1209 4141 ιιιιιια,
1228 4076 1260 4125 ut
1276 4070 1300 4125 si
1318 4070 1379 4141 quis
1393 4076 1500 4138 voveat,
1519 4086 1549 4124 se
1567 4069 1638 4125 velle
1650 4069 1742 4125 levare
1755 4069 1905 4141 festucam

86 4182 109 4243 ,ὁ
166 4224 175 4234 ι
214 4158 421 4228 abjurationem
447 4158 483 4210 ab
507 4155 568 4210 illis
586 4157 707 4224 tripart.
754 4161 778 4211 5.
797 4155 876 4220 Quod
901 4159 1046 4227 amborum
1074 4163 1099 4214 5.
1120 4159 1290 4227 indiscreta,
1317 4163 1349 4211 ut
1366 4156 1451 4211 nimia
1464 4157 1612 4212 maceratio
1630 4157 1763 4229 corporis.
1800 4158 1834 4213 In
1851 4158 1904 4215 illis

131 4268 144 4295 s
191 4243 362 4299 ·lenociniis
380 4261 414 4296 aa
433 4243 581 4297 blanditiis
600 4242 727 4297 insecutos
746 4260 780 4297 ac
791 4260 885 4299 rerum
903 4245 1046 4313 imperitos
1074 4246 1165 4302 locum
1181 4245 1266 4321 babet
1283 4245 1380 4315 regula
1399 4243 1500 4298 Isidori
1522 4243 1550 4298 in
1572 4261 1668 4314 synon.
1692 4243 1754 4299 libr.
1774 4252 1800 4303 2.
1823 4243 1904 4317 capit

162 4334 168 4347 ”
216 4332 349 4396 inescent,
373 4335 405 4383 ut
417 4329 524 4400 judicio
539 4329 663 4385 nondum
683 4336 790 4385 maturo
808 4347 841 4385 ac
858 4331 963 4385 viribus
981 4347 1047 4385 non·
1075 4333 1109 4388 de
1128 4330 1285 4395 mandacio,
1304 4347 1337 4386 ac
1357 4330 1459 4385 citatur
1478 4330 1587 4400 injure
1604 4347 1700 4385 canon.
1721 4347 1746 4386 c.
1774 4332 1810 4387 In
1824 4330 1905 4387 Malis

216 4416 283 4471 dum
323 4415 474 4486 exploratis
512 4414 682 4471 coelibatum
721 4424 840 4471 voveant
878 4423 962 4488 atque
996 4416 1048 4472 hac
1075 4424 1116 4477 tt.
1141 4437 1169 4491 q.
1192 4424 1224 4473 4:
1253 4418 1290 4470 Iu
1312 4417 1386 4471 mols
1410 4416 1558 4486 promissis
1587 4419 1713 4473 rescinde
1739 4420 1845 4486 fidem,
1875 4420 1906 4473 in

214 4503 321 4559 ratione
336 4502 428 4557 taedio
440 4502 514 4557 aas
526 4507 555 4557 et
570 4501 691 4574 querelis
708 4503 848 4573 perpetuis
867 4509 954 4559 semet
974 4504 1048 4575 ipsos
1074 4508 1152 4577 turpi
1167 4513 1230 4561 uoto
1249 4513 1325 4559 muta
1345 4506 1499 4571 dammum,
1516 4508 1593 4576 quod
1609 4506 1718 4560 incaute
1737 4508 1848 4575 ιουιιιι,
1872 4524 1905 4561 ιιι

215 4597 360 4662 exponant.
398 4589 553 4645 Nevisanus
570 4590 598 4642 in
616 4589 692 4660 Sylv.
719 4596 797 4660 nupt
817 4590 878 4645 libr.
901 4597 922 4646 l.
942 4610 969 4646 n.
991 4596 1038 4647 112
1073 4595 1177 4662 facias,
1194 4594 1336 4664 impiaret
1348 4592 1510 4663 promissio,
1527 4595 1903 4667 quacscslueadimpistur.

216 4679 272 4731 Isti
295 4677 427 4747 mapistri
448 4677 629 4746 moiliorum,
649 4678 699 4746 qui
723 4685 786 4731 suut
811 4685 869 4731 tam
893 4680 990 4733 rededi
1007 4670 1134 4753 adicsp.
1153 4680 1298 4736 Diffinitio.
1316 4696 1391 4736 caus.
1409 4684 1439 4735 et
1466 4684 1571 4750 quaest.
1597 4679 1659 4734 iisd.
1678 4696 1713 4735 cx
1733 4681 1833 4737 concil
1850 4680 1906 4737 Eti-

216 4763 409 4833 instipandum
434 4763 640 4830 adolmceutss,
672 4764 728 4818 imo
754 4780 874 4833 pucros,
900 4773 931 4818 ut
952 4767 1049 4830 frater
1074 4770 1158 4825 bert:
1184 4765 1331 4837 Diffinitio
1354 4766 1467 4820 insama
1490 4766 1673 4821 laudabiliter
1695 4769 1834 4825 soluenda
1856 4778 1904 4839 sat,

217 4850 339 4903 Tiamaa
364 4849 501 4919 illyricus
529 4851 564 4903 de
585 4856 640 4919 pot.
655 4866 725 4919 pap.
749 4850 837 4905 ciart.
859 4854 921 4905 162.
940 4852 1048 4907 intrare
1073 4873 1124 4911 nac
1146 4863 1187 4908 est
1209 4853 1436 4924 praeuaricatio,
1467 4855 1519 4908 sed
1548 4854 1712 4909 temeritatis
1735 4858 1904 4913 emendatio.

216 4935 390 5004 relipiouem
413 4938 616 5007 praemittant,
643 4936 727 5006 quale
753 4937 919 4991 scandalum
942 4939 1049 4993 eueniat
1074 4940 1206 5007 Quodsi
1193 4958 1253 5011 Jam
1265 4940 1418 4996 coelibatus
1435 4944 1538 5008 votum,
1560 4940 1683 5012 qualcin
1695 4948 1804 5013 papatu
1822 4944 1905 5016 viget,

216 5022 350 5091 ralipioni
377 5031 402 5078 et
429 5026 602 5094 reipublicae
631 5025 664 5078 ob
687 5024 758 5079 tales
781 5032 936 5094 apostatas.
977 5027 1043 5080 Non
1059 5030 1155 5127 Juxta
1171 5027 1243 5081 hanc
1261 5042 1385 5083 normam
1404 5028 1579 5097 aestimetur,
1605 5028 1754 5099 apparebit
1781 5029 1851 5085 illud
1869 5031 1905 5085 ad

217 5110 289 5163 euim
316 5110 437 5179 afferunt
466 5112 599 5167 boncrmu
628 5111 752 5182 Spiritui
780 5120 890 5182 sancto,
920 5112 970 5181 qui
1000 5086 1062 5167 atii
1059 5114 1193 5186 primum
1217 5128 1319 5185 genus,
1343 5113 1472 5169 videlicet
1498 5114 1533 5169 ad
1560 5114 1742 5185 impossibilia
1759 5116 1904 5187 pertincte.

216 5195 336 5251 uoluerit
365 5197 457 5264 spirat
481 5205 506 5251 et
530 5216 585 5252 nou
609 5199 697 5269 spelit
729 5200 829 5254 borum
850 5199 1046 5267 instipatcmm
1074 5202 1146 5258 Nam
1164 5200 1320 5267 illustram
1336 5200 1384 5272 qui
1401 5217 1457 5255 non
1470 5200 1575 5256 habent
1594 5201 1904 5271 donumcontincntiae,

89 5292 111 5335 a
128 5292 147 5333 a
164 5302 204 5332 co·
218 5283 326 5339 αιιιίιιο
344 5300 395 5336 uec
415 5289 453 5335 tot
471 5285 657 5343 suasionibus.
701 5291 725 5343 6.
746 5286 826 5352 Quod
849 5291 943 5340 votum
961 5285 1048 5341 conti·
1075 5289 1219 5359 imponunt
1244 5288 1288 5343 vel
1313 5286 1384 5343 ab'
1376 5287 1444 5359 ipsis
1476 5287 1632 5388 suscipiunt
1655 5294 1750 5345 votrrm
1779 5290 1905 5363 perpetui

88 5344 189 5439 iiiia..
217 5371 328 5426 nentise
343 5366 480 5440 recipiant
496 5370 569 5424 sb'
552 5388 595 5438 ns,
615 5372 662 5443 qui
673 5380 820 5443 parentum
838 5373 1003 5428 auctoritate
1023 5381 1063 5428 u
1060 5375 1227 5459 ιοιιιιιιιιιι
1252 5375 1328 5430 facta
1357 5374 1411 5429 illis
1437 5374 1631 5447 promissione,
1656 5376 1706 5433 sed
1735 5376 1796 5433 sine
1821 5378 1905 5433 verbo

88 5450 145 5490 ¹⁸¹³·
217 5459 336 5527 imperio
361 5457 391 5511 iu
410 5457 582 5511 monasteria
606 5461 770 5525 traduntur,
800 5458 905 5515 etiamsi
933 5459 987 5531 ipsi
1010 5460 1063 5515 ab
1076 5463 1130 5519 Dei
1147 5461 1238 5536 gratia
1256 5468 1285 5518 et
1305 5462 1405 5519 auxilio
1424 5461 1530 5529 divino,
1555 5462 1590 5519 de
1610 5462 1747 5520 faeditate
1763 5464 1905 5553 continen-
