<?xml version="1.0" encoding="UTF-8"?>
<!DOCTYPE html PUBLIC "-//W3C//DTD XHTML 1.0 Transitional//EN"
    "http://www.w3.org/TR/xhtml1/DTD/xhtml1-transitional.dtd">
<html xmlns="http://www.w3.org/1999/xhtml" xml:lang="en" lang="en">
 <head>
  <title>
</title>
<meta http-equiv="Content-Type" content="text/html;charset=utf-8" />
  <meta name='ocr-system' content='tesseract 3.04.00' />
  <meta name='ocr-capabilities' content='ocr_page ocr_carea ocr_par ocr_line ocrx_word'/>
</head>
<body>
  <div class='ocr_page' id='page_1' title='image "./locitheologicit01gerhgoog/locitheologicit01gerhgoog_0427.png"; bbox 0 0 4020 6022; ppageno 0'>
   <div class='ocr_carea' id='block_1_1' title="bbox 827 220 1800 293">
    <p class='ocr_par' dir='ltr' id='par_1_1' title="bbox 827 220 1800 293">
     <span class='ocr_line' id='line_1_1' title="bbox 827 220 1800 293; baseline 0.012 -12"><span class='ocrx_word' id='word_1_1' title='bbox 827 222 882 281; x_wconf 75' lang='lat' dir='ltr'><strong>DE</strong></span> <span class='ocrx_word' id='word_1_2' title='bbox 898 220 1099 283; x_wconf 74' lang='lat' dir='ltr'><strong>OONJUGIO.</strong></span> <span class='ocrx_word' id='word_1_3' title='bbox 1741 238 1800 293; x_wconf 80' lang='grc'><strong>117</strong></span> 
     </span>
    </p>
   </div>
   <div class='ocr_carea' id='block_1_2' title="bbox 49 380 1923 5660">
    <p class='ocr_par' dir='ltr' id='par_1_2' title="bbox 102 380 1804 1147">
     <span class='ocr_line' id='line_1_2' title="bbox 103 380 1804 455; baseline 0.001 -18"><span class='ocrx_word' id='word_1_4' title='bbox 103 382 346 439; x_wconf 82' lang='lat' dir='ltr'><strong>alterinalteriue</strong></span> <span class='ocrx_word' id='word_1_5' title='bbox 363 382 593 455; x_wconf 78' lang='lat' dir='ltr'><strong>eorpmobflnet,</strong></span> <span class='ocrx_word' id='word_1_6' title='bbox 610 380 940 453; x_wconf 73' lang='grc'><strong>6666611666161616666</strong></span> <span class='ocrx_word' id='word_1_7' title='bbox 967 396 989 433; x_wconf 87' lang='lat' dir='ltr'><strong>a</strong></span> <span class='ocrx_word' id='word_1_8' title='bbox 1016 380 1144 437; x_wconf 70' lang='lat' dir='ltr'><strong>Domino</strong></span> <span class='ocrx_word' id='word_1_9' title='bbox 1174 390 1361 451; x_wconf 72' lang='lat' dir='ltr'><strong>mepematt</strong></span> <span class='ocrx_word' id='word_1_10' title='bbox 1401 380 1564 452; x_wconf 72' lang='grc'><strong>1161666666</strong></span> <span class='ocrx_word' id='word_1_11' title='bbox 1592 388 1714 437; x_wconf 66' lang='lat' dir='ltr'><strong>reem</strong></span> <span class='ocrx_word' id='word_1_12' title='bbox 1742 384 1804 439; x_wconf 77' lang='grc'><strong>6166</strong></span> 
     </span>
     <span class='ocr_line' id='line_1_3' title="bbox 102 466 1803 541; baseline 0.002 -18"><span class='ocrx_word' id='word_1_13' title='bbox 102 468 246 541; x_wconf 70' lang='lat' dir='ltr'><strong>obligatio.</strong></span> <span class='ocrx_word' id='word_1_14' title='bbox 281 468 421 532; x_wconf 82' lang='lat' dir='ltr'><strong>Quantum</strong></span> <span class='ocrx_word' id='word_1_15' title='bbox 447 468 484 523; x_wconf 91' lang='lat' dir='ltr'><strong>ad</strong></span> <span class='ocrx_word' id='word_1_16' title='bbox 509 468 603 523; x_wconf 80' lang='lat' dir='ltr'><strong>officia</strong></span> <span class='ocrx_word' id='word_1_17' title='bbox 625 467 762 539; x_wconf 87' lang='lat' dir='ltr'><strong>quaedam</strong></span> <span class='ocrx_word' id='word_1_18' title='bbox 780 466 941 540; x_wconf 81' lang='lat' dir='ltr'><strong>conjugalia</strong></span> <span class='ocrx_word' id='word_1_19' title='bbox 962 476 1081 537; x_wconf 69' lang='grc'><strong>6666616</strong></span> <span class='ocrx_word' id='word_1_20' title='bbox 1110 478 1166 537; x_wconf 84' lang='grc'><strong>661,</strong></span> <span class='ocrx_word' id='word_1_21' title='bbox 1196 469 1307 538; x_wconf 79' lang='lat' dir='ltr'><strong>primur</strong></span> <span class='ocrx_word' id='word_1_22' title='bbox 1334 469 1461 539; x_wconf 79' lang='lat' dir='ltr'><strong>lapideae</strong></span> <span class='ocrx_word' id='word_1_23' title='bbox 1487 469 1518 523; x_wconf 76' lang='lat' dir='ltr'><strong>ia</strong></span> <span class='ocrx_word' id='word_1_24' title='bbox 1542 469 1625 525; x_wconf 76' lang='lat' dir='ltr'><strong>illam</strong></span> <span class='ocrx_word' id='word_1_25' title='bbox 1650 470 1750 527; x_wconf 79' lang='grc'><strong>6661161.</strong></span> <span class='ocrx_word' id='word_1_26' title='bbox 1777 488 1803 527; x_wconf 88' lang='grc'><strong>6.</strong></span> 
     </span>
     <span class='ocr_line' id='line_1_4' title="bbox 103 554 1803 629; baseline 0.001 -18"><span class='ocrx_word' id='word_1_27' title='bbox 103 562 149 611; x_wconf 89' lang='lat' dir='ltr'><strong>eet</strong></span> <span class='ocrx_word' id='word_1_28' title='bbox 166 555 350 626; x_wconf 71' lang='lat' dir='ltr'><strong>inaequalitas</strong></span> <span class='ocrx_word' id='word_1_29' title='bbox 367 555 440 609; x_wconf 86' lang='lat' dir='ltr'><strong>inter</strong></span> <span class='ocrx_word' id='word_1_30' title='bbox 457 555 585 610; x_wconf 84' lang='lat' dir='ltr'><strong>meritam</strong></span> <span class='ocrx_word' id='word_1_31' title='bbox 602 560 631 610; x_wconf 85' lang='lat' dir='ltr'><strong>et</strong></span> <span class='ocrx_word' id='word_1_32' title='bbox 648 570 771 625; x_wconf 85' lang='lat' dir='ltr'><strong>uxorem,</strong></span> <span class='ocrx_word' id='word_1_33' title='bbox 788 554 938 625; x_wconf 79' lang='grc'><strong>66616666-</strong></span> <span class='ocrx_word' id='word_1_34' title='bbox 966 554 1052 611; x_wconf 82' lang='lat' dir='ltr'><strong>Nihil.</strong></span> <span class='ocrx_word' id='word_1_35' title='bbox 1080 572 1154 613; x_wconf 84' lang='grc'><strong>6666.</strong></span> <span class='ocrx_word' id='word_1_36' title='bbox 1184 562 1214 611; x_wconf 86' lang='grc'><strong>61</strong></span> <span class='ocrx_word' id='word_1_37' title='bbox 1238 562 1346 627; x_wconf 74' lang='lat' dir='ltr'><strong>quaeat</strong></span> <span class='ocrx_word' id='word_1_38' title='bbox 1370 556 1432 614; x_wconf 85' lang='lat' dir='ltr'><strong>iied</strong></span> <span class='ocrx_word' id='word_1_39' title='bbox 1457 573 1492 613; x_wconf 88' lang='lat' dir='ltr'><strong>er</strong></span> <span class='ocrx_word' id='word_1_40' title='bbox 1514 555 1690 629; x_wconf 75' lang='lat' dir='ltr'><strong>Anguatinoz</strong></span> <span class='ocrx_word' id='word_1_41' title='bbox 1720 558 1803 613; x_wconf 74' lang='lat' dir='ltr'><strong>Nilei</strong></span> 
     </span>
     <span class='ocr_line' id='line_1_5' title="bbox 103 640 1802 715; baseline 0.002 -20"><span class='ocrx_word' id='word_1_42' title='bbox 103 648 164 695; x_wconf 91' lang='lat' dir='ltr'><strong>tum</strong></span> <span class='ocrx_word' id='word_1_43' title='bbox 176 641 214 697; x_wconf 86' lang='lat' dir='ltr'><strong>ad</strong></span> <span class='ocrx_word' id='word_1_44' title='bbox 225 640 308 698; x_wconf 79' lang='lat' dir='ltr'><strong>fidem</strong></span> <span class='ocrx_word' id='word_1_45' title='bbox 321 648 351 696; x_wconf 89' lang='lat' dir='ltr'><strong>et</strong></span> <span class='ocrx_word' id='word_1_46' title='bbox 361 641 486 696; x_wconf 77' lang='lat' dir='ltr'><strong>debitum</strong></span> <span class='ocrx_word' id='word_1_47' title='bbox 498 641 645 713; x_wconf 85' lang='lat' dir='ltr'><strong>conjugale</strong></span> <span class='ocrx_word' id='word_1_48' title='bbox 653 640 733 696; x_wconf 85' lang='lat' dir='ltr'><strong>viret</strong></span> <span class='ocrx_word' id='word_1_49' title='bbox 741 640 846 696; x_wconf 80' lang='lat' dir='ltr'><strong>femina</strong></span> <span class='ocrx_word' id='word_1_50' title='bbox 858 656 940 711; x_wconf 80' lang='lat' dir='ltr'><strong>parea</strong></span> <span class='ocrx_word' id='word_1_51' title='bbox 966 644 1092 715; x_wconf 74' lang='grc'><strong>16166166</strong></span> <span class='ocrx_word' id='word_1_52' title='bbox 1107 651 1149 697; x_wconf 82' lang='grc'><strong>661</strong></span> <span class='ocrx_word' id='word_1_53' title='bbox 1166 660 1251 714; x_wconf 81' lang='lat' dir='ltr'><strong>quam</strong></span> <span class='ocrx_word' id='word_1_54' title='bbox 1267 660 1357 697; x_wconf 79' lang='lat' dir='ltr'><strong>cauea</strong></span> <span class='ocrx_word' id='word_1_55' title='bbox 1371 644 1573 707; x_wconf 74' lang='grc' dir='ltr'><strong>[οι-6166116616</strong></span> <span class='ocrx_word' id='word_1_56' title='bbox 1585 643 1726 699; x_wconf 63' lang='lat' dir='ltr'><strong>&amp;uittae</strong></span> <span class='ocrx_word' id='word_1_57' title='bbox 1737 662 1802 700; x_wconf 74' lang='lat' dir='ltr'><strong>aaa</strong></span> 
     </span>
     <span class='ocr_line' id='line_1_6' title="bbox 103 727 1802 799; baseline 0.002 -16"><span class='ocrx_word' id='word_1_58' title='bbox 103 736 178 786; x_wconf 89' lang='lat' dir='ltr'><strong>eunt.</strong></span> <span class='ocrx_word' id='word_1_59' title='bbox 215 727 271 782; x_wconf 82' lang='lat' dir='ltr'><strong>Cui</strong></span> <span class='ocrx_word' id='word_1_60' title='bbox 288 730 441 783; x_wconf 81' lang='lat' dir='ltr'><strong>reuerentia</strong></span> <span class='ocrx_word' id='word_1_61' title='bbox 461 729 591 797; x_wconf 84' lang='lat' dir='ltr'><strong>debetur,</strong></span> <span class='ocrx_word' id='word_1_62' title='bbox 612 729 643 782; x_wconf 77' lang='lat' dir='ltr'><strong>in</strong></span> <span class='ocrx_word' id='word_1_63' title='bbox 654 729 706 797; x_wconf 86' lang='lat' dir='ltr'><strong>jue</strong></span> <span class='ocrx_word' id='word_1_64' title='bbox 723 728 822 781; x_wconf 81' lang='lat' dir='ltr'><strong>uocari</strong></span> <span class='ocrx_word' id='word_1_65' title='bbox 835 728 938 798; x_wconf 78' lang='grc'><strong>666611,</strong></span> <span class='ocrx_word' id='word_1_66' title='bbox 966 744 1034 799; x_wconf 88' lang='lat' dir='ltr'><strong>rem,</strong></span> <span class='ocrx_word' id='word_1_67' title='bbox 1052 730 1081 784; x_wconf 84' lang='lat' dir='ltr'><strong>ei</strong></span> <span class='ocrx_word' id='word_1_68' title='bbox 1095 738 1122 785; x_wconf 88' lang='lat' dir='ltr'><strong>et</strong></span> <span class='ocrx_word' id='word_1_69' title='bbox 1138 730 1199 799; x_wconf 73' lang='lat' dir='ltr'><strong>ipae</strong></span> <span class='ocrx_word' id='word_1_70' title='bbox 1217 730 1392 785; x_wconf 77' lang='lat' dir='ltr'><strong>conuincitur</strong></span> <span class='ocrx_word' id='word_1_71' title='bbox 1403 729 1568 798; x_wconf 71' lang='lat' dir='ltr'><strong>fornicari,</strong></span> <span class='ocrx_word' id='word_1_72' title='bbox 1585 732 1708 784; x_wconf 81' lang='lat' dir='ltr'><strong>occurrit</strong></span> <span class='ocrx_word' id='word_1_73' title='bbox 1727 733 1802 786; x_wconf 76' lang='lat' dir='ltr'><strong>enim</strong></span> 
     </span>
     <span class='ocr_line' id='line_1_7' title="bbox 102 811 1801 889; baseline 0.003 -22"><span class='ocrx_word' id='word_1_74' title='bbox 102 814 163 870; x_wconf 86' lang='grc'><strong>6166</strong></span> <span class='ocrx_word' id='word_1_75' title='bbox 185 816 267 885; x_wconf 85' lang='lat' dir='ltr'><strong>jueeu</strong></span> <span class='ocrx_word' id='word_1_76' title='bbox 295 814 403 869; x_wconf 86' lang='lat' dir='ltr'><strong>ecilicet</strong></span> <span class='ocrx_word' id='word_1_77' title='bbox 438 814 573 885; x_wconf 82' lang='lat' dir='ltr'><strong>praetoria</strong></span> <span class='ocrx_word' id='word_1_78' title='bbox 599 813 617 872; x_wconf 87' lang='lat' dir='ltr'><strong>l.</strong></span> <span class='ocrx_word' id='word_1_79' title='bbox 646 813 813 885; x_wconf 87' lang='lat' dir='ltr'><strong>generaliter</strong></span> <span class='ocrx_word' id='word_1_80' title='bbox 839 818 879 869; x_wconf 91' lang='grc'><strong>13.</strong></span> <span class='ocrx_word' id='word_1_81' title='bbox 905 811 936 866; x_wconf 87' lang='lat' dir='ltr'><strong>li&#39;.</strong></span> <span class='ocrx_word' id='word_1_82' title='bbox 966 816 1049 883; x_wconf 73' lang='lat' dir='ltr'><strong>utne,</strong></span> <span class='ocrx_word' id='word_1_83' title='bbox 1066 816 1097 870; x_wconf 75' lang='lat' dir='ltr'><strong>ia</strong></span> <span class='ocrx_word' id='word_1_84' title='bbox 1113 834 1170 889; x_wconf 78' lang='lat' dir='ltr'><strong>quo</strong></span> <span class='ocrx_word' id='word_1_85' title='bbox 1186 816 1308 871; x_wconf 84' lang='lat' dir='ltr'><strong>aiterum</strong></span> <span class='ocrx_word' id='word_1_86' title='bbox 1324 816 1448 883; x_wconf 74' lang='lat' dir='ltr'><strong>iudicor,</strong></span> <span class='ocrx_word' id='word_1_87' title='bbox 1469 822 1495 869; x_wconf 89' lang='lat' dir='ltr'><strong>te</strong></span> <span class='ocrx_word' id='word_1_88' title='bbox 1515 816 1606 886; x_wconf 71' lang='grc'><strong>16666</strong></span> <span class='ocrx_word' id='word_1_89' title='bbox 1623 818 1801 887; x_wconf 76' lang='grc'><strong>6666666666,</strong></span> 
     </span>
     <span class='ocr_line' id='line_1_8' title="bbox 103 899 1800 974; baseline 0.001 -18"><span class='ocrx_word' id='word_1_90' title='bbox 103 901 140 957; x_wconf 88' lang='grc'><strong>(16</strong></span> <span class='ocrx_word' id='word_1_91' title='bbox 158 901 187 955; x_wconf 91' lang='grc'><strong>16</strong></span> <span class='ocrx_word' id='word_1_92' title='bbox 202 902 251 972; x_wconf 84' lang='lat' dir='ltr'><strong>jue</strong></span> <span class='ocrx_word' id='word_1_93' title='bbox 270 901 404 957; x_wconf 83' lang='lat' dir='ltr'><strong>vocando.</strong></span> <span class='ocrx_word' id='word_1_94' title='bbox 432 901 520 971; x_wconf 79' lang='lat' dir='ltr'><strong>Atqui</strong></span> <span class='ocrx_word' id='word_1_95' title='bbox 534 902 617 971; x_wconf 79' lang='lat' dir='ltr'><strong>jueeu</strong></span> <span class='ocrx_word' id='word_1_96' title='bbox 628 908 657 955; x_wconf 87' lang='lat' dir='ltr'><strong>et</strong></span> <span class='ocrx_word' id='word_1_97' title='bbox 672 901 839 955; x_wconf 85' lang='lat' dir='ltr'><strong>auctoritate</strong></span> <span class='ocrx_word' id='word_1_98' title='bbox 851 899 937 971; x_wconf 86' lang='lat' dir='ltr'><strong>magi·</strong></span> <span class='ocrx_word' id='word_1_99' title='bbox 965 905 1064 957; x_wconf 82' lang='lat' dir='ltr'><strong>eadem</strong></span> <span class='ocrx_word' id='word_1_100' title='bbox 1081 904 1154 958; x_wconf 83' lang='lat' dir='ltr'><strong>enim</strong></span> <span class='ocrx_word' id='word_1_101' title='bbox 1173 904 1246 974; x_wconf 74' lang='grc'><strong>6616,</strong></span> <span class='ocrx_word' id='word_1_102' title='bbox 1264 918 1338 973; x_wconf 82' lang='lat' dir='ltr'><strong>quae</strong></span> <span class='ocrx_word' id='word_1_103' title='bbox 1356 910 1387 956; x_wconf 86' lang='grc'><strong>16</strong></span> <span class='ocrx_word' id='word_1_104' title='bbox 1392 902 1521 971; x_wconf 62' lang='lat' dir='ltr'><strong>judaeae,</strong></span> <span class='ocrx_word' id='word_1_105' title='bbox 1538 910 1710 972; x_wconf 78' lang='lat' dir='ltr'><strong>quapropter</strong></span> <span class='ocrx_word' id='word_1_106' title='bbox 1724 904 1800 974; x_wconf 75' lang='grc'><strong>6616·</strong></span> 
     </span>
     <span class='ocr_line' id='line_1_9' title="bbox 103 985 1798 1060; baseline 0 -17"><span class='ocrx_word' id='word_1_107' title='bbox 103 994 207 1043; x_wconf 84' lang='lat' dir='ltr'><strong>etratue</strong></span> <span class='ocrx_word' id='word_1_108' title='bbox 225 987 386 1043; x_wconf 71' lang='lat' dir='ltr'><strong>mulieribus</strong></span> <span class='ocrx_word' id='word_1_109' title='bbox 396 987 463 1041; x_wconf 80' lang='lat' dir='ltr'><strong>deta</strong></span> <span class='ocrx_word' id='word_1_110' title='bbox 475 991 518 1041; x_wconf 87' lang='lat' dir='ltr'><strong>eet</strong></span> <span class='ocrx_word' id='word_1_111' title='bbox 534 992 657 1058; x_wconf 73' lang='lat' dir='ltr'><strong>potentat</strong></span> <span class='ocrx_word' id='word_1_112' title='bbox 671 986 785 1041; x_wconf 76' lang='grc'><strong>66661166</strong></span> <span class='ocrx_word' id='word_1_113' title='bbox 796 985 938 1042; x_wconf 74' lang='lat' dir='ltr'><strong>eduum</strong></span> <span class='ocrx_word' id='word_1_114' title='bbox 963 991 1027 1060; x_wconf 79' lang='lat' dir='ltr'><strong>quie</strong></span> <span class='ocrx_word' id='word_1_115' title='bbox 1044 989 1247 1055; x_wconf 60' lang='lat' dir='ltr'><strong>{amicationis</strong></span> <span class='ocrx_word' id='word_1_116' title='bbox 1264 1005 1352 1044; x_wconf 82' lang='lat' dir='ltr'><strong>cauea</strong></span> <span class='ocrx_word' id='word_1_117' title='bbox 1369 988 1428 1042; x_wconf 84' lang='lat' dir='ltr'><strong>oult</strong></span> <span class='ocrx_word' id='word_1_118' title='bbox 1443 989 1567 1058; x_wconf 78' lang='lat' dir='ltr'><strong>abjicere</strong></span> <span class='ocrx_word' id='word_1_119' title='bbox 1583 1005 1699 1043; x_wconf 75' lang='grc'><strong>6666666</strong></span> <span class='ocrx_word' id='word_1_120' title='bbox 1709 1006 1798 1055; x_wconf 71' lang='lat' dir='ltr'><strong>ruam,</strong></span> 
     </span>
     <span class='ocr_line' id='line_1_10' title="bbox 103 1074 1797 1147; baseline 0.001 -18"><span class='ocrx_word' id='word_1_121' title='bbox 103 1074 265 1130; x_wconf 76' lang='lat' dir='ltr'><strong>accurandi.</strong></span> <span class='ocrx_word' id='word_1_122' title='bbox 962 1078 1045 1147; x_wconf 87' lang='lat' dir='ltr'><strong>prior</strong></span> <span class='ocrx_word' id='word_1_123' title='bbox 1062 1077 1142 1131; x_wconf 79' lang='lat' dir='ltr'><strong>delet</strong></span> <span class='ocrx_word' id='word_1_124' title='bbox 1160 1093 1218 1131; x_wconf 85' lang='grc'><strong>6666</strong></span> <span class='ocrx_word' id='word_1_125' title='bbox 1232 1095 1252 1128; x_wconf 92' lang='grc'><strong>6</strong></span> <span class='ocrx_word' id='word_1_126' title='bbox 1267 1076 1456 1138; x_wconf 75' lang='lat' dir='ltr'><strong>fornicatione</strong></span> <span class='ocrx_word' id='word_1_127' title='bbox 1465 1083 1606 1146; x_wconf 77' lang='lat' dir='ltr'><strong>perpetue</strong></span> <span class='ocrx_word' id='word_1_128' title='bbox 1617 1076 1797 1141; x_wconf 77' lang='grc'><strong>6116666616,</strong></span> 
     </span>
    </p>

    <p class='ocr_par' dir='ltr' id='par_1_3' title="bbox 49 1159 1797 1242">
     <span class='ocr_line' id='line_1_11' title="bbox 49 1159 1797 1242; baseline 0.001 -25"><span class='ocrx_word' id='word_1_129' title='bbox 49 1180 68 1242; x_wconf 80' lang='lat'><strong>,¹¹</strong></span> <span class='ocrx_word' id='word_1_130' title='bbox 139 1167 200 1217; x_wconf 84' lang='grc'><strong>621.</strong></span> <span class='ocrx_word' id='word_1_131' title='bbox 234 1159 383 1226; x_wconf 81' lang='lat' dir='ltr'><strong>Quaeritur</strong></span> <span class='ocrx_word' id='word_1_132' title='bbox 395 1168 419 1216; x_wconf 79' lang='lat'><strong>5.</strong></span> <span class='ocrx_word' id='word_1_133' title='bbox 432 1161 685 1233; x_wconf 74' lang='lat' dir='ltr'><strong>qumeaceptionee</strong></span> <span class='ocrx_word' id='word_1_134' title='bbox 694 1177 780 1214; x_wconf 85' lang='lat' dir='ltr'><strong>cauea</strong></span> <span class='ocrx_word' id='word_1_135' title='bbox 791 1159 938 1223; x_wconf 82' lang='lat' dir='ltr'><strong>adulterii,</strong></span> <span class='ocrx_word' id='word_1_136' title='bbox 963 1165 1042 1235; x_wconf 78' lang='lat' dir='ltr'><strong>quod</strong></span> <span class='ocrx_word' id='word_1_137' title='bbox 1066 1163 1197 1217; x_wconf 69' lang='lat' dir='ltr'><strong>similata</strong></span> <span class='ocrx_word' id='word_1_138' title='bbox 1215 1163 1299 1216; x_wconf 74' lang='grc'><strong>611666</strong></span> <span class='ocrx_word' id='word_1_139' title='bbox 1317 1163 1354 1215; x_wconf 86' lang='lat' dir='ltr'><strong>de</strong></span> <span class='ocrx_word' id='word_1_140' title='bbox 1367 1162 1483 1229; x_wconf 80' lang='lat' dir='ltr'><strong>femina</strong></span> <span class='ocrx_word' id='word_1_141' title='bbox 1499 1163 1629 1217; x_wconf 71' lang='grc'><strong>61166616.</strong></span> <span class='ocrx_word' id='word_1_142' title='bbox 1664 1161 1797 1218; x_wconf 59' lang='lat' dir='ltr'><strong>&amp;aarum</strong></span> 
     </span>
    </p>

    <p class='ocr_par' dir='ltr' id='par_1_4' title="bbox 49 1226 1797 1319">
     <span class='ocr_line' id='line_1_12' title="bbox 49 1226 1797 1319; baseline -0.004 -17"><span class='ocrx_word' id='word_1_143' title='bbox 49 1226 91 1314; x_wconf 56' lang='lat' dir='ltr'><strong>if}</strong></span> <span class='ocrx_word' id='word_1_144' title='bbox 104 1266 160 1319; x_wconf 86' lang='grc'><strong>666</strong></span> <span class='ocrx_word' id='word_1_145' title='bbox 192 1248 283 1301; x_wconf 84' lang='lat' dir='ltr'><strong>minue</strong></span> <span class='ocrx_word' id='word_1_146' title='bbox 311 1257 434 1318; x_wconf 85' lang='lat' dir='ltr'><strong>propter</strong></span> <span class='ocrx_word' id='word_1_147' title='bbox 465 1263 526 1301; x_wconf 89' lang='lat' dir='ltr'><strong>eam</strong></span> <span class='ocrx_word' id='word_1_148' title='bbox 560 1247 712 1301; x_wconf 71' lang='lat' dir='ltr'><strong>divortium</strong></span> <span class='ocrx_word' id='word_1_149' title='bbox 742 1248 809 1309; x_wconf 75' lang='grc'><strong>11661</strong></span> <span class='ocrx_word' id='word_1_150' title='bbox 836 1246 936 1316; x_wconf 79' lang='lat' dir='ltr'><strong>poerit,</strong></span> <span class='ocrx_word' id='word_1_151' title='bbox 963 1251 992 1305; x_wconf 83' lang='lat' dir='ltr'><strong>in</strong></span> <span class='ocrx_word' id='word_1_152' title='bbox 1009 1250 1056 1305; x_wconf 82' lang='lat' dir='ltr'><strong>lib,</strong></span> <span class='ocrx_word' id='word_1_153' title='bbox 1074 1250 1109 1305; x_wconf 73' lang='lat' dir='ltr'><strong>da</strong></span> <span class='ocrx_word' id='word_1_154' title='bbox 1126 1247 1244 1305; x_wconf 65' lang='lat' dir='ltr'><strong>maurim,</strong></span> <span class='ocrx_word' id='word_1_155' title='bbox 1264 1247 1348 1303; x_wconf 79' lang='lat' dir='ltr'><strong>dicit:</strong></span> <span class='ocrx_word' id='word_1_156' title='bbox 1367 1248 1493 1301; x_wconf 65' lang='grc'><strong>,11661166</strong></span> <span class='ocrx_word' id='word_1_157' title='bbox 1510 1248 1626 1303; x_wconf 55' lang='lat' dir='ltr'><strong>adama</strong></span> <span class='ocrx_word' id='word_1_158' title='bbox 1644 1266 1700 1303; x_wconf 73' lang='lat' dir='ltr'><strong>m</strong></span> <span class='ocrx_word' id='word_1_159' title='bbox 1714 1250 1797 1306; x_wconf 60' lang='grc'><strong>1614</strong></span> 
     </span>
    </p>

    <p class='ocr_par' dir='ltr' id='par_1_5' title="bbox 49 1327 1923 5577">
     <span class='ocr_line' id='line_1_13' title="bbox 49 1327 1923 1419; baseline 0.002 -32"><span class='ocrx_word' id='word_1_160' title='bbox 49 1327 83 1419; x_wconf 54' lang='grc' dir='ltr'><strong>ζίέ</strong></span> <span class='ocrx_word' id='word_1_161' title='bbox 103 1333 258 1388; x_wconf 72' lang='lat' dir='ltr'><strong>admittat!</strong></span> <span class='ocrx_word' id='word_1_162' title='bbox 289 1334 375 1388; x_wconf 86' lang='lat' dir='ltr'><strong>Recte</strong></span> <span class='ocrx_word' id='word_1_163' title='bbox 400 1334 577 1388; x_wconf 73' lang='lat' dir='ltr'><strong>innocentius</strong></span> <span class='ocrx_word' id='word_1_164' title='bbox 602 1351 627 1388; x_wconf 93' lang='lat' dir='ltr'><strong>c.</strong></span> <span class='ocrx_word' id='word_1_165' title='bbox 647 1332 840 1388; x_wconf 69' lang='lat' dir='ltr'><strong>discretionem</strong></span> <span class='ocrx_word' id='word_1_166' title='bbox 857 1351 882 1387; x_wconf 89' lang='lat' dir='ltr'><strong>r.</strong></span> <span class='ocrx_word' id='word_1_167' title='bbox 900 1332 936 1387; x_wconf 90' lang='lat' dir='ltr'><strong>de</strong></span> <span class='ocrx_word' id='word_1_168' title='bbox 956 1338 1008 1406; x_wconf 82' lang='lat' dir='ltr'><strong>jue</strong></span> <span class='ocrx_word' id='word_1_169' title='bbox 1032 1336 1193 1391; x_wconf 76' lang='grc'><strong>6166616661</strong></span> <span class='ocrx_word' id='word_1_170' title='bbox 1208 1336 1245 1389; x_wconf 80' lang='lat' dir='ltr'><strong>ab</strong></span> <span class='ocrx_word' id='word_1_171' title='bbox 1261 1335 1407 1399; x_wconf 73' lang='grc'><strong>66611666,</strong></span> <span class='ocrx_word' id='word_1_172' title='bbox 1431 1352 1515 1404; x_wconf 77' lang='lat' dir='ltr'><strong>picam</strong></span> <span class='ocrx_word' id='word_1_173' title='bbox 1534 1336 1630 1389; x_wconf 78' lang='lat' dir='ltr'><strong>docuit</strong></span> <span class='ocrx_word' id='word_1_174' title='bbox 1648 1336 1795 1406; x_wconf 74' lang='grc'><strong>1666661161-</strong></span> <span class='ocrx_word' id='word_1_175' title='bbox 1809 1347 1863 1393; x_wconf 82' lang='lat' dir='ltr'><strong>m</strong></span> <span class='ocrx_word' id='word_1_176' title='bbox 1875 1346 1923 1391; x_wconf 71' lang='lat' dir='ltr'><strong>m</strong></span> 
     </span>
     <span class='ocr_line' id='line_1_14' title="bbox 101 1420 1796 1493; baseline 0.001 -16"><span class='ocrx_word' id='word_1_177' title='bbox 101 1438 136 1477; x_wconf 90' lang='lat' dir='ltr'><strong>eo</strong></span> <span class='ocrx_word' id='word_1_178' title='bbox 154 1421 294 1493; x_wconf 86' lang='grc'><strong>6616666.</strong></span> <span class='ocrx_word' id='word_1_179' title='bbox 313 1438 358 1474; x_wconf 83' lang='lat' dir='ltr'><strong>ur.</strong></span> <span class='ocrx_word' id='word_1_180' title='bbox 377 1434 474 1493; x_wconf 83' lang='lat' dir='ltr'><strong>cogn:</strong></span> <span class='ocrx_word' id='word_1_181' title='bbox 494 1421 561 1475; x_wconf 72' lang='lat' dir='ltr'><strong>Eiet</strong></span> <span class='ocrx_word' id='word_1_182' title='bbox 576 1423 728 1474; x_wconf 74' lang='lat' dir='ltr'><strong>secundum</strong></span> <span class='ocrx_word' id='word_1_183' title='bbox 746 1420 935 1488; x_wconf 75' lang='lat' dir='ltr'><strong>eoanqelicom</strong></span> <span class='ocrx_word' id='word_1_184' title='bbox 961 1424 1038 1479; x_wconf 88' lang='lat' dir='ltr'><strong>tiam.</strong></span> <span class='ocrx_word' id='word_1_185' title='bbox 1072 1421 1286 1477; x_wconf 83' lang='lat' dir='ltr'><strong>Panormitanue</strong></span> <span class='ocrx_word' id='word_1_186' title='bbox 1307 1421 1392 1476; x_wconf 87' lang='lat' dir='ltr'><strong>etiam</strong></span> <span class='ocrx_word' id='word_1_187' title='bbox 1412 1429 1479 1492; x_wconf 82' lang='lat' dir='ltr'><strong>poet</strong></span> <span class='ocrx_word' id='word_1_188' title='bbox 1499 1422 1667 1476; x_wconf 78' lang='grc'><strong>6661661166</strong></span> <span class='ocrx_word' id='word_1_189' title='bbox 1691 1425 1729 1477; x_wconf 81' lang='lat' dir='ltr'><strong>de</strong></span> <span class='ocrx_word' id='word_1_190' title='bbox 1752 1424 1796 1478; x_wconf 84' lang='lat' dir='ltr'><strong>di-</strong></span> 
     </span>
     <span class='ocr_line' id='line_1_15' title="bbox 99 1506 1798 1577; baseline 0.001 -14"><span class='ocrx_word' id='word_1_191' title='bbox 99 1509 245 1563; x_wconf 83' lang='lat' dir='ltr'><strong>oeritatem</strong></span> <span class='ocrx_word' id='word_1_192' title='bbox 263 1525 404 1577; x_wconf 68' lang='lat' dir='ltr'><strong>neutiquam</strong></span> <span class='ocrx_word' id='word_1_193' title='bbox 430 1509 488 1561; x_wconf 82' lang='lat' dir='ltr'><strong>aiei</strong></span> <span class='ocrx_word' id='word_1_194' title='bbox 504 1516 625 1577; x_wconf 86' lang='lat' dir='ltr'><strong>propter</strong></span> <span class='ocrx_word' id='word_1_195' title='bbox 641 1506 850 1575; x_wconf 69' lang='lat' dir='ltr'><strong>&#39;fornicationis</strong></span> <span class='ocrx_word' id='word_1_196' title='bbox 867 1524 933 1561; x_wconf 89' lang='lat' dir='ltr'><strong>cau·</strong></span> <span class='ocrx_word' id='word_1_197' title='bbox 961 1510 1051 1564; x_wconf 83' lang='lat' dir='ltr'><strong>certio</strong></span> <span class='ocrx_word' id='word_1_198' title='bbox 1077 1510 1169 1564; x_wconf 87' lang='lat' dir='ltr'><strong>latam</strong></span> <span class='ocrx_word' id='word_1_199' title='bbox 1190 1508 1381 1576; x_wconf 74' lang='lat' dir='ltr'><strong>redinteprari</strong></span> <span class='ocrx_word' id='word_1_200' title='bbox 1404 1507 1611 1562; x_wconf 74' lang='lat' dir='ltr'><strong>matrimonium</strong></span> <span class='ocrx_word' id='word_1_201' title='bbox 1634 1514 1744 1577; x_wconf 83' lang='grc'><strong>666661,</strong></span> <span class='ocrx_word' id='word_1_202' title='bbox 1769 1512 1798 1564; x_wconf 83' lang='lat' dir='ltr'><strong>ei</strong></span> 
     </span>
     <span class='ocr_line' id='line_1_16' title="bbox 98 1593 1795 1665; baseline 0.002 -18"><span class='ocrx_word' id='word_1_203' title='bbox 98 1614 161 1649; x_wconf 79' lang='grc'><strong>6666</strong></span> <span class='ocrx_word' id='word_1_204' title='bbox 186 1602 236 1647; x_wconf 87' lang='lat' dir='ltr'><strong>aut</strong></span> <span class='ocrx_word' id='word_1_205' title='bbox 268 1594 313 1647; x_wconf 82' lang='lat' dir='ltr'><strong>eir</strong></span> <span class='ocrx_word' id='word_1_206' title='bbox 341 1610 462 1660; x_wconf 70' lang='lat' dir='ltr'><strong>uxorem,</strong></span> <span class='ocrx_word' id='word_1_207' title='bbox 486 1602 536 1647; x_wconf 91' lang='lat' dir='ltr'><strong>aut</strong></span> <span class='ocrx_word' id='word_1_208' title='bbox 569 1611 641 1648; x_wconf 75' lang='lat' dir='ltr'><strong>eaeor</strong></span> <span class='ocrx_word' id='word_1_209' title='bbox 668 1594 760 1664; x_wconf 80' lang='lat' dir='ltr'><strong>poerit</strong></span> <span class='ocrx_word' id='word_1_210' title='bbox 793 1593 934 1647; x_wconf 76' lang='lat' dir='ltr'><strong>dimittere</strong></span> <span class='ocrx_word' id='word_1_211' title='bbox 959 1596 1139 1665; x_wconf 77' lang='lat' dir='ltr'><strong>eupereeaiat</strong></span> <span class='ocrx_word' id='word_1_212' title='bbox 1160 1595 1334 1649; x_wconf 82' lang='lat' dir='ltr'><strong>adulterium</strong></span> <span class='ocrx_word' id='word_1_213' title='bbox 1357 1614 1376 1648; x_wconf 92' lang='lat' dir='ltr'><strong>a</strong></span> <span class='ocrx_word' id='word_1_214' title='bbox 1398 1601 1485 1663; x_wconf 84' lang='lat' dir='ltr'><strong>parte</strong></span> <span class='ocrx_word' id='word_1_215' title='bbox 1513 1594 1609 1659; x_wconf 78' lang='grc'><strong>611166,</strong></span> <span class='ocrx_word' id='word_1_216' title='bbox 1633 1594 1684 1663; x_wconf 78' lang='grc'><strong>661</strong></span> <span class='ocrx_word' id='word_1_217' title='bbox 1701 1597 1795 1651; x_wconf 82' lang='lat' dir='ltr'><strong>diuor-</strong></span> 
     </span>
     <span class='ocr_line' id='line_1_17' title="bbox 98 1680 1795 1752; baseline 0.001 -17"><span class='ocrx_word' id='word_1_218' title='bbox 98 1682 199 1750; x_wconf 80' lang='lat' dir='ltr'><strong>eirum,</strong></span> <span class='ocrx_word' id='word_1_219' title='bbox 222 1697 277 1737; x_wconf 89' lang='grc'><strong>666</strong></span> <span class='ocrx_word' id='word_1_220' title='bbox 299 1687 389 1734; x_wconf 84' lang='grc'><strong>16666</strong></span> <span class='ocrx_word' id='word_1_221' title='bbox 415 1697 526 1750; x_wconf 86' lang='lat' dir='ltr'><strong>eemper</strong></span> <span class='ocrx_word' id='word_1_222' title='bbox 538 1689 662 1751; x_wconf 84' lang='lat' dir='ltr'><strong>propter</strong></span> <span class='ocrx_word' id='word_1_223' title='bbox 680 1683 798 1735; x_wconf 80' lang='lat' dir='ltr'><strong>eandem</strong></span> <span class='ocrx_word' id='word_1_224' title='bbox 818 1698 933 1734; x_wconf 81' lang='lat' dir='ltr'><strong>caueam</strong></span> <span class='ocrx_word' id='word_1_225' title='bbox 961 1683 1030 1736; x_wconf 89' lang='lat' dir='ltr'><strong>tium</strong></span> <span class='ocrx_word' id='word_1_226' title='bbox 1049 1681 1183 1752; x_wconf 86' lang='lat' dir='ltr'><strong>petierat.</strong></span> <span class='ocrx_word' id='word_1_227' title='bbox 1237 1680 1367 1736; x_wconf 86' lang='lat' dir='ltr'><strong>Ceterum</strong></span> <span class='ocrx_word' id='word_1_228' title='bbox 1384 1680 1458 1735; x_wconf 88' lang='lat' dir='ltr'><strong>banc</strong></span> <span class='ocrx_word' id='word_1_229' title='bbox 1475 1680 1665 1751; x_wconf 83' lang='lat' dir='ltr'><strong>exceptionem</strong></span> <span class='ocrx_word' id='word_1_230' title='bbox 1681 1680 1795 1752; x_wconf 89' lang='lat' dir='ltr'><strong>quidam</strong></span> 
     </span>
     <span class='ocr_line' id='line_1_18' title="bbox 99 1765 1796 1840; baseline 0.001 -18"><span class='ocrx_word' id='word_1_231' title='bbox 99 1768 144 1823; x_wconf 83' lang='lat' dir='ltr'><strong>vel</strong></span> <span class='ocrx_word' id='word_1_232' title='bbox 164 1785 236 1821; x_wconf 76' lang='lat' dir='ltr'><strong>uror</strong></span> <span class='ocrx_word' id='word_1_233' title='bbox 260 1768 367 1834; x_wconf 84' lang='lat' dir='ltr'><strong>virum,</strong></span> <span class='ocrx_word' id='word_1_234' title='bbox 389 1769 433 1823; x_wconf 83' lang='lat' dir='ltr'><strong>ecl</strong></span> <span class='ocrx_word' id='word_1_235' title='bbox 453 1769 497 1821; x_wconf 83' lang='lat' dir='ltr'><strong>uir</strong></span> <span class='ocrx_word' id='word_1_236' title='bbox 526 1769 666 1822; x_wconf 68' lang='lat' dir='ltr'><strong>dimittae</strong></span> <span class='ocrx_word' id='word_1_237' title='bbox 688 1776 782 1838; x_wconf 71' lang='lat' dir='ltr'><strong>potest</strong></span> <span class='ocrx_word' id='word_1_238' title='bbox 810 1784 933 1835; x_wconf 73' lang='lat' dir='ltr'><strong>acorem,</strong></span> <span class='ocrx_word' id='word_1_239' title='bbox 960 1775 1060 1840; x_wconf 86' lang='lat' dir='ltr'><strong>putant</strong></span> <span class='ocrx_word' id='word_1_240' title='bbox 1076 1766 1258 1834; x_wconf 80' lang='lat' dir='ltr'><strong>limitandum,</strong></span> <span class='ocrx_word' id='word_1_241' title='bbox 1275 1767 1350 1838; x_wconf 92' lang='lat' dir='ltr'><strong>quod</strong></span> <span class='ocrx_word' id='word_1_242' title='bbox 1365 1767 1553 1838; x_wconf 73' lang='lat' dir='ltr'><strong>compensatio</strong></span> <span class='ocrx_word' id='word_1_243' title='bbox 1571 1765 1796 1823; x_wconf 83' lang='lat' dir='ltr'><strong>illadelictorum</strong></span> 
     </span>
     <span class='ocr_line' id='line_1_19' title="bbox 99 1853 1795 1924; baseline 0.002 -18"><span class='ocrx_word' id='word_1_244' title='bbox 99 1853 932 1924; x_wconf 72' lang='grc' dir='ltr'><strong>66666666666611666661666116611666166616ιαί1666-</strong></span> <span class='ocrx_word' id='word_1_245' title='bbox 961 1874 1017 1912; x_wconf 90' lang='lat' dir='ltr'><strong>non</strong></span> <span class='ocrx_word' id='word_1_246' title='bbox 1043 1855 1148 1911; x_wconf 87' lang='lat' dir='ltr'><strong>habeat</strong></span> <span class='ocrx_word' id='word_1_247' title='bbox 1172 1855 1278 1921; x_wconf 82' lang='lat' dir='ltr'><strong>locum,</strong></span> <span class='ocrx_word' id='word_1_248' title='bbox 1305 1856 1333 1909; x_wconf 85' lang='lat' dir='ltr'><strong>ri</strong></span> <span class='ocrx_word' id='word_1_249' title='bbox 1352 1855 1427 1909; x_wconf 88' lang='lat' dir='ltr'><strong>alter</strong></span> <span class='ocrx_word' id='word_1_250' title='bbox 1451 1855 1601 1924; x_wconf 69' lang='lat' dir='ltr'><strong>conjugum</strong></span> <span class='ocrx_word' id='word_1_251' title='bbox 1622 1855 1710 1909; x_wconf 81' lang='lat' dir='ltr'><strong>eitam</strong></span> <span class='ocrx_word' id='word_1_252' title='bbox 1734 1873 1795 1910; x_wconf 85' lang='lat' dir='ltr'><strong>cor·</strong></span> 
     </span>
     <span class='ocr_line' id='line_1_20' title="bbox 102 1939 1794 2012; baseline 0.001 -17"><span class='ocrx_word' id='word_1_253' title='bbox 102 1942 170 1997; x_wconf 81' lang='lat' dir='ltr'><strong>diri.</strong></span> <span class='ocrx_word' id='word_1_254' title='bbox 211 1940 395 1996; x_wconf 85' lang='lat' dir='ltr'><strong>Bellarminue</strong></span> <span class='ocrx_word' id='word_1_255' title='bbox 423 1939 471 1994; x_wconf 91' lang='lat' dir='ltr'><strong>lib.</strong></span> <span class='ocrx_word' id='word_1_256' title='bbox 490 1941 526 1996; x_wconf 90' lang='grc'><strong>(16</strong></span> <span class='ocrx_word' id='word_1_257' title='bbox 551 1943 663 2012; x_wconf 81' lang='lat' dir='ltr'><strong>conjug.</strong></span> <span class='ocrx_word' id='word_1_258' title='bbox 690 1957 753 2012; x_wconf 88' lang='lat' dir='ltr'><strong>cap.</strong></span> <span class='ocrx_word' id='word_1_259' title='bbox 774 1947 813 1997; x_wconf 84' lang='grc'><strong>14.</strong></span> <span class='ocrx_word' id='word_1_260' title='bbox 832 1956 932 1996; x_wconf 81' lang='lat' dir='ltr'><strong>caueae</strong></span> <span class='ocrx_word' id='word_1_261' title='bbox 960 1942 1079 2007; x_wconf 67' lang='lat' dir='ltr'><strong>rexerit,</strong></span> <span class='ocrx_word' id='word_1_262' title='bbox 1103 1952 1187 2012; x_wconf 84' lang='grc'><strong>61666</strong></span> <span class='ocrx_word' id='word_1_263' title='bbox 1211 1942 1287 1996; x_wconf 87' lang='lat' dir='ltr'><strong>alter</strong></span> <span class='ocrx_word' id='word_1_264' title='bbox 1312 1942 1423 1996; x_wconf 78' lang='lat' dir='ltr'><strong>interim</strong></span> <span class='ocrx_word' id='word_1_265' title='bbox 1441 1941 1655 1995; x_wconf 77' lang='lat' dir='ltr'><strong>inemendabilia</strong></span> <span class='ocrx_word' id='word_1_266' title='bbox 1673 1952 1794 2001; x_wconf 78' lang='grc'><strong>6666661.</strong></span> 
     </span>
     <span class='ocr_line' id='line_1_21' title="bbox 99 2026 1794 2098; baseline 0.002 -17"><span class='ocrx_word' id='word_1_267' title='bbox 99 2027 175 2095; x_wconf 84' lang='lat' dir='ltr'><strong>illae,</strong></span> <span class='ocrx_word' id='word_1_268' title='bbox 202 2034 315 2098; x_wconf 87' lang='lat' dir='ltr'><strong>propter</strong></span> <span class='ocrx_word' id='word_1_269' title='bbox 337 2043 407 2097; x_wconf 88' lang='grc'><strong>6666</strong></span> <span class='ocrx_word' id='word_1_270' title='bbox 423 2026 571 2082; x_wconf 83' lang='lat' dir='ltr'><strong>divortium</strong></span> <span class='ocrx_word' id='word_1_271' title='bbox 596 2028 625 2081; x_wconf 94' lang='lat' dir='ltr'><strong>in</strong></span> <span class='ocrx_word' id='word_1_272' title='bbox 643 2044 728 2082; x_wconf 84' lang='grc'><strong>66666</strong></span> <span class='ocrx_word' id='word_1_273' title='bbox 745 2026 933 2083; x_wconf 85' lang='lat' dir='ltr'><strong>fornicationie</strong></span> <span class='ocrx_word' id='word_1_274' title='bbox 960 2028 1200 2095; x_wconf 74' lang='lat' dir='ltr'><strong>Quemadmodum</strong></span> <span class='ocrx_word' id='word_1_275' title='bbox 1219 2028 1294 2083; x_wconf 88' lang='lat' dir='ltr'><strong>enim</strong></span> <span class='ocrx_word' id='word_1_276' title='bbox 1314 2026 1414 2084; x_wconf 87' lang='lat' dir='ltr'><strong>medici</strong></span> <span class='ocrx_word' id='word_1_277' title='bbox 1434 2027 1536 2083; x_wconf 83' lang='lat' dir='ltr'><strong>affecta</strong></span> <span class='ocrx_word' id='word_1_278' title='bbox 1552 2027 1677 2083; x_wconf 90' lang='lat' dir='ltr'><strong>membra</strong></span> <span class='ocrx_word' id='word_1_279' title='bbox 1694 2029 1794 2086; x_wconf 84' lang='lat' dir='ltr'><strong>incor-</strong></span> 
     </span>
     <span class='ocr_line' id='line_1_22' title="bbox 100 2113 1794 2187; baseline 0.002 -18"><span class='ocrx_word' id='word_1_280' title='bbox 100 2113 150 2169; x_wconf 83' lang='lat' dir='ltr'><strong>fiet</strong></span> <span class='ocrx_word' id='word_1_281' title='bbox 161 2114 299 2179; x_wconf 89' lang='lat' dir='ltr'><strong>illicitum,</strong></span> <span class='ocrx_word' id='word_1_282' title='bbox 317 2113 483 2184; x_wconf 88' lang='lat' dir='ltr'><strong>adquatuor</strong></span> <span class='ocrx_word' id='word_1_283' title='bbox 497 2113 591 2184; x_wconf 87' lang='lat' dir='ltr'><strong>capita</strong></span> <span class='ocrx_word' id='word_1_284' title='bbox 603 2121 733 2169; x_wconf 83' lang='lat' dir='ltr'><strong>revocat:</strong></span> <span class='ocrx_word' id='word_1_285' title='bbox 751 2119 775 2169; x_wconf 89' lang='lat'><strong>1.</strong></span> <span class='ocrx_word' id='word_1_286' title='bbox 793 2115 821 2168; x_wconf 84' lang='lat' dir='ltr'><strong>ei</strong></span> <span class='ocrx_word' id='word_1_287' title='bbox 837 2114 932 2182; x_wconf 79' lang='lat' dir='ltr'><strong>somi-</strong></span> <span class='ocrx_word' id='word_1_288' title='bbox 960 2132 1027 2187; x_wconf 85' lang='lat' dir='ltr'><strong>pore</strong></span> <span class='ocrx_word' id='word_1_289' title='bbox 1049 2116 1172 2170; x_wconf 77' lang='lat' dir='ltr'><strong>hammo</strong></span> <span class='ocrx_word' id='word_1_290' title='bbox 1195 2120 1341 2183; x_wconf 80' lang='grc'><strong>66666166,</strong></span> <span class='ocrx_word' id='word_1_291' title='bbox 1368 2113 1437 2169; x_wconf 93' lang='lat' dir='ltr'><strong>illud</strong></span> <span class='ocrx_word' id='word_1_292' title='bbox 1462 2113 1538 2185; x_wconf 92' lang='lat' dir='ltr'><strong>quod</strong></span> <span class='ocrx_word' id='word_1_293' title='bbox 1559 2114 1730 2171; x_wconf 88' lang='lat' dir='ltr'><strong>curationem</strong></span> <span class='ocrx_word' id='word_1_294' title='bbox 1745 2117 1794 2172; x_wconf 81' lang='lat' dir='ltr'><strong>ad·</strong></span> 
     </span>
     <span class='ocr_line' id='line_1_23' title="bbox 99 2194 1794 2275; baseline 0.001 -20"><span class='ocrx_word' id='word_1_295' title='bbox 99 2202 173 2255; x_wconf 88' lang='lat' dir='ltr'><strong>catio</strong></span> <span class='ocrx_word' id='word_1_296' title='bbox 202 2200 293 2265; x_wconf 74' lang='lat' dir='ltr'><strong>fecerit</strong></span> <span class='ocrx_word' id='word_1_297' title='bbox 318 2200 379 2253; x_wconf 85' lang='lat' dir='ltr'><strong>eine</strong></span> <span class='ocrx_word' id='word_1_298' title='bbox 411 2200 527 2253; x_wconf 87' lang='lat' dir='ltr'><strong>crimine</strong></span> <span class='ocrx_word' id='word_1_299' title='bbox 555 2208 580 2253; x_wconf 90' lang='lat' dir='ltr'><strong>et</strong></span> <span class='ocrx_word' id='word_1_300' title='bbox 604 2202 728 2270; x_wconf 81' lang='lat' dir='ltr'><strong>proinde</strong></span> <span class='ocrx_word' id='word_1_301' title='bbox 759 2217 815 2254; x_wconf 88' lang='lat' dir='ltr'><strong>non</strong></span> <span class='ocrx_word' id='word_1_302' title='bbox 842 2200 933 2264; x_wconf 77' lang='lat' dir='ltr'><strong>fuerit</strong></span> <span class='ocrx_word' id='word_1_303' title='bbox 960 2202 1052 2272; x_wconf 81' lang='lat' dir='ltr'><strong>mittit,</strong></span> <span class='ocrx_word' id='word_1_304' title='bbox 1067 2202 1162 2257; x_wconf 81' lang='lat' dir='ltr'><strong>fovent</strong></span> <span class='ocrx_word' id='word_1_305' title='bbox 1180 2194 1478 2269; x_wconf 73' lang='lat' dir='ltr'><strong>elconeerrautquod</strong></span> <span class='ocrx_word' id='word_1_306' title='bbox 1492 2199 1794 2275; x_wconf 76' lang='lat' dir='ltr'><strong>autemindieemagia</strong></span> 
     </span>
     <span class='ocr_line' id='line_1_24' title="bbox 99 2286 1793 2362; baseline 0.002 -21"><span class='ocrx_word' id='word_1_307' title='bbox 99 2289 158 2341; x_wconf 82' lang='lat' dir='ltr'><strong>aiei</strong></span> <span class='ocrx_word' id='word_1_308' title='bbox 174 2287 348 2356; x_wconf 78' lang='lat' dir='ltr'><strong>materialia,</strong></span> <span class='ocrx_word' id='word_1_309' title='bbox 366 2294 396 2339; x_wconf 91' lang='lat' dir='ltr'><strong>ut</strong></span> <span class='ocrx_word' id='word_1_310' title='bbox 410 2287 438 2340; x_wconf 83' lang='lat' dir='ltr'><strong>ei</strong></span> <span class='ocrx_word' id='word_1_311' title='bbox 455 2287 556 2341; x_wconf 80' lang='grc'><strong>6661166·</strong></span> <span class='ocrx_word' id='word_1_312' title='bbox 572 2288 628 2341; x_wconf 83' lang='lat' dir='ltr'><strong>vim</strong></span> <span class='ocrx_word' id='word_1_313' title='bbox 643 2306 733 2360; x_wconf 80' lang='lat' dir='ltr'><strong>paean</strong></span> <span class='ocrx_word' id='word_1_314' title='bbox 751 2288 859 2357; x_wconf 55' lang='lat' dir='ltr'><strong>sacrm</strong></span> <span class='ocrx_word' id='word_1_315' title='bbox 882 2296 932 2341; x_wconf 80' lang='lat' dir='ltr'><strong>ant</strong></span> <span class='ocrx_word' id='word_1_316' title='bbox 959 2290 1105 2362; x_wconf 73' lang='lat' dir='ltr'><strong>magisque</strong></span> <span class='ocrx_word' id='word_1_317' title='bbox 1128 2288 1265 2360; x_wconf 70' lang='lat' dir='ltr'><strong>putrescit</strong></span> <span class='ocrx_word' id='word_1_318' title='bbox 1282 2295 1312 2344; x_wconf 86' lang='lat' dir='ltr'><strong>et</strong></span> <span class='ocrx_word' id='word_1_319' title='bbox 1329 2286 1483 2343; x_wconf 81' lang='lat' dir='ltr'><strong>inamabile</strong></span> <span class='ocrx_word' id='word_1_320' title='bbox 1500 2292 1658 2357; x_wconf 85' lang='lat' dir='ltr'><strong>permanet,</strong></span> <span class='ocrx_word' id='word_1_321' title='bbox 1684 2288 1793 2345; x_wconf 77' lang='lat' dir='ltr'><strong>abacia·</strong></span> 
     </span>
     <span class='ocr_line' id='line_1_25' title="bbox 98 2372 1793 2448; baseline 0 -18"><span class='ocrx_word' id='word_1_322' title='bbox 98 2395 133 2430; x_wconf 78' lang='lat' dir='ltr'><strong>er.</strong></span> <span class='ocrx_word' id='word_1_323' title='bbox 161 2373 324 2442; x_wconf 74' lang='grc'><strong>1966666116</strong></span> <span class='ocrx_word' id='word_1_324' title='bbox 354 2392 415 2426; x_wconf 89' lang='lat' dir='ltr'><strong>cum</strong></span> <span class='ocrx_word' id='word_1_325' title='bbox 446 2390 477 2427; x_wconf 90' lang='lat' dir='ltr'><strong>eo</strong></span> <span class='ocrx_word' id='word_1_326' title='bbox 504 2390 563 2428; x_wconf 89' lang='lat' dir='ltr'><strong>rem</strong></span> <span class='ocrx_word' id='word_1_327' title='bbox 589 2376 701 2445; x_wconf 78' lang='lat' dir='ltr'><strong>babuit,</strong></span> <span class='ocrx_word' id='word_1_328' title='bbox 733 2392 813 2444; x_wconf 83' lang='lat' dir='ltr'><strong>quem</strong></span> <span class='ocrx_word' id='word_1_329' title='bbox 840 2375 930 2428; x_wconf 85' lang='lat' dir='ltr'><strong>uirum</strong></span> <span class='ocrx_word' id='word_1_330' title='bbox 959 2376 1040 2444; x_wconf 81' lang='lat' dir='ltr'><strong>dunt3</strong></span> <span class='ocrx_word' id='word_1_331' title='bbox 1060 2376 1101 2431; x_wconf 87' lang='lat' dir='ltr'><strong>ita</strong></span> <span class='ocrx_word' id='word_1_332' title='bbox 1119 2376 1299 2448; x_wconf 69' lang='lat' dir='ltr'><strong>magistratus</strong></span> <span class='ocrx_word' id='word_1_333' title='bbox 1316 2372 1488 2444; x_wconf 84' lang='lat' dir='ltr'><strong>reipublicae</strong></span> <span class='ocrx_word' id='word_1_334' title='bbox 1500 2373 1623 2428; x_wconf 81' lang='lat' dir='ltr'><strong>medicae</strong></span> <span class='ocrx_word' id='word_1_335' title='bbox 1636 2378 1793 2447; x_wconf 82' lang='lat' dir='ltr'><strong>conjugem,</strong></span> 
     </span>
     <span class='ocr_line' id='line_1_26' title="bbox 97 2459 1793 2534; baseline 0.001 -19"><span class='ocrx_word' id='word_1_336' title='bbox 97 2480 181 2515; x_wconf 83' lang='lat' dir='ltr'><strong>raum</strong></span> <span class='ocrx_word' id='word_1_337' title='bbox 203 2478 262 2516; x_wconf 86' lang='grc'><strong>6666</strong></span> <span class='ocrx_word' id='word_1_338' title='bbox 289 2462 437 2525; x_wconf 84' lang='lat' dir='ltr'><strong>eredclat;</strong></span> <span class='ocrx_word' id='word_1_339' title='bbox 470 2464 495 2516; x_wconf 77' lang='lat'><strong>2.</strong></span> <span class='ocrx_word' id='word_1_340' title='bbox 521 2462 548 2514; x_wconf 84' lang='lat' dir='ltr'><strong>ri</strong></span> <span class='ocrx_word' id='word_1_341' title='bbox 572 2470 686 2532; x_wconf 84' lang='lat' dir='ltr'><strong>uterque</strong></span> <span class='ocrx_word' id='word_1_342' title='bbox 712 2463 815 2531; x_wconf 64' lang='lat' dir='ltr'><strong>conjux</strong></span> <span class='ocrx_word' id='word_1_343' title='bbox 837 2464 932 2515; x_wconf 81' lang='lat' dir='ltr'><strong>eodem</strong></span> <span class='ocrx_word' id='word_1_344' title='bbox 959 2463 1007 2534; x_wconf 89' lang='lat' dir='ltr'><strong>qui</strong></span> <span class='ocrx_word' id='word_1_345' title='bbox 1024 2461 1062 2516; x_wconf 89' lang='lat' dir='ltr'><strong>ad</strong></span> <span class='ocrx_word' id='word_1_346' title='bbox 1081 2462 1222 2517; x_wconf 90' lang='lat' dir='ltr'><strong>meliorem</strong></span> <span class='ocrx_word' id='word_1_347' title='bbox 1239 2460 1351 2532; x_wconf 78' lang='lat' dir='ltr'><strong>frugem</strong></span> <span class='ocrx_word' id='word_1_348' title='bbox 1370 2478 1401 2516; x_wconf 89' lang='grc'><strong>66</strong></span> <span class='ocrx_word' id='word_1_349' title='bbox 1418 2460 1532 2531; x_wconf 68' lang='lat' dir='ltr'><strong>recepit,</strong></span> <span class='ocrx_word' id='word_1_350' title='bbox 1550 2459 1587 2515; x_wconf 90' lang='lat' dir='ltr'><strong>ab</strong></span> <span class='ocrx_word' id='word_1_351' title='bbox 1606 2460 1696 2517; x_wconf 85' lang='lat' dir='ltr'><strong>altera</strong></span> <span class='ocrx_word' id='word_1_352' title='bbox 1712 2470 1793 2533; x_wconf 86' lang='lat' dir='ltr'><strong>parte</strong></span> 
     </span>
     <span class='ocr_line' id='line_1_27' title="bbox 97 2545 1792 2622; baseline 0.002 -20"><span class='ocrx_word' id='word_1_353' title='bbox 97 2549 216 2602; x_wconf 88' lang='lat' dir='ltr'><strong>crimine</strong></span> <span class='ocrx_word' id='word_1_354' title='bbox 247 2555 390 2614; x_wconf 83' lang='lat' dir='ltr'><strong>teneatur;</strong></span> <span class='ocrx_word' id='word_1_355' title='bbox 421 2552 448 2603; x_wconf 82' lang='lat'><strong>3.</strong></span> <span class='ocrx_word' id='word_1_356' title='bbox 475 2550 502 2602; x_wconf 89' lang='lat' dir='ltr'><strong>ei</strong></span> <span class='ocrx_word' id='word_1_357' title='bbox 515 2557 583 2618; x_wconf 82' lang='lat' dir='ltr'><strong>poet</strong></span> <span class='ocrx_word' id='word_1_358' title='bbox 606 2551 745 2619; x_wconf 78' lang='lat' dir='ltr'><strong>capnitum</strong></span> <span class='ocrx_word' id='word_1_359' title='bbox 760 2548 931 2603; x_wconf 75' lang='lat' dir='ltr'><strong>numerian</strong></span> <span class='ocrx_word' id='word_1_360' title='bbox 959 2548 1156 2605; x_wconf 86' lang='lat' dir='ltr'><strong>inemendabili</strong></span> <span class='ocrx_word' id='word_1_361' title='bbox 1173 2549 1291 2604; x_wconf 85' lang='lat' dir='ltr'><strong>liberare</strong></span> <span class='ocrx_word' id='word_1_362' title='bbox 1307 2552 1405 2617; x_wconf 79' lang='lat' dir='ltr'><strong>potest</strong></span> <span class='ocrx_word' id='word_1_363' title='bbox 1435 2545 1596 2602; x_wconf 81' lang='lat' dir='ltr'><strong>Notandum</strong></span> <span class='ocrx_word' id='word_1_364' title='bbox 1606 2548 1700 2613; x_wconf 89' lang='lat' dir='ltr'><strong>etiam,</strong></span> <span class='ocrx_word' id='word_1_365' title='bbox 1718 2551 1792 2622; x_wconf 90' lang='lat' dir='ltr'><strong>quod</strong></span> 
     </span>
     <span class='ocr_line' id='line_1_28' title="bbox 98 2632 1793 2706; baseline 0.002 -17"><span class='ocrx_word' id='word_1_366' title='bbox 98 2637 230 2706; x_wconf 75' lang='lat' dir='ltr'><strong>conjnqie</strong></span> <span class='ocrx_word' id='word_1_367' title='bbox 256 2654 318 2689; x_wconf 89' lang='lat' dir='ltr'><strong>cum</strong></span> <span class='ocrx_word' id='word_1_368' title='bbox 341 2652 373 2688; x_wconf 89' lang='lat' dir='ltr'><strong>eo</strong></span> <span class='ocrx_word' id='word_1_369' title='bbox 395 2652 454 2688; x_wconf 89' lang='lat' dir='ltr'><strong>rem</strong></span> <span class='ocrx_word' id='word_1_370' title='bbox 474 2636 619 2705; x_wconf 64' lang='lat' dir='ltr'><strong>tabaria·</strong></span> <span class='ocrx_word' id='word_1_371' title='bbox 657 2642 682 2693; x_wconf 74' lang='grc'><strong>1.</strong></span> <span class='ocrx_word' id='word_1_372' title='bbox 704 2637 733 2691; x_wconf 81' lang='lat' dir='ltr'><strong>ri</strong></span> <span class='ocrx_word' id='word_1_373' title='bbox 753 2643 853 2691; x_wconf 88' lang='lat' dir='ltr'><strong>auctor</strong></span> <span class='ocrx_word' id='word_1_374' title='bbox 867 2636 932 2697; x_wconf 76' lang='lat' dir='ltr'><strong>⁵fntt</strong></span> <span class='ocrx_word' id='word_1_375' title='bbox 958 2641 1055 2690; x_wconf 88' lang='lat' dir='ltr'><strong>mutua</strong></span> <span class='ocrx_word' id='word_1_376' title='bbox 1075 2635 1123 2689; x_wconf 86' lang='lat' dir='ltr'><strong>illa</strong></span> <span class='ocrx_word' id='word_1_377' title='bbox 1144 2633 1368 2705; x_wconf 79' lang='lat' dir='ltr'><strong>compeneatione</strong></span> <span class='ocrx_word' id='word_1_378' title='bbox 1382 2632 1571 2704; x_wconf 73' lang='lat' dir='ltr'><strong>jurisdictioni</strong></span> <span class='ocrx_word' id='word_1_379' title='bbox 1589 2633 1720 2705; x_wconf 82' lang='lat' dir='ltr'><strong>politicae</strong></span> <span class='ocrx_word' id='word_1_380' title='bbox 1737 2652 1793 2691; x_wconf 88' lang='grc'><strong>666</strong></span> 
     </span>
     <span class='ocr_line' id='line_1_29' title="bbox 98 2718 1792 2795; baseline 0 -18"><span class='ocrx_word' id='word_1_381' title='bbox 98 2725 223 2792; x_wconf 75' lang='lat' dir='ltr'><strong>conjnqi,</strong></span> <span class='ocrx_word' id='word_1_382' title='bbox 241 2731 272 2776; x_wconf 89' lang='grc'><strong>61</strong></span> <span class='ocrx_word' id='word_1_383' title='bbox 282 2723 488 2789; x_wconf 77' lang='lat' dir='ltr'><strong>fornicaretur.</strong></span> <span class='ocrx_word' id='word_1_384' title='bbox 517 2723 598 2788; x_wconf 86' lang='lat' dir='ltr'><strong>Quod</strong></span> <span class='ocrx_word' id='word_1_385' title='bbox 610 2724 727 2795; x_wconf 84' lang='lat' dir='ltr'><strong>primam</strong></span> <span class='ocrx_word' id='word_1_386' title='bbox 740 2723 931 2794; x_wconf 84' lang='lat' dir='ltr'><strong>exceptionem</strong></span> <span class='ocrx_word' id='word_1_387' title='bbox 957 2722 1118 2777; x_wconf 81' lang='lat' dir='ltr'><strong>detrahetur</strong></span> <span class='ocrx_word' id='word_1_388' title='bbox 1134 2720 1182 2789; x_wconf 85' lang='lat' dir='ltr'><strong>jue</strong></span> <span class='ocrx_word' id='word_1_389' title='bbox 1198 2718 1437 2775; x_wconf 82' lang='lat' dir='ltr'><strong>animadvertendi</strong></span> <span class='ocrx_word' id='word_1_390' title='bbox 1453 2719 1483 2773; x_wconf 93' lang='lat' dir='ltr'><strong>in</strong></span> <span class='ocrx_word' id='word_1_391' title='bbox 1494 2724 1643 2791; x_wconf 89' lang='lat' dir='ltr'><strong>utrumque</strong></span> <span class='ocrx_word' id='word_1_392' title='bbox 1656 2719 1792 2777; x_wconf 79' lang='lat' dir='ltr'><strong>facinoro-</strong></span> 
     </span>
     <span class='ocr_line' id='line_1_30' title="bbox 97 2806 1792 2881; baseline 0 -16"><span class='ocrx_word' id='word_1_393' title='bbox 97 2809 257 2878; x_wconf 89' lang='lat' dir='ltr'><strong>concernit,</strong></span> <span class='ocrx_word' id='word_1_394' title='bbox 283 2826 317 2864; x_wconf 89' lang='lat' dir='ltr'><strong>ea</strong></span> <span class='ocrx_word' id='word_1_395' title='bbox 339 2816 526 2865; x_wconf 72' lang='lat' dir='ltr'><strong>consentanea</strong></span> <span class='ocrx_word' id='word_1_396' title='bbox 548 2815 592 2865; x_wconf 88' lang='grc'><strong>661</strong></span> <span class='ocrx_word' id='word_1_397' title='bbox 607 2809 665 2881; x_wconf 87' lang='lat' dir='ltr'><strong>jari</strong></span> <span class='ocrx_word' id='word_1_398' title='bbox 690 2816 720 2866; x_wconf 91' lang='lat' dir='ltr'><strong>et</strong></span> <span class='ocrx_word' id='word_1_399' title='bbox 736 2809 845 2881; x_wconf 75' lang='lat' dir='ltr'><strong>legibue</strong></span> <span class='ocrx_word' id='word_1_400' title='bbox 864 2809 881 2863; x_wconf 90' lang='lat' dir='ltr'><strong>l</strong></span> <span class='ocrx_word' id='word_1_401' title='bbox 900 2808 930 2864; x_wconf 86' lang='lat' dir='ltr'><strong>Si</strong></span> <span class='ocrx_word' id='word_1_402' title='bbox 958 2826 1027 2873; x_wconf 88' lang='lat' dir='ltr'><strong>eum,</strong></span> <span class='ocrx_word' id='word_1_403' title='bbox 1048 2808 1160 2863; x_wconf 86' lang='lat' dir='ltr'><strong>uterd.</strong></span> <span class='ocrx_word' id='word_1_404' title='bbox 1173 2806 1378 2863; x_wconf 81' lang='lat' dir='ltr'><strong>l.8iuroretc</strong></span> <span class='ocrx_word' id='word_1_405' title='bbox 1389 2806 1561 2878; x_wconf 79' lang='lat' dir='ltr'><strong>intelligitur.</strong></span> <span class='ocrx_word' id='word_1_406' title='bbox 1577 2806 1701 2863; x_wconf 82' lang='lat' dir='ltr'><strong>Tertiam</strong></span> <span class='ocrx_word' id='word_1_407' title='bbox 1714 2824 1792 2865; x_wconf 78' lang='lat' dir='ltr'><strong>exue</strong></span> 
     </span>
     <span class='ocr_line' id='line_1_31' title="bbox 97 2891 1791 2971; baseline 0.001 -19"><span class='ocrx_word' id='word_1_408' title='bbox 97 2915 168 2952; x_wconf 87' lang='lat' dir='ltr'><strong>uror</strong></span> <span class='ocrx_word' id='word_1_409' title='bbox 188 2903 227 2952; x_wconf 88' lang='grc'><strong>13.</strong></span> <span class='ocrx_word' id='word_1_410' title='bbox 244 2893 272 2970; x_wconf 94' lang='lat'><strong>5.</strong></span> <span class='ocrx_word' id='word_1_411' title='bbox 309 2895 339 2951; x_wconf 91' lang='lat' dir='ltr'><strong>Si</strong></span> <span class='ocrx_word' id='word_1_412' title='bbox 359 2896 465 2966; x_wconf 85' lang='grc'><strong>66167.</strong></span> <span class='ocrx_word' id='word_1_413' title='bbox 485 2895 514 2950; x_wconf 81' lang='lat' dir='ltr'><strong>ff.</strong></span> <span class='ocrx_word' id='word_1_414' title='bbox 535 2895 570 2950; x_wconf 88' lang='lat' dir='ltr'><strong>ad</strong></span> <span class='ocrx_word' id='word_1_415' title='bbox 596 2896 690 2952; x_wconf 79' lang='grc'><strong>1161.</strong></span> <span class='ocrx_word' id='word_1_416' title='bbox 710 2896 746 2952; x_wconf 91' lang='lat' dir='ltr'><strong>de</strong></span> <span class='ocrx_word' id='word_1_417' title='bbox 763 2895 863 2951; x_wconf 85' lang='lat' dir='ltr'><strong>adult:</strong></span> <span class='ocrx_word' id='word_1_418' title='bbox 882 2896 929 2949; x_wconf 84' lang='lat' dir='ltr'><strong>Ita</strong></span> <span class='ocrx_word' id='word_1_419' title='bbox 956 2896 1079 2967; x_wconf 88' lang='lat' dir='ltr'><strong>ptionem</strong></span> <span class='ocrx_word' id='word_1_420' title='bbox 1103 2895 1240 2967; x_wconf 82' lang='lat' dir='ltr'><strong>approbat</strong></span> <span class='ocrx_word' id='word_1_421' title='bbox 1258 2893 1442 2950; x_wconf 76' lang='grc' dir='ltr'><strong>(1666666νί66</strong></span> <span class='ocrx_word' id='word_1_422' title='bbox 1460 2900 1483 2949; x_wconf 81' lang='lat' dir='ltr'><strong>t.</strong></span> <span class='ocrx_word' id='word_1_423' title='bbox 1509 2894 1545 2949; x_wconf 88' lang='lat' dir='ltr'><strong>de</strong></span> <span class='ocrx_word' id='word_1_424' title='bbox 1564 2911 1656 2965; x_wconf 77' lang='lat' dir='ltr'><strong>epona</strong></span> <span class='ocrx_word' id='word_1_425' title='bbox 1676 2900 1701 2951; x_wconf 92' lang='grc'><strong>6.</strong></span> <span class='ocrx_word' id='word_1_426' title='bbox 1719 2891 1747 2971; x_wconf 83' lang='lat'>5</span> <span class='ocrx_word' id='word_1_427' title='bbox 1766 2901 1791 2953; x_wconf 92' lang='grc'><strong>6.</strong></span> 
     </span>
     <span class='ocr_line' id='line_1_32' title="bbox 96 2981 1792 3054; baseline -0.001 -16"><span class='ocrx_word' id='word_1_428' title='bbox 96 2987 209 3039; x_wconf 55' lang='lat' dir='ltr'><strong>aarum</strong></span> <span class='ocrx_word' id='word_1_429' title='bbox 221 2983 393 3037; x_wconf 80' lang='lat' dir='ltr'><strong>adulterium</strong></span> <span class='ocrx_word' id='word_1_430' title='bbox 403 2983 929 3049; x_wconf 76' lang='lat' dir='ltr'><strong>maritaevendicabiteioimloetium</strong></span> <span class='ocrx_word' id='word_1_431' title='bbox 956 3000 1028 3054; x_wconf 88' lang='grc'><strong>6666</strong></span> <span class='ocrx_word' id='word_1_432' title='bbox 1052 2983 1149 3039; x_wconf 87' lang='lat' dir='ltr'><strong>nititur</strong></span> <span class='ocrx_word' id='word_1_433' title='bbox 1165 2982 1273 3038; x_wconf 86' lang='lat' dir='ltr'><strong>ratione</strong></span> <span class='ocrx_word' id='word_1_434' title='bbox 1291 2998 1337 3049; x_wconf 86' lang='lat' dir='ltr'><strong>ea,</strong></span> <span class='ocrx_word' id='word_1_435' title='bbox 1362 2981 1579 3053; x_wconf 83' lang='lat' dir='ltr'><strong>quodmaritue</strong></span> <span class='ocrx_word' id='word_1_436' title='bbox 1595 2982 1710 3052; x_wconf 75' lang='grc'><strong>6616616</strong></span> <span class='ocrx_word' id='word_1_437' title='bbox 1727 3000 1792 3039; x_wconf 80' lang='grc'><strong>666·</strong></span> 
     </span>
     <span class='ocr_line' id='line_1_33' title="bbox 95 3070 1790 3143; baseline 0.001 -20"><span class='ocrx_word' id='word_1_438' title='bbox 95 3088 166 3126; x_wconf 77' lang='lat' dir='ltr'><strong>recor</strong></span> <span class='ocrx_word' id='word_1_439' title='bbox 183 3087 272 3140; x_wconf 81' lang='lat' dir='ltr'><strong>pareo</strong></span> <span class='ocrx_word' id='word_1_440' title='bbox 299 3087 354 3123; x_wconf 88' lang='grc'><strong>666</strong></span> <span class='ocrx_word' id='word_1_441' title='bbox 382 3077 465 3135; x_wconf 85' lang='grc'><strong>66661,</strong></span> <span class='ocrx_word' id='word_1_442' title='bbox 501 3078 621 3125; x_wconf 84' lang='lat' dir='ltr'><strong>ceterum</strong></span> <span class='ocrx_word' id='word_1_443' title='bbox 649 3088 721 3141; x_wconf 86' lang='lat' dir='ltr'><strong>quae</strong></span> <span class='ocrx_word' id='word_1_444' title='bbox 737 3072 792 3125; x_wconf 84' lang='lat' dir='ltr'><strong>eim</strong></span> <span class='ocrx_word' id='word_1_445' title='bbox 806 3072 929 3140; x_wconf 82' lang='lat' dir='ltr'><strong>patitur,</strong></span> <span class='ocrx_word' id='word_1_446' title='bbox 956 3073 1077 3125; x_wconf 77' lang='grc'><strong>61666666</strong></span> <span class='ocrx_word' id='word_1_447' title='bbox 1093 3072 1177 3125; x_wconf 74' lang='lat' dir='ltr'><strong>uxori</strong></span> <span class='ocrx_word' id='word_1_448' title='bbox 1190 3076 1402 3143; x_wconf 71' lang='lat' dir='ltr'><strong>praesumatur,</strong></span> <span class='ocrx_word' id='word_1_449' title='bbox 1416 3070 1464 3122; x_wconf 89' lang='lat' dir='ltr'><strong>oui</strong></span> <span class='ocrx_word' id='word_1_450' title='bbox 1480 3070 1790 3139; x_wconf 58' lang='grc' dir='ltr'><strong>6666166ςηί666αᾶ6-</strong></span> 
     </span>
     <span class='ocr_line' id='line_1_34' title="bbox 94 3152 1792 3231; baseline 0.001 -19"><span class='ocrx_word' id='word_1_451' title='bbox 94 3176 150 3213; x_wconf 83' lang='lat' dir='ltr'><strong>non</strong></span> <span class='ocrx_word' id='word_1_452' title='bbox 170 3158 258 3212; x_wconf 82' lang='lat' dir='ltr'><strong>ertia</strong></span> <span class='ocrx_word' id='word_1_453' title='bbox 277 3165 472 3224; x_wconf 68' lang='grc'><strong>6666666661</strong></span> <span class='ocrx_word' id='word_1_454' title='bbox 491 3158 630 3213; x_wconf 78' lang='lat' dir='ltr'><strong>adulterii</strong></span> <span class='ocrx_word' id='word_1_455' title='bbox 645 3160 688 3212; x_wconf 86' lang='lat' dir='ltr'><strong>uel</strong></span> <span class='ocrx_word' id='word_1_456' title='bbox 706 3158 800 3228; x_wconf 73' lang='lat' dir='ltr'><strong>stupri</strong></span> <span class='ocrx_word' id='word_1_457' title='bbox 815 3160 928 3212; x_wconf 82' lang='lat' dir='ltr'><strong>damne-</strong></span> <span class='ocrx_word' id='word_1_458' title='bbox 954 3158 1055 3214; x_wconf 86' lang='lat' dir='ltr'><strong>terium</strong></span> <span class='ocrx_word' id='word_1_459' title='bbox 1072 3158 1249 3213; x_wconf 71' lang='lat' dir='ltr'><strong>cohabitavit.</strong></span> <span class='ocrx_word' id='word_1_460' title='bbox 1272 3154 1330 3213; x_wconf 80' lang='lat' dir='ltr'><strong>dl.</strong></span> <span class='ocrx_word' id='word_1_461' title='bbox 1347 3155 1522 3213; x_wconf 71' lang='lat' dir='ltr'><strong>eiurante.</strong></span> <span class='ocrx_word' id='word_1_462' title='bbox 1546 3152 1575 3231; x_wconf 87' lang='lat'>5</span> <span class='ocrx_word' id='word_1_463' title='bbox 1586 3156 1649 3211; x_wconf 83' lang='lat' dir='ltr'><strong>ult:</strong></span> <span class='ocrx_word' id='word_1_464' title='bbox 1662 3157 1792 3213; x_wconf 77' lang='lat' dir='ltr'><strong>Moritur</strong></span> 
     </span>
     <span class='ocr_line' id='line_1_35' title="bbox 95 3242 1791 3317; baseline 0.001 -18"><span class='ocrx_word' id='word_1_465' title='bbox 95 3252 148 3299; x_wconf 74' lang='lat' dir='ltr'><strong>mr.</strong></span> <span class='ocrx_word' id='word_1_466' title='bbox 199 3242 255 3300; x_wconf 93' lang='lat' dir='ltr'><strong>Ubi</strong></span> <span class='ocrx_word' id='word_1_467' title='bbox 275 3244 347 3299; x_wconf 90' lang='lat' dir='ltr'><strong>enim</strong></span> <span class='ocrx_word' id='word_1_468' title='bbox 371 3261 499 3299; x_wconf 86' lang='grc'><strong>66666666</strong></span> <span class='ocrx_word' id='word_1_469' title='bbox 525 3244 615 3312; x_wconf 85' lang='lat' dir='ltr'><strong>decet,</strong></span> <span class='ocrx_word' id='word_1_470' title='bbox 638 3244 678 3298; x_wconf 92' lang='lat' dir='ltr'><strong>ibi</strong></span> <span class='ocrx_word' id='word_1_471' title='bbox 706 3244 736 3298; x_wconf 95' lang='lat' dir='ltr'><strong>in</strong></span> <span class='ocrx_word' id='word_1_472' title='bbox 765 3242 825 3299; x_wconf 85' lang='lat' dir='ltr'><strong>foro</strong></span> <span class='ocrx_word' id='word_1_473' title='bbox 853 3244 927 3299; x_wconf 85' lang='lat' dir='ltr'><strong>civili</strong></span> <span class='ocrx_word' id='word_1_474' title='bbox 954 3252 1121 3317; x_wconf 72' lang='lat' dir='ltr'><strong>competiit</strong></span> <span class='ocrx_word' id='word_1_475' title='bbox 1138 3245 1233 3315; x_wconf 83' lang='lat' dir='ltr'><strong>etupri</strong></span> <span class='ocrx_word' id='word_1_476' title='bbox 1248 3259 1384 3298; x_wconf 78' lang='lat' dir='ltr'><strong>accurare</strong></span> <span class='ocrx_word' id='word_1_477' title='bbox 1401 3260 1472 3311; x_wconf 88' lang='lat' dir='ltr'><strong>eam,</strong></span> <span class='ocrx_word' id='word_1_478' title='bbox 1489 3260 1575 3313; x_wconf 81' lang='lat' dir='ltr'><strong>quam</strong></span> <span class='ocrx_word' id='word_1_479' title='bbox 1585 3252 1690 3313; x_wconf 83' lang='lat' dir='ltr'><strong>poetea</strong></span> <span class='ocrx_word' id='word_1_480' title='bbox 1709 3246 1791 3300; x_wconf 76' lang='lat' dir='ltr'><strong>duait</strong></span> 
     </span>
     <span class='ocr_line' id='line_1_36' title="bbox 95 3331 1790 3403; baseline 0.001 -17"><span class='ocrx_word' id='word_1_481' title='bbox 95 3331 181 3386; x_wconf 81' lang='grc'><strong>611666</strong></span> <span class='ocrx_word' id='word_1_482' title='bbox 200 3338 293 3385; x_wconf 85' lang='lat' dir='ltr'><strong>reatae</strong></span> <span class='ocrx_word' id='word_1_483' title='bbox 310 3336 339 3384; x_wconf 91' lang='lat' dir='ltr'><strong>et</strong></span> <span class='ocrx_word' id='word_1_484' title='bbox 353 3347 443 3401; x_wconf 89' lang='lat' dir='ltr'><strong>poena</strong></span> <span class='ocrx_word' id='word_1_485' title='bbox 456 3338 556 3395; x_wconf 87' lang='lat' dir='ltr'><strong>ceeeet,</strong></span> <span class='ocrx_word' id='word_1_486' title='bbox 574 3348 607 3385; x_wconf 89' lang='grc'><strong>66</strong></span> <span class='ocrx_word' id='word_1_487' title='bbox 619 3346 692 3403; x_wconf 89' lang='grc'><strong>6666</strong></span> <span class='ocrx_word' id='word_1_488' title='bbox 703 3348 753 3401; x_wconf 88' lang='lat' dir='ltr'><strong>per</strong></span> <span class='ocrx_word' id='word_1_489' title='bbox 764 3331 818 3385; x_wconf 84' lang='lat' dir='ltr'><strong>vim</strong></span> <span class='ocrx_word' id='word_1_490' title='bbox 831 3331 929 3386; x_wconf 84' lang='lat' dir='ltr'><strong>vitiata</strong></span> <span class='ocrx_word' id='word_1_491' title='bbox 955 3350 1075 3401; x_wconf 76' lang='lat' dir='ltr'><strong>uxorem,</strong></span> <span class='ocrx_word' id='word_1_492' title='bbox 1095 3350 1158 3386; x_wconf 84' lang='lat' dir='ltr'><strong>eero</strong></span> <span class='ocrx_word' id='word_1_493' title='bbox 1176 3332 1250 3385; x_wconf 75' lang='lat' dir='ltr'><strong>enim</strong></span> <span class='ocrx_word' id='word_1_494' title='bbox 1266 3338 1382 3384; x_wconf 78' lang='grc'><strong>6666661</strong></span> <span class='ocrx_word' id='word_1_495' title='bbox 1400 3347 1499 3398; x_wconf 79' lang='lat' dir='ltr'><strong>morer,</strong></span> <span class='ocrx_word' id='word_1_496' title='bbox 1519 3348 1589 3401; x_wconf 78' lang='lat' dir='ltr'><strong>quoe</strong></span> <span class='ocrx_word' id='word_1_497' title='bbox 1605 3347 1721 3386; x_wconf 74' lang='lat' dir='ltr'><strong>acorem</strong></span> <span class='ocrx_word' id='word_1_498' title='bbox 1738 3335 1790 3387; x_wconf 79' lang='lat' dir='ltr'><strong>det·</strong></span> 
     </span>
     <span class='ocr_line' id='line_1_37' title="bbox 95 3415 1789 3490; baseline 0.002 -16"><span class='ocrx_word' id='word_1_499' title='bbox 95 3424 151 3487; x_wconf 84' lang='grc'><strong>661,</strong></span> <span class='ocrx_word' id='word_1_500' title='bbox 178 3432 233 3472; x_wconf 92' lang='lat' dir='ltr'><strong>non</strong></span> <span class='ocrx_word' id='word_1_501' title='bbox 257 3423 349 3487; x_wconf 87' lang='lat' dir='ltr'><strong>poteet</strong></span> <span class='ocrx_word' id='word_1_502' title='bbox 378 3435 429 3488; x_wconf 88' lang='lat' dir='ltr'><strong>pro</strong></span> <span class='ocrx_word' id='word_1_503' title='bbox 460 3435 525 3472; x_wconf 81' lang='lat' dir='ltr'><strong>vere</strong></span> <span class='ocrx_word' id='word_1_504' title='bbox 542 3418 641 3473; x_wconf 79' lang='lat' dir='ltr'><strong>vitiata</strong></span> <span class='ocrx_word' id='word_1_505' title='bbox 658 3417 769 3485; x_wconf 83' lang='lat' dir='ltr'><strong>heberi,</strong></span> <span class='ocrx_word' id='word_1_506' title='bbox 792 3418 820 3471; x_wconf 91' lang='lat' dir='ltr'><strong>in</strong></span> <span class='ocrx_word' id='word_1_507' title='bbox 844 3435 927 3490; x_wconf 85' lang='lat' dir='ltr'><strong>quam</strong></span> <span class='ocrx_word' id='word_1_508' title='bbox 954 3423 1042 3475; x_wconf 81' lang='lat' dir='ltr'><strong>cende</strong></span> <span class='ocrx_word' id='word_1_509' title='bbox 1064 3419 1206 3490; x_wconf 81' lang='lat' dir='ltr'><strong>probavit.</strong></span> <span class='ocrx_word' id='word_1_510' title='bbox 1253 3415 1447 3488; x_wconf 88' lang='lat' dir='ltr'><strong>Hemmingiue</strong></span> <span class='ocrx_word' id='word_1_511' title='bbox 1476 3417 1511 3475; x_wconf 91' lang='lat' dir='ltr'><strong>de</strong></span> <span class='ocrx_word' id='word_1_512' title='bbox 1537 3417 1650 3490; x_wconf 87' lang='lat' dir='ltr'><strong>conjug.</strong></span> <span class='ocrx_word' id='word_1_513' title='bbox 1675 3436 1702 3489; x_wconf 79' lang='lat' dir='ltr'><strong>p</strong></span> <span class='ocrx_word' id='word_1_514' title='bbox 1731 3424 1789 3478; x_wconf 82' lang='lat' dir='ltr'><strong>let.</strong></span> 
     </span>
     <span class='ocr_line' id='line_1_38' title="bbox 95 3503 1790 3578; baseline 0.001 -17"><span class='ocrx_word' id='word_1_515' title='bbox 95 3503 260 3561; x_wconf 82' lang='grc'><strong>6661661166</strong></span> <span class='ocrx_word' id='word_1_516' title='bbox 279 3503 358 3558; x_wconf 88' lang='lat' dir='ltr'><strong>multi</strong></span> <span class='ocrx_word' id='word_1_517' title='bbox 377 3503 553 3558; x_wconf 87' lang='lat' dir='ltr'><strong>adducuntur</strong></span> <span class='ocrx_word' id='word_1_518' title='bbox 571 3519 691 3558; x_wconf 87' lang='grc'><strong>6666666</strong></span> <span class='ocrx_word' id='word_1_519' title='bbox 711 3518 786 3558; x_wconf 85' lang='lat' dir='ltr'><strong>caue.</strong></span> <span class='ocrx_word' id='word_1_520' title='bbox 805 3509 846 3559; x_wconf 85' lang='grc'><strong>31.</strong></span> <span class='ocrx_word' id='word_1_521' title='bbox 864 3522 890 3576; x_wconf 92' lang='lat' dir='ltr'><strong>q.</strong></span> <span class='ocrx_word' id='word_1_522' title='bbox 904 3511 927 3559; x_wconf 80' lang='lat'><strong>5.</strong></span> <span class='ocrx_word' id='word_1_523' title='bbox 954 3512 1052 3578; x_wconf 84' lang='lat' dir='ltr'><strong>negat,</strong></span> <span class='ocrx_word' id='word_1_524' title='bbox 1079 3506 1152 3561; x_wconf 80' lang='lat' dir='ltr'><strong>lianc</strong></span> <span class='ocrx_word' id='word_1_525' title='bbox 1181 3520 1241 3560; x_wconf 81' lang='grc'><strong>6666</strong></span> <span class='ocrx_word' id='word_1_526' title='bbox 1263 3506 1369 3576; x_wconf 88' lang='lat' dir='ltr'><strong>juetam</strong></span> <span class='ocrx_word' id='word_1_527' title='bbox 1391 3503 1584 3575; x_wconf 87' lang='lat' dir='ltr'><strong>impediendae</strong></span> <span class='ocrx_word' id='word_1_528' title='bbox 1609 3505 1790 3576; x_wconf 80' lang='lat' dir='ltr'><strong>eepamtionie</strong></span> 
     </span>
     <span class='ocr_line' id='line_1_39' title="bbox 96 3589 1791 3663; baseline 0.001 -16"><span class='ocrx_word' id='word_1_529' title='bbox 96 3592 161 3647; x_wconf 81' lang='lat' dir='ltr'><strong>Pari</strong></span> <span class='ocrx_word' id='word_1_530' title='bbox 180 3592 286 3646; x_wconf 87' lang='lat' dir='ltr'><strong>ratione</strong></span> <span class='ocrx_word' id='word_1_531' title='bbox 312 3590 336 3646; x_wconf 91' lang='grc'><strong>61</strong></span> <span class='ocrx_word' id='word_1_532' title='bbox 362 3607 395 3645; x_wconf 91' lang='lat' dir='ltr'><strong>er</strong></span> <span class='ocrx_word' id='word_1_533' title='bbox 423 3589 580 3661; x_wconf 87' lang='lat' dir='ltr'><strong>ignorantia</strong></span> <span class='ocrx_word' id='word_1_534' title='bbox 607 3590 764 3645; x_wconf 87' lang='lat' dir='ltr'><strong>commixtio</strong></span> <span class='ocrx_word' id='word_1_535' title='bbox 791 3607 855 3645; x_wconf 90' lang='lat' dir='ltr'><strong>eum</strong></span> <span class='ocrx_word' id='word_1_536' title='bbox 874 3589 928 3646; x_wconf 86' lang='lat' dir='ltr'><strong>alio</strong></span> <span class='ocrx_word' id='word_1_537' title='bbox 954 3610 1075 3650; x_wconf 79' lang='grc'><strong>6666666.</strong></span> <span class='ocrx_word' id='word_1_538' title='bbox 1109 3594 1176 3647; x_wconf 87' lang='lat' dir='ltr'><strong>Non</strong></span> <span class='ocrx_word' id='word_1_539' title='bbox 1200 3593 1284 3647; x_wconf 81' lang='lat' dir='ltr'><strong>uideo</strong></span> <span class='ocrx_word' id='word_1_540' title='bbox 1310 3591 1435 3663; x_wconf 90' lang='grc'><strong>(166611),</strong></span> <span class='ocrx_word' id='word_1_541' title='bbox 1461 3608 1513 3645; x_wconf 87' lang='lat' dir='ltr'><strong>cur</strong></span> <span class='ocrx_word' id='word_1_542' title='bbox 1531 3592 1665 3661; x_wconf 74' lang='lat' dir='ltr'><strong>cuiquam</strong></span> <span class='ocrx_word' id='word_1_543' title='bbox 1678 3594 1791 3661; x_wconf 84' lang='lat' dir='ltr'><strong>fraudi</strong></span> 
     </span>
     <span class='ocr_line' id='line_1_40' title="bbox 94 3668 1789 3748; baseline -0.002 -13"><span class='ocrx_word' id='word_1_544' title='bbox 94 3678 217 3735; x_wconf 81' lang='lat' dir='ltr'><strong>virovel</strong></span> <span class='ocrx_word' id='word_1_545' title='bbox 236 3676 928 3744; x_wconf 72' lang='grc'><strong>6616616616666116611666616666616666661</strong></span> <span class='ocrx_word' id='word_1_546' title='bbox 954 3683 1052 3735; x_wconf 79' lang='lat' dir='ltr'><strong>deleat</strong></span> <span class='ocrx_word' id='word_1_547' title='bbox 1078 3696 1137 3734; x_wconf 77' lang='lat' dir='ltr'><strong>ecee</strong></span> <span class='ocrx_word' id='word_1_548' title='bbox 1161 3679 1394 3746; x_wconf 71' lang='lat' dir='ltr'><strong>succimentia,</strong></span> <span class='ocrx_word' id='word_1_549' title='bbox 1420 3679 1469 3748; x_wconf 87' lang='lat' dir='ltr'><strong>qui</strong></span> <span class='ocrx_word' id='word_1_550' title='bbox 1488 3679 1573 3732; x_wconf 72' lang='lat' dir='ltr'><strong>semel</strong></span> <span class='ocrx_word' id='word_1_551' title='bbox 1589 3686 1673 3748; x_wconf 79' lang='lat' dir='ltr'><strong>atquc</strong></span> <span class='ocrx_word' id='word_1_552' title='bbox 1688 3668 1789 3733; x_wconf 74' lang='grc'><strong>1166666</strong></span> 
     </span>
     <span class='ocr_line' id='line_1_41' title="bbox 94 3762 1788 3837; baseline -0.002 -15"><span class='ocrx_word' id='word_1_553' title='bbox 94 3785 151 3822; x_wconf 90' lang='grc'><strong>666</strong></span> <span class='ocrx_word' id='word_1_554' title='bbox 179 3782 261 3837; x_wconf 89' lang='lat' dir='ltr'><strong>poeee</strong></span> <span class='ocrx_word' id='word_1_555' title='bbox 291 3762 432 3819; x_wconf 86' lang='lat' dir='ltr'><strong>definitum</strong></span> <span class='ocrx_word' id='word_1_556' title='bbox 465 3770 555 3818; x_wconf 80' lang='grc'><strong>666161</strong></span> <span class='ocrx_word' id='word_1_557' title='bbox 578 3780 602 3820; x_wconf 89' lang='lat' dir='ltr'><strong>c.</strong></span> <span class='ocrx_word' id='word_1_558' title='bbox 628 3765 657 3818; x_wconf 93' lang='lat' dir='ltr'><strong>in</strong></span> <span class='ocrx_word' id='word_1_559' title='bbox 685 3763 785 3817; x_wconf 90' lang='lat' dir='ltr'><strong>lectum</strong></span> <span class='ocrx_word' id='word_1_560' title='bbox 812 3768 927 3819; x_wconf 81' lang='grc'><strong>61631.</strong></span> <span class='ocrx_word' id='word_1_561' title='bbox 953 3767 1071 3835; x_wconf 78' lang='lat' dir='ltr'><strong>ipaoreit</strong></span> <span class='ocrx_word' id='word_1_562' title='bbox 1087 3766 1230 3830; x_wconf 78' lang='lat' dir='ltr'><strong>confitenti</strong></span> <span class='ocrx_word' id='word_1_563' title='bbox 1244 3773 1270 3820; x_wconf 85' lang='lat' dir='ltr'><strong>et</strong></span> <span class='ocrx_word' id='word_1_564' title='bbox 1288 3764 1507 3819; x_wconf 87' lang='lat' dir='ltr'><strong>emendationem</strong></span> <span class='ocrx_word' id='word_1_565' title='bbox 1519 3764 1706 3834; x_wconf 77' lang='lat' dir='ltr'><strong>pollicentiet</strong></span> <span class='ocrx_word' id='word_1_566' title='bbox 1724 3766 1788 3819; x_wconf 82' lang='lat' dir='ltr'><strong>recl-</strong></span> 
     </span>
     <span class='ocr_line' id='line_1_42' title="bbox 95 3850 1788 3925; baseline -0.002 -17"><span class='ocrx_word' id='word_1_567' title='bbox 95 3860 166 3925; x_wconf 85' lang='grc'><strong>61.</strong></span> <span class='ocrx_word' id='word_1_568' title='bbox 193 3870 226 3908; x_wconf 90' lang='lat' dir='ltr'><strong>er</strong></span> <span class='ocrx_word' id='word_1_569' title='bbox 257 3851 374 3907; x_wconf 90' lang='lat' dir='ltr'><strong>concilio</strong></span> <span class='ocrx_word' id='word_1_570' title='bbox 399 3850 589 3905; x_wconf 84' lang='lat' dir='ltr'><strong>Triburienei:</strong></span> <span class='ocrx_word' id='word_1_571' title='bbox 629 3851 665 3904; x_wconf 89' lang='lat' dir='ltr'><strong>In</strong></span> <span class='ocrx_word' id='word_1_572' title='bbox 695 3852 795 3905; x_wconf 85' lang='lat' dir='ltr'><strong>lectum</strong></span> <span class='ocrx_word' id='word_1_573' title='bbox 833 3851 930 3905; x_wconf 85' lang='lat' dir='ltr'><strong>mariti</strong></span> <span class='ocrx_word' id='word_1_574' title='bbox 955 3856 1094 3924; x_wconf 76' lang='lat' dir='ltr'><strong>inteqrata</strong></span> <span class='ocrx_word' id='word_1_575' title='bbox 1121 3853 1217 3921; x_wconf 81' lang='lat' dir='ltr'><strong>pratia</strong></span> <span class='ocrx_word' id='word_1_576' title='bbox 1245 3868 1301 3906; x_wconf 85' lang='grc'><strong>666</strong></span> <span class='ocrx_word' id='word_1_577' title='bbox 1327 3852 1446 3905; x_wconf 77' lang='grc'><strong>66611661</strong></span> <span class='ocrx_word' id='word_1_578' title='bbox 1470 3851 1508 3904; x_wconf 80' lang='lat' dir='ltr'><strong>ab</strong></span> <span class='ocrx_word' id='word_1_579' title='bbox 1523 3867 1625 3920; x_wconf 79' lang='lat' dir='ltr'><strong>neore,</strong></span> <span class='ocrx_word' id='word_1_580' title='bbox 1653 3868 1688 3905; x_wconf 86' lang='grc'><strong>66</strong></span> <span class='ocrx_word' id='word_1_581' title='bbox 1701 3868 1788 3922; x_wconf 83' lang='lat' dir='ltr'><strong>prae·</strong></span> 
     </span>
     <span class='ocr_line' id='line_1_43' title="bbox 95 3937 1788 4007; baseline -0.002 -13"><span class='ocrx_word' id='word_1_582' title='bbox 95 3942 209 3994; x_wconf 85' lang='grc'><strong>6666616</strong></span> <span class='ocrx_word' id='word_1_583' title='bbox 234 3954 322 3991; x_wconf 70' lang='lat' dir='ltr'><strong>acore</strong></span> <span class='ocrx_word' id='word_1_584' title='bbox 350 3954 434 3990; x_wconf 88' lang='lat' dir='ltr'><strong>eoror</strong></span> <span class='ocrx_word' id='word_1_585' title='bbox 464 3937 513 3990; x_wconf 83' lang='lat' dir='ltr'><strong>ivit</strong></span> <span class='ocrx_word' id='word_1_586' title='bbox 546 3938 656 4004; x_wconf 67' lang='grc'><strong>666666,</strong></span> <span class='ocrx_word' id='word_1_587' title='bbox 693 3955 779 4007; x_wconf 88' lang='lat' dir='ltr'><strong>quam</strong></span> <span class='ocrx_word' id='word_1_588' title='bbox 814 3955 927 3991; x_wconf 69' lang='lat' dir='ltr'><strong>uxorem</strong></span> <span class='ocrx_word' id='word_1_589' title='bbox 954 3944 1017 3997; x_wconf 72' lang='grc'><strong>1661</strong></span> <span class='ocrx_word' id='word_1_590' title='bbox 1045 3940 1219 3995; x_wconf 80' lang='lat' dir='ltr'><strong>accarionem</strong></span> <span class='ocrx_word' id='word_1_591' title='bbox 1248 3938 1409 4001; x_wconf 81' lang='lat' dir='ltr'><strong>relabendi,</strong></span> <span class='ocrx_word' id='word_1_592' title='bbox 1448 3956 1498 3992; x_wconf 88' lang='lat' dir='ltr'><strong>cur</strong></span> <span class='ocrx_word' id='word_1_593' title='bbox 1527 3938 1553 3991; x_wconf 87' lang='lat' dir='ltr'><strong>ie</strong></span> <span class='ocrx_word' id='word_1_594' title='bbox 1582 3938 1656 3992; x_wconf 88' lang='lat' dir='ltr'><strong>oelut</strong></span> <span class='ocrx_word' id='word_1_595' title='bbox 1686 3939 1788 4004; x_wconf 81' lang='lat' dir='ltr'><strong>fautor</strong></span> 
     </span>
     <span class='ocr_line' id='line_1_44' title="bbox 89 4024 1787 4101; baseline 0 -21"><span class='ocrx_word' id='word_1_596' title='bbox 89 4036 196 4101; x_wconf 75' lang='lat' dir='ltr'><strong>patene</strong></span> <span class='ocrx_word' id='word_1_597' title='bbox 219 4043 300 4079; x_wconf 77' lang='lat' dir='ltr'><strong>ercam</strong></span> <span class='ocrx_word' id='word_1_598' title='bbox 330 4041 401 4089; x_wconf 88' lang='grc'><strong>6666,</strong></span> <span class='ocrx_word' id='word_1_599' title='bbox 432 4024 565 4078; x_wconf 82' lang='lat' dir='ltr'><strong>dormivit</strong></span> <span class='ocrx_word' id='word_1_600' title='bbox 595 4042 658 4077; x_wconf 89' lang='lat' dir='ltr'><strong>cum</strong></span> <span class='ocrx_word' id='word_1_601' title='bbox 687 4041 734 4092; x_wconf 63' lang='grc'><strong>666</strong></span> <span class='ocrx_word' id='word_1_602' title='bbox 763 4040 848 4094; x_wconf 81' lang='lat' dir='ltr'><strong>cuper</strong></span> <span class='ocrx_word' id='word_1_603' title='bbox 875 4024 927 4078; x_wconf 81' lang='lat' dir='ltr'><strong>lroc</strong></span> <span class='ocrx_word' id='word_1_604' title='bbox 953 4030 1065 4084; x_wconf 84' lang='lat' dir='ltr'><strong>alienae</strong></span> <span class='ocrx_word' id='word_1_605' title='bbox 1082 4026 1223 4097; x_wconf 81' lang='lat' dir='ltr'><strong>nequitiae</strong></span> <span class='ocrx_word' id='word_1_606' title='bbox 1241 4025 1378 4095; x_wconf 84' lang='lat' dir='ltr'><strong>epolietur</strong></span> <span class='ocrx_word' id='word_1_607' title='bbox 1389 4026 1458 4095; x_wconf 79' lang='lat' dir='ltr'><strong>jure</strong></span> <span class='ocrx_word' id='word_1_608' title='bbox 1476 4024 1651 4094; x_wconf 82' lang='lat' dir='ltr'><strong>dimittendi,</strong></span> <span class='ocrx_word' id='word_1_609' title='bbox 1671 4025 1699 4079; x_wconf 83' lang='lat' dir='ltr'><strong>n·</strong></span> <span class='ocrx_word' id='word_1_610' title='bbox 1715 4042 1787 4080; x_wconf 87' lang='lat' dir='ltr'><strong>com·</strong></span> 
     </span>
     <span class='ocr_line' id='line_1_45' title="bbox 92 4110 1787 4187; baseline -0.002 -18"><span class='ocrx_word' id='word_1_611' title='bbox 92 4116 183 4169; x_wconf 82' lang='lat' dir='ltr'><strong>virum</strong></span> <span class='ocrx_word' id='word_1_612' title='bbox 200 4122 253 4180; x_wconf 85' lang='grc'><strong>661,</strong></span> <span class='ocrx_word' id='word_1_613' title='bbox 278 4114 306 4166; x_wconf 86' lang='lat' dir='ltr'><strong>ei</strong></span> <span class='ocrx_word' id='word_1_614' title='bbox 329 4113 389 4182; x_wconf 75' lang='lat' dir='ltr'><strong>ipre</strong></span> <span class='ocrx_word' id='word_1_615' title='bbox 409 4128 463 4181; x_wconf 89' lang='lat' dir='ltr'><strong>per</strong></span> <span class='ocrx_word' id='word_1_616' title='bbox 481 4110 658 4166; x_wconf 87' lang='lat' dir='ltr'><strong>eecuritatem</strong></span> <span class='ocrx_word' id='word_1_617' title='bbox 681 4126 777 4165; x_wconf 76' lang='grc'><strong>666666</strong></span> <span class='ocrx_word' id='word_1_618' title='bbox 795 4111 846 4165; x_wconf 82' lang='grc'><strong>166</strong></span> <span class='ocrx_word' id='word_1_619' title='bbox 858 4129 927 4181; x_wconf 85' lang='lat' dir='ltr'><strong>pro·</strong></span> <span class='ocrx_word' id='word_1_620' title='bbox 952 4115 1059 4187; x_wconf 82' lang='lat' dir='ltr'><strong>pererit</strong></span> <span class='ocrx_word' id='word_1_621' title='bbox 1085 4111 1323 4169; x_wconf 69' lang='lat' dir='ltr'><strong>inemendatum</strong></span> <span class='ocrx_word' id='word_1_622' title='bbox 1370 4114 1465 4183; x_wconf 86' lang='lat' dir='ltr'><strong>Atque</strong></span> <span class='ocrx_word' id='word_1_623' title='bbox 1494 4110 1524 4165; x_wconf 92' lang='lat' dir='ltr'><strong>id</strong></span> <span class='ocrx_word' id='word_1_624' title='bbox 1550 4110 1662 4181; x_wconf 91' lang='lat' dir='ltr'><strong>quidem</strong></span> <span class='ocrx_word' id='word_1_625' title='bbox 1695 4110 1787 4167; x_wconf 89' lang='lat' dir='ltr'><strong>locum</strong></span> 
     </span>
     <span class='ocr_line' id='line_1_46' title="bbox 91 4196 1786 4271; baseline 0 -16"><span class='ocrx_word' id='word_1_626' title='bbox 91 4199 208 4267; x_wconf 82' lang='grc'><strong>166661,</strong></span> <span class='ocrx_word' id='word_1_627' title='bbox 225 4200 303 4269; x_wconf 80' lang='lat' dir='ltr'><strong>quod</strong></span> <span class='ocrx_word' id='word_1_628' title='bbox 320 4198 425 4251; x_wconf 75' lang='grc'><strong>1666166</strong></span> <span class='ocrx_word' id='word_1_629' title='bbox 437 4197 710 4267; x_wconf 67' lang='lat' dir='ltr'><strong>sacramencum,</strong></span> <span class='ocrx_word' id='word_1_630' title='bbox 725 4198 927 4271; x_wconf 80' lang='lat' dir='ltr'><strong>poenitentiam</strong></span> <span class='ocrx_word' id='word_1_631' title='bbox 953 4201 1051 4268; x_wconf 84' lang='lat' dir='ltr'><strong>hebet,</strong></span> <span class='ocrx_word' id='word_1_632' title='bbox 1075 4201 1098 4255; x_wconf 85' lang='lat' dir='ltr'><strong>ei</strong></span> <span class='ocrx_word' id='word_1_633' title='bbox 1122 4218 1188 4271; x_wconf 80' lang='lat' dir='ltr'><strong>pere</strong></span> <span class='ocrx_word' id='word_1_634' title='bbox 1204 4215 1253 4255; x_wconf 83' lang='lat' dir='ltr'><strong>rea</strong></span> <span class='ocrx_word' id='word_1_635' title='bbox 1269 4215 1341 4255; x_wconf 80' lang='lat' dir='ltr'><strong>novo</strong></span> <span class='ocrx_word' id='word_1_636' title='bbox 1358 4198 1516 4271; x_wconf 84' lang='lat' dir='ltr'><strong>inplicetur</strong></span> <span class='ocrx_word' id='word_1_637' title='bbox 1533 4196 1650 4262; x_wconf 78' lang='lat' dir='ltr'><strong>delium,</strong></span> <span class='ocrx_word' id='word_1_638' title='bbox 1675 4196 1786 4255; x_wconf 76' lang='lat' dir='ltr'><strong>intcnm</strong></span> 
     </span>
     <span class='ocr_line' id='line_1_47' title="bbox 90 4284 1784 4360; baseline -0.001 -20"><span class='ocrx_word' id='word_1_639' title='bbox 90 4284 928 4359; x_wconf 71' lang='grc'><strong>6616666,6666616116611616116666“1,66616116661666</strong></span> <span class='ocrx_word' id='word_1_640' title='bbox 952 4296 1066 4360; x_wconf 88' lang='lat' dir='ltr'><strong>propter</strong></span> <span class='ocrx_word' id='word_1_641' title='bbox 1090 4286 1251 4358; x_wconf 85' lang='lat' dir='ltr'><strong>prietinum,</strong></span> <span class='ocrx_word' id='word_1_642' title='bbox 1282 4285 1357 4357; x_wconf 91' lang='lat' dir='ltr'><strong>quod</strong></span> <span class='ocrx_word' id='word_1_643' title='bbox 1388 4303 1418 4341; x_wconf 89' lang='grc'><strong>66</strong></span> <span class='ocrx_word' id='word_1_644' title='bbox 1445 4284 1615 4339; x_wconf 75' lang='lat' dir='ltr'><strong>condonatae</strong></span> <span class='ocrx_word' id='word_1_645' title='bbox 1643 4284 1784 4355; x_wconf 88' lang='lat' dir='ltr'><strong>conjugali</strong></span> 
     </span>
     <span class='ocr_line' id='line_1_48' title="bbox 90 4366 1785 4442; baseline -0.001 -14"><span class='ocrx_word' id='word_1_646' title='bbox 90 4394 172 4428; x_wconf 88' lang='lat' dir='ltr'><strong>enum</strong></span> <span class='ocrx_word' id='word_1_647' title='bbox 197 4372 358 4441; x_wconf 74' lang='lat' dir='ltr'><strong>conjapium</strong></span> <span class='ocrx_word' id='word_1_648' title='bbox 378 4372 478 4425; x_wconf 76' lang='lat' dir='ltr'><strong>labem</strong></span> <span class='ocrx_word' id='word_1_649' title='bbox 500 4366 704 4440; x_wconf 79' lang='lat' dir='ltr'><strong>permittatur.‘</strong></span> <span class='ocrx_word' id='word_1_650' title='bbox 729 4370 859 4428; x_wconf 85' lang='lat' dir='ltr'><strong>Secunda</strong></span> <span class='ocrx_word' id='word_1_651' title='bbox 882 4389 926 4429; x_wconf 84' lang='lat' dir='ltr'><strong>er·</strong></span> <span class='ocrx_word' id='word_1_652' title='bbox 953 4374 1157 4431; x_wconf 83' lang='lat' dir='ltr'><strong>cohabitatione</strong></span> <span class='ocrx_word' id='word_1_653' title='bbox 1175 4378 1291 4431; x_wconf 87' lang='grc'><strong>16616166</strong></span> <span class='ocrx_word' id='word_1_654' title='bbox 1311 4378 1367 4441; x_wconf 89' lang='grc'><strong>661,</strong></span> <span class='ocrx_word' id='word_1_655' title='bbox 1384 4387 1441 4426; x_wconf 92' lang='grc'><strong>666</strong></span> <span class='ocrx_word' id='word_1_656' title='bbox 1457 4370 1559 4442; x_wconf 84' lang='lat' dir='ltr'><strong>poterit</strong></span> <span class='ocrx_word' id='word_1_657' title='bbox 1576 4386 1610 4425; x_wconf 88' lang='lat' dir='ltr'><strong>ex</strong></span> <span class='ocrx_word' id='word_1_658' title='bbox 1628 4376 1692 4442; x_wconf 85' lang='lat' dir='ltr'><strong>poet</strong></span> <span class='ocrx_word' id='word_1_659' title='bbox 1708 4368 1785 4427; x_wconf 83' lang='grc'><strong>16616</strong></span> 
     </span>
     <span class='ocr_line' id='line_1_49' title="bbox 89 4457 1785 4533; baseline -0.002 -15"><span class='ocrx_word' id='word_1_660' title='bbox 89 4460 183 4533; x_wconf 86' lang='lat' dir='ltr'><strong>ceptio</strong></span> <span class='ocrx_word' id='word_1_661' title='bbox 209 4459 304 4513; x_wconf 90' lang='lat' dir='ltr'><strong>itidem</strong></span> <span class='ocrx_word' id='word_1_662' title='bbox 329 4458 475 4514; x_wconf 83' lang='lat' dir='ltr'><strong>conformia</strong></span> <span class='ocrx_word' id='word_1_663' title='bbox 499 4464 542 4513; x_wconf 89' lang='grc'><strong>661</strong></span> <span class='ocrx_word' id='word_1_664' title='bbox 562 4458 618 4529; x_wconf 87' lang='lat' dir='ltr'><strong>juri</strong></span> <span class='ocrx_word' id='word_1_665' title='bbox 644 4458 718 4514; x_wconf 82' lang='lat' dir='ltr'><strong>civili</strong></span> <span class='ocrx_word' id='word_1_666' title='bbox 740 4464 769 4514; x_wconf 89' lang='grc'><strong>61</strong></span> <span class='ocrx_word' id='word_1_667' title='bbox 786 4460 924 4516; x_wconf 85' lang='lat' dir='ltr'><strong>canonico.</strong></span> <span class='ocrx_word' id='word_1_668' title='bbox 954 4462 1102 4518; x_wconf 80' lang='grc'><strong>(1166611616</strong></span> <span class='ocrx_word' id='word_1_669' title='bbox 1129 4468 1232 4532; x_wconf 83' lang='lat' dir='ltr'><strong>petere.</strong></span> <span class='ocrx_word' id='word_1_670' title='bbox 1271 4460 1377 4527; x_wconf 84' lang='lat' dir='ltr'><strong>Quarta</strong></span> <span class='ocrx_word' id='word_1_671' title='bbox 1405 4458 1531 4527; x_wconf 85' lang='lat' dir='ltr'><strong>exceptio</strong></span> <span class='ocrx_word' id='word_1_672' title='bbox 1559 4457 1656 4513; x_wconf 86' lang='lat' dir='ltr'><strong>itidem</strong></span> <span class='ocrx_word' id='word_1_673' title='bbox 1678 4458 1737 4529; x_wconf 90' lang='lat' dir='ltr'><strong>juri</strong></span> <span class='ocrx_word' id='word_1_674' title='bbox 1756 4466 1785 4514; x_wconf 89' lang='grc'><strong>61</strong></span> 
     </span>
     <span class='ocr_line' id='line_1_50' title="bbox 89 4543 1785 4623; baseline -0.002 -19"><span class='ocrx_word' id='word_1_675' title='bbox 89 4548 156 4605; x_wconf 78' lang='lat' dir='ltr'><strong>tsi</strong></span> <span class='ocrx_word' id='word_1_676' title='bbox 177 4543 925 4622; x_wconf 61' lang='grc'><strong>666611616166611.6611611661611661</strong></span> <span class='ocrx_word' id='word_1_677' title='bbox 953 4549 1090 4623; x_wconf 86' lang='lat' dir='ltr'><strong>aequitati</strong></span> <span class='ocrx_word' id='word_1_678' title='bbox 1108 4551 1294 4602; x_wconf 74' lang='lat' dir='ltr'><strong>consentanea</strong></span> <span class='ocrx_word' id='word_1_679' title='bbox 1309 4551 1360 4601; x_wconf 88' lang='lat' dir='ltr'><strong>eet.</strong></span> <span class='ocrx_word' id='word_1_680' title='bbox 1392 4543 1466 4609; x_wconf 87' lang='lat' dir='ltr'><strong>Quid</strong></span> <span class='ocrx_word' id='word_1_681' title='bbox 1483 4543 1556 4598; x_wconf 89' lang='lat' dir='ltr'><strong>enirn</strong></span> <span class='ocrx_word' id='word_1_682' title='bbox 1568 4543 1691 4614; x_wconf 87' lang='grc'><strong>16166166</strong></span> <span class='ocrx_word' id='word_1_683' title='bbox 1712 4543 1785 4600; x_wconf 85' lang='lat' dir='ltr'><strong>ioret</strong></span> 
     </span>
     <span class='ocr_line' id='line_1_51' title="bbox 89 4628 1784 4710; baseline -0.003 -20"><span class='ocrx_word' id='word_1_684' title='bbox 89 4638 188 4690; x_wconf 78' lang='lat' dir='ltr'><strong>Jndcr</strong></span> <span class='ocrx_word' id='word_1_685' title='bbox 210 4633 349 4689; x_wconf 82' lang='lat' dir='ltr'><strong>adulterii</strong></span> <span class='ocrx_word' id='word_1_686' title='bbox 372 4641 436 4686; x_wconf 88' lang='lat' dir='ltr'><strong>ante</strong></span> <span class='ocrx_word' id='word_1_687' title='bbox 461 4634 554 4688; x_wconf 84' lang='lat' dir='ltr'><strong>oculoe</strong></span> <span class='ocrx_word' id='word_1_688' title='bbox 574 4634 674 4688; x_wconf 84' lang='lat' dir='ltr'><strong>labere</strong></span> <span class='ocrx_word' id='word_1_689' title='bbox 695 4634 774 4689; x_wconf 79' lang='lat' dir='ltr'><strong>delet</strong></span> <span class='ocrx_word' id='word_1_690' title='bbox 793 4642 819 4687; x_wconf 88' lang='lat' dir='ltr'><strong>et</strong></span> <span class='ocrx_word' id='word_1_691' title='bbox 837 4635 926 4704; x_wconf 85' lang='lat' dir='ltr'><strong>inqui·</strong></span> <span class='ocrx_word' id='word_1_692' title='bbox 953 4654 1036 4710; x_wconf 81' lang='lat' dir='ltr'><strong>quam</strong></span> <span class='ocrx_word' id='word_1_693' title='bbox 1059 4634 1209 4689; x_wconf 84' lang='lat' dir='ltr'><strong>vindictam</strong></span> <span class='ocrx_word' id='word_1_694' title='bbox 1236 4637 1331 4703; x_wconf 87' lang='lat' dir='ltr'><strong>petere</strong></span> <span class='ocrx_word' id='word_1_695' title='bbox 1353 4629 1429 4684; x_wconf 89' lang='lat' dir='ltr'><strong>illiue</strong></span> <span class='ocrx_word' id='word_1_696' title='bbox 1453 4628 1588 4699; x_wconf 79' lang='lat' dir='ltr'><strong>criminin,</strong></span> <span class='ocrx_word' id='word_1_697' title='bbox 1616 4630 1697 4700; x_wconf 87' lang='lat' dir='ltr'><strong>cnjue</strong></span> <span class='ocrx_word' id='word_1_698' title='bbox 1722 4630 1784 4701; x_wconf 91' lang='grc'><strong>6616</strong></span> 
     </span>
     <span class='ocr_line' id='line_1_52' title="bbox 88 4714 1784 4795; baseline -0.002 -20"><span class='ocrx_word' id='word_1_699' title='bbox 88 4740 160 4789; x_wconf 83' lang='lat' dir='ltr'><strong>rere,</strong></span> <span class='ocrx_word' id='word_1_700' title='bbox 178 4740 216 4775; x_wconf 93' lang='grc'><strong>66</strong></span> <span class='ocrx_word' id='word_1_701' title='bbox 235 4721 355 4773; x_wconf 82' lang='lat' dir='ltr'><strong>maritae</strong></span> <span class='ocrx_word' id='word_1_702' title='bbox 370 4720 473 4789; x_wconf 81' lang='lat' dir='ltr'><strong>pudice</strong></span> <span class='ocrx_word' id='word_1_703' title='bbox 486 4720 581 4775; x_wconf 80' lang='grc'><strong>616666</strong></span> <span class='ocrx_word' id='word_1_704' title='bbox 594 4720 709 4774; x_wconf 86' lang='lat' dir='ltr'><strong>mulieri</strong></span> <span class='ocrx_word' id='word_1_705' title='bbox 721 4734 829 4790; x_wconf 82' lang='grc'><strong>666666</strong></span> <span class='ocrx_word' id='word_1_706' title='bbox 842 4719 926 4773; x_wconf 84' lang='lat' dir='ltr'><strong>lonae</strong></span> <span class='ocrx_word' id='word_1_707' title='bbox 952 4725 1012 4795; x_wconf 70' lang='lat' dir='ltr'><strong>ipae</strong></span> <span class='ocrx_word' id='word_1_708' title='bbox 1037 4727 1134 4777; x_wconf 75' lang='lat' dir='ltr'><strong>auctor</strong></span> <span class='ocrx_word' id='word_1_709' title='bbox 1157 4719 1283 4775; x_wconf 75' lang='grc'><strong>6661111111</strong></span> <span class='ocrx_word' id='word_1_710' title='bbox 1311 4716 1488 4772; x_wconf 87' lang='lat' dir='ltr'><strong>Innocentiue</strong></span> <span class='ocrx_word' id='word_1_711' title='bbox 1508 4714 1562 4771; x_wconf 89' lang='lat' dir='ltr'><strong>Ill.</strong></span> <span class='ocrx_word' id='word_1_712' title='bbox 1587 4715 1617 4770; x_wconf 90' lang='lat' dir='ltr'><strong>in</strong></span> <span class='ocrx_word' id='word_1_713' title='bbox 1636 4732 1658 4771; x_wconf 88' lang='grc'><strong>6.</strong></span> <span class='ocrx_word' id='word_1_714' title='bbox 1679 4715 1784 4773; x_wconf 87' lang='lat' dir='ltr'><strong>diecre—</strong></span> 
     </span>
     <span class='ocr_line' id='line_1_53' title="bbox 88 4805 1784 4878; baseline -0.004 -14"><span class='ocrx_word' id='word_1_715' title='bbox 88 4826 180 4864; x_wconf 85' lang='lat' dir='ltr'><strong>moree</strong></span> <span class='ocrx_word' id='word_1_716' title='bbox 197 4807 312 4862; x_wconf 82' lang='lat' dir='ltr'><strong>colendi</strong></span> <span class='ocrx_word' id='word_1_717' title='bbox 329 4814 428 4860; x_wconf 88' lang='lat' dir='ltr'><strong>auctor</strong></span> <span class='ocrx_word' id='word_1_718' title='bbox 446 4808 552 4875; x_wconf 83' lang='lat' dir='ltr'><strong>suerit,</strong></span> <span class='ocrx_word' id='word_1_719' title='bbox 564 4808 745 4877; x_wconf 80' lang='lat' dir='ltr'><strong>periniquum</strong></span> <span class='ocrx_word' id='word_1_720' title='bbox 761 4805 833 4860; x_wconf 89' lang='lat' dir='ltr'><strong>enim</strong></span> <span class='ocrx_word' id='word_1_721' title='bbox 850 4807 926 4861; x_wconf 79' lang='lat' dir='ltr'><strong>aide·</strong></span> <span class='ocrx_word' id='word_1_722' title='bbox 951 4812 1054 4867; x_wconf 83' lang='lat' dir='ltr'><strong>tionem</strong></span> <span class='ocrx_word' id='word_1_723' title='bbox 1079 4826 1104 4865; x_wconf 84' lang='lat' dir='ltr'><strong>x.</strong></span> <span class='ocrx_word' id='word_1_724' title='bbox 1131 4806 1166 4864; x_wconf 88' lang='lat' dir='ltr'><strong>de</strong></span> <span class='ocrx_word' id='word_1_725' title='bbox 1190 4822 1223 4861; x_wconf 90' lang='lat' dir='ltr'><strong>eo</strong></span> <span class='ocrx_word' id='word_1_726' title='bbox 1248 4805 1295 4878; x_wconf 92' lang='lat' dir='ltr'><strong>qui</strong></span> <span class='ocrx_word' id='word_1_727' title='bbox 1319 4820 1453 4875; x_wconf 79' lang='lat' dir='ltr'><strong>coureng.</strong></span> <span class='ocrx_word' id='word_1_728' title='bbox 1472 4819 1548 4858; x_wconf 89' lang='lat' dir='ltr'><strong>uxor.</strong></span> <span class='ocrx_word' id='word_1_729' title='bbox 1568 4818 1634 4857; x_wconf 87' lang='lat' dir='ltr'><strong>euae</strong></span> <span class='ocrx_word' id='word_1_730' title='bbox 1653 4818 1784 4875; x_wconf 71' lang='lat' dir='ltr'><strong>cognom:</strong></span> 
     </span>
     <span class='ocr_line' id='line_1_54' title="bbox 87 4889 1784 4966; baseline -0.003 -15"><span class='ocrx_word' id='word_1_731' title='bbox 87 4906 136 4951; x_wconf 86' lang='lat' dir='ltr'><strong>tur</strong></span> <span class='ocrx_word' id='word_1_732' title='bbox 158 4912 232 4961; x_wconf 85' lang='grc'><strong>6666,</strong></span> <span class='ocrx_word' id='word_1_733' title='bbox 253 4901 284 4947; x_wconf 78' lang='lat' dir='ltr'><strong>ut</strong></span> <span class='ocrx_word' id='word_1_734' title='bbox 301 4894 469 4964; x_wconf 82' lang='lat' dir='ltr'><strong>pudicitiam</strong></span> <span class='ocrx_word' id='word_1_735' title='bbox 486 4894 531 4948; x_wconf 87' lang='lat' dir='ltr'><strong>oir</strong></span> <span class='ocrx_word' id='word_1_736' title='bbox 551 4894 587 4946; x_wconf 86' lang='lat' dir='ltr'><strong>ab</strong></span> <span class='ocrx_word' id='word_1_737' title='bbox 602 4909 689 4947; x_wconf 76' lang='lat' dir='ltr'><strong>acore</strong></span> <span class='ocrx_word' id='word_1_738' title='bbox 707 4894 815 4963; x_wconf 77' lang='grc'><strong>661661,</strong></span> <span class='ocrx_word' id='word_1_739' title='bbox 842 4911 925 4963; x_wconf 79' lang='lat' dir='ltr'><strong>petam</strong></span> <span class='ocrx_word' id='word_1_740' title='bbox 951 4899 1017 4952; x_wconf 88' lang='lat' dir='ltr'><strong>Non</strong></span> <span class='ocrx_word' id='word_1_741' title='bbox 1034 4903 1129 4966; x_wconf 80' lang='lat' dir='ltr'><strong>poteet</strong></span> <span class='ocrx_word' id='word_1_742' title='bbox 1151 4910 1269 4965; x_wconf 79' lang='lat' dir='ltr'><strong>epoaeur</strong></span> <span class='ocrx_word' id='word_1_743' title='bbox 1293 4892 1465 4947; x_wconf 82' lang='lat' dir='ltr'><strong>adulterium</strong></span> <span class='ocrx_word' id='word_1_744' title='bbox 1489 4891 1517 4944; x_wconf 89' lang='lat' dir='ltr'><strong>ei</strong></span> <span class='ocrx_word' id='word_1_745' title='bbox 1539 4889 1673 4959; x_wconf 79' lang='lat' dir='ltr'><strong>objicere,</strong></span> <span class='ocrx_word' id='word_1_746' title='bbox 1699 4908 1784 4961; x_wconf 80' lang='lat' dir='ltr'><strong>quam</strong></span> 
     </span>
     <span class='ocr_line' id='line_1_55' title="bbox 87 4976 1784 5057; baseline -0.002 -18"><span class='ocrx_word' id='word_1_747' title='bbox 87 4987 150 5057; x_wconf 84' lang='lat' dir='ltr'><strong>ipee</strong></span> <span class='ocrx_word' id='word_1_748' title='bbox 167 5000 222 5037; x_wconf 88' lang='grc'><strong>666</strong></span> <span class='ocrx_word' id='word_1_749' title='bbox 240 4982 373 5051; x_wconf 71' lang='lat' dir='ltr'><strong>exhibeat,</strong></span> <span class='ocrx_word' id='word_1_750' title='bbox 392 4997 462 5050; x_wconf 79' lang='grc'><strong>6666</strong></span> <span class='ocrx_word' id='word_1_751' title='bbox 479 4998 524 5034; x_wconf 86' lang='lat' dir='ltr'><strong>ree</strong></span> <span class='ocrx_word' id='word_1_752' title='bbox 532 4989 626 5050; x_wconf 87' lang='lat' dir='ltr'><strong>potcet</strong></span> <span class='ocrx_word' id='word_1_753' title='bbox 638 4981 765 5035; x_wconf 83' lang='lat' dir='ltr'><strong>elvirum</strong></span> <span class='ocrx_word' id='word_1_754' title='bbox 779 4983 925 5045; x_wconf 83' lang='lat' dir='ltr'><strong>damnare,</strong></span> <span class='ocrx_word' id='word_1_755' title='bbox 951 4982 1171 5038; x_wconf 76' lang='lat' dir='ltr'><strong>adulterandam</strong></span> <span class='ocrx_word' id='word_1_756' title='bbox 1194 4980 1332 5047; x_wconf 83' lang='lat' dir='ltr'><strong>tradidit,</strong></span> <span class='ocrx_word' id='word_1_757' title='bbox 1357 4977 1524 5048; x_wconf 83' lang='lat' dir='ltr'><strong>praeeertim</strong></span> <span class='ocrx_word' id='word_1_758' title='bbox 1541 4976 1664 5031; x_wconf 82' lang='lat' dir='ltr'><strong>inuitam.</strong></span> <span class='ocrx_word' id='word_1_759' title='bbox 1698 4977 1784 5035; x_wconf 86' lang='lat' dir='ltr'><strong>Hem·</strong></span> 
     </span>
     <span class='ocr_line' id='line_1_56' title="bbox 88 5062 1782 5143; baseline -0.002 -19"><span class='ocrx_word' id='word_1_760' title='bbox 88 5088 146 5124; x_wconf 88' lang='grc'><strong>666</strong></span> <span class='ocrx_word' id='word_1_761' title='bbox 174 5086 232 5123; x_wconf 86' lang='lat' dir='ltr'><strong>rem</strong></span> <span class='ocrx_word' id='word_1_762' title='bbox 259 5068 293 5122; x_wconf 87' lang='lat' dir='ltr'><strong>ob</strong></span> <span class='ocrx_word' id='word_1_763' title='bbox 308 5068 567 5137; x_wconf 71' lang='lat' dir='ltr'><strong>¹commentationem</strong></span> <span class='ocrx_word' id='word_1_764' title='bbox 592 5067 684 5122; x_wconf 87' lang='lat' dir='ltr'><strong>mutui</strong></span> <span class='ocrx_word' id='word_1_765' title='bbox 704 5068 830 5121; x_wconf 85' lang='lat' dir='ltr'><strong>criminie</strong></span> <span class='ocrx_word' id='word_1_766' title='bbox 852 5069 924 5122; x_wconf 86' lang='lat' dir='ltr'><strong>inter</strong></span> <span class='ocrx_word' id='word_1_767' title='bbox 951 5070 1071 5143; x_wconf 88' lang='lat' dir='ltr'><strong>mingiue</strong></span> <span class='ocrx_word' id='word_1_768' title='bbox 1090 5068 1155 5125; x_wconf 85' lang='lat' dir='ltr'><strong>diet.</strong></span> <span class='ocrx_word' id='word_1_769' title='bbox 1173 5068 1224 5121; x_wconf 81' lang='lat' dir='ltr'><strong>loc</strong></span> <span class='ocrx_word' id='word_1_770' title='bbox 1243 5065 1336 5130; x_wconf 86' lang='lat' dir='ltr'><strong>addit,</strong></span> <span class='ocrx_word' id='word_1_771' title='bbox 1363 5062 1565 5137; x_wconf 85' lang='lat' dir='ltr'><strong>praetitulionie</strong></span> <span class='ocrx_word' id='word_1_772' title='bbox 1581 5063 1717 5122; x_wconf 84' lang='lat' dir='ltr'><strong>rationem</strong></span> <span class='ocrx_word' id='word_1_773' title='bbox 1734 5064 1782 5121; x_wconf 93' lang='lat' dir='ltr'><strong>ha·</strong></span> 
     </span>
     <span class='ocr_line' id='line_1_57' title="bbox 88 5152 1782 5226; baseline -0.004 -14"><span class='ocrx_word' id='word_1_774' title='bbox 88 5166 220 5226; x_wconf 74' lang='grc'><strong>6666666</strong></span> <span class='ocrx_word' id='word_1_775' title='bbox 236 5156 447 5210; x_wconf 77' lang='lat' dir='ltr'><strong>commemicare.</strong></span> <span class='ocrx_word' id='word_1_776' title='bbox 466 5153 780 5211; x_wconf 64' lang='lat' dir='ltr'><strong>tunicasque</strong></span> <span class='ocrx_word' id='word_1_777' title='bbox 793 5155 924 5210; x_wconf 86' lang='lat' dir='ltr'><strong>matrim.=</strong></span> <span class='ocrx_word' id='word_1_778' title='bbox 950 5158 1016 5214; x_wconf 90' lang='lat' dir='ltr'><strong>bere</strong></span> <span class='ocrx_word' id='word_1_779' title='bbox 1033 5158 1117 5213; x_wconf 88' lang='lat' dir='ltr'><strong>etiam</strong></span> <span class='ocrx_word' id='word_1_780' title='bbox 1136 5154 1321 5210; x_wconf 68' lang='lat' dir='ltr'><strong>exclusionem</strong></span> <span class='ocrx_word' id='word_1_781' title='bbox 1338 5161 1517 5219; x_wconf 79' lang='lat' dir='ltr'><strong>nocturnam,</strong></span> <span class='ocrx_word' id='word_1_782' title='bbox 1546 5154 1661 5222; x_wconf 80' lang='lat' dir='ltr'><strong>quando</strong></span> <span class='ocrx_word' id='word_1_783' title='bbox 1679 5152 1782 5207; x_wconf 82' lang='lat' dir='ltr'><strong>mirera</strong></span> 
     </span>
     <span class='ocr_line' id='line_1_58' title="bbox 88 5239 1783 5316; baseline -0.003 -17"><span class='ocrx_word' id='word_1_784' title='bbox 88 5245 184 5299; x_wconf 86' lang='lat' dir='ltr'><strong>Paria</strong></span> <span class='ocrx_word' id='word_1_785' title='bbox 210 5244 316 5298; x_wconf 80' lang='lat' dir='ltr'><strong>delicta</strong></span> <span class='ocrx_word' id='word_1_786' title='bbox 346 5251 441 5297; x_wconf 79' lang='lat' dir='ltr'><strong>orrttua</strong></span> <span class='ocrx_word' id='word_1_787' title='bbox 464 5244 629 5313; x_wconf 76' lang='lat' dir='ltr'><strong>precatione</strong></span> <span class='ocrx_word' id='word_1_788' title='bbox 658 5244 856 5298; x_wconf 79' lang='lat' dir='ltr'><strong>dierolountur.</strong></span> <span class='ocrx_word' id='word_1_789' title='bbox 900 5262 923 5299; x_wconf 92' lang='lat' dir='ltr'><strong>c.</strong></span> <span class='ocrx_word' id='word_1_790' title='bbox 942 5246 1057 5316; x_wconf 83' lang='lat' dir='ltr'><strong>semina</strong></span> <span class='ocrx_word' id='word_1_791' title='bbox 1085 5245 1197 5313; x_wconf 74' lang='lat' dir='ltr'><strong>sapiam</strong></span> <span class='ocrx_word' id='word_1_792' title='bbox 1229 5241 1374 5296; x_wconf 71' lang='lat' dir='ltr'><strong>comitiam</strong></span> <span class='ocrx_word' id='word_1_793' title='bbox 1405 5240 1507 5294; x_wconf 86' lang='lat' dir='ltr'><strong>mariti</strong></span> <span class='ocrx_word' id='word_1_794' title='bbox 1528 5240 1637 5309; x_wconf 72' lang='lat' dir='ltr'><strong>copitar</strong></span> <span class='ocrx_word' id='word_1_795' title='bbox 1659 5239 1783 5295; x_wconf 81' lang='lat' dir='ltr'><strong>alienum</strong></span> 
     </span>
     <span class='ocr_line' id='line_1_59' title="bbox 87 5325 1782 5403; baseline -0.005 -15"><span class='ocrx_word' id='word_1_796' title='bbox 87 5332 163 5388; x_wconf 84' lang='lat' dir='ltr'><strong>Eece</strong></span> <span class='ocrx_word' id='word_1_797' title='bbox 174 5336 226 5386; x_wconf 91' lang='lat' dir='ltr'><strong>ete.</strong></span> <span class='ocrx_word' id='word_1_798' title='bbox 240 5336 279 5386; x_wconf 82' lang='lat'><strong>32.</strong></span> <span class='ocrx_word' id='word_1_799' title='bbox 299 5348 325 5402; x_wconf 93' lang='lat' dir='ltr'><strong>q.</strong></span> <span class='ocrx_word' id='word_1_800' title='bbox 344 5336 375 5386; x_wconf 82' lang='lat'><strong>6:</strong></span> <span class='ocrx_word' id='word_1_801' title='bbox 399 5332 465 5384; x_wconf 90' lang='lat' dir='ltr'><strong>Non</strong></span> <span class='ocrx_word' id='word_1_802' title='bbox 484 5331 603 5397; x_wconf 79' lang='lat' dir='ltr'><strong>uidetur,</strong></span> <span class='ocrx_word' id='word_1_803' title='bbox 624 5332 701 5400; x_wconf 83' lang='lat' dir='ltr'><strong>quod</strong></span> <span class='ocrx_word' id='word_1_804' title='bbox 719 5330 791 5401; x_wconf 80' lang='lat' dir='ltr'><strong>pari</strong></span> <span class='ocrx_word' id='word_1_805' title='bbox 807 5331 923 5387; x_wconf 85' lang='lat' dir='ltr'><strong>crimine</strong></span> <span class='ocrx_word' id='word_1_806' title='bbox 949 5341 1048 5389; x_wconf 87' lang='lat' dir='ltr'><strong>tectum</strong></span> <span class='ocrx_word' id='word_1_807' title='bbox 1060 5348 1194 5403; x_wconf 79' lang='lat' dir='ltr'><strong>qrmerere</strong></span> <span class='ocrx_word' id='word_1_808' title='bbox 1207 5329 1297 5400; x_wconf 75' lang='lat' dir='ltr'><strong>ejecta</strong></span> <span class='ocrx_word' id='word_1_809' title='bbox 1311 5346 1329 5383; x_wconf 93' lang='lat' dir='ltr'><strong>a</strong></span> <span class='ocrx_word' id='word_1_810' title='bbox 1344 5327 1544 5383; x_wconf 73' lang='grc'><strong>6661116666.</strong></span> <span class='ocrx_word' id='word_1_811' title='bbox 1561 5325 1688 5381; x_wconf 66' lang='lat' dir='ltr'><strong>Manen</strong></span> <span class='ocrx_word' id='word_1_812' title='bbox 1701 5327 1782 5397; x_wconf 70' lang='lat' dir='ltr'><strong>enim,</strong></span> 
     </span>
     <span class='ocr_line' id='line_1_60' title="bbox 87 5413 1783 5492; baseline -0.004 -18"><span class='ocrx_word' id='word_1_813' title='bbox 87 5421 210 5483; x_wconf 83' lang='lat' dir='ltr'><strong>infectae</strong></span> <span class='ocrx_word' id='word_1_814' title='bbox 235 5418 323 5471; x_wconf 88' lang='lat' dir='ltr'><strong>alium</strong></span> <span class='ocrx_word' id='word_1_815' title='bbox 350 5419 385 5471; x_wconf 77' lang='grc'><strong>(16</strong></span> <span class='ocrx_word' id='word_1_816' title='bbox 415 5419 509 5471; x_wconf 83' lang='lat' dir='ltr'><strong>codem</strong></span> <span class='ocrx_word' id='word_1_817' title='bbox 525 5418 628 5487; x_wconf 82' lang='lat' dir='ltr'><strong>punire</strong></span> <span class='ocrx_word' id='word_1_818' title='bbox 642 5418 748 5486; x_wconf 75' lang='lat' dir='ltr'><strong>poerit,</strong></span> <span class='ocrx_word' id='word_1_819' title='bbox 766 5419 841 5471; x_wconf 80' lang='lat' dir='ltr'><strong>uncle</strong></span> <span class='ocrx_word' id='word_1_820' title='bbox 860 5436 922 5473; x_wconf 90' lang='lat' dir='ltr'><strong>cum</strong></span> <span class='ocrx_word' id='word_1_821' title='bbox 950 5422 999 5492; x_wconf 82' lang='lat' dir='ltr'><strong>qui</strong></span> <span class='ocrx_word' id='word_1_822' title='bbox 1020 5420 1182 5487; x_wconf 74' lang='lat' dir='ltr'><strong>laeserit,</strong></span> <span class='ocrx_word' id='word_1_823' title='bbox 1211 5434 1267 5471; x_wconf 91' lang='grc'><strong>666</strong></span> <span class='ocrx_word' id='word_1_824' title='bbox 1291 5416 1382 5469; x_wconf 82' lang='lat' dir='ltr'><strong>minue</strong></span> <span class='ocrx_word' id='word_1_825' title='bbox 1399 5414 1533 5469; x_wconf 74' lang='lat' dir='ltr'><strong>scelerate</strong></span> <span class='ocrx_word' id='word_1_826' title='bbox 1551 5413 1627 5484; x_wconf 79' lang='grc'><strong>6611,</strong></span> <span class='ocrx_word' id='word_1_827' title='bbox 1654 5429 1737 5484; x_wconf 86' lang='lat' dir='ltr'><strong>quam</strong></span> <span class='ocrx_word' id='word_1_828' title='bbox 1756 5414 1783 5467; x_wconf 84' lang='lat' dir='ltr'><strong>ri</strong></span> 
     </span>
     <span class='ocr_line' id='line_1_61' title="bbox 86 5501 1781 5577; baseline -0.004 -16"><span class='ocrx_word' id='word_1_829' title='bbox 86 5506 201 5567; x_wconf 75' lang='lat' dir='ltr'><strong>Jetdaei</strong></span> <span class='ocrx_word' id='word_1_830' title='bbox 219 5505 380 5560; x_wconf 86' lang='lat' dir='ltr'><strong>adulteram</strong></span> <span class='ocrx_word' id='word_1_831' title='bbox 393 5505 736 5577; x_wconf 70' lang='grc'><strong>6666666661666611616</strong></span> <span class='ocrx_word' id='word_1_832' title='bbox 760 5507 922 5562; x_wconf 86' lang='lat' dir='ltr'><strong>eentcntiam</strong></span> <span class='ocrx_word' id='word_1_833' title='bbox 948 5526 1019 5563; x_wconf 76' lang='lat' dir='ltr'><strong>emor</strong></span> <span class='ocrx_word' id='word_1_834' title='bbox 1045 5507 1158 5563; x_wconf 82' lang='grc'><strong>6661666</strong></span> <span class='ocrx_word' id='word_1_835' title='bbox 1189 5512 1216 5560; x_wconf 88' lang='grc'><strong>61</strong></span> <span class='ocrx_word' id='word_1_836' title='bbox 1242 5503 1447 5575; x_wconf 76' lang='lat' dir='ltr'><strong>quodammodo</strong></span> <span class='ocrx_word' id='word_1_837' title='bbox 1475 5501 1600 5557; x_wconf 76' lang='grc'><strong>66661666</strong></span> <span class='ocrx_word' id='word_1_838' title='bbox 1630 5518 1651 5553; x_wconf 88' lang='grc'><strong>6</strong></span> <span class='ocrx_word' id='word_1_839' title='bbox 1677 5501 1781 5555; x_wconf 67' lang='lat' dir='ltr'><strong>memte</strong></span> 
     </span>
    </p>

    <p class='ocr_par' dir='ltr' id='par_1_6' title="bbox 144 5598 1447 5660">
     <span class='ocr_line' id='line_1_62' title="bbox 144 5598 1447 5660; baseline -0.004 -15"><span class='ocrx_word' id='word_1_840' title='bbox 144 5598 308 5645; x_wconf 71' lang='grc'><strong>6666666</strong></span> <span class='ocrx_word' id='word_1_841' title='bbox 332 5599 379 5643; x_wconf 82' lang='lat' dir='ltr'><strong>vu</strong></span> <span class='ocrx_word' id='word_1_842' title='bbox 1416 5610 1447 5660; x_wconf 65' lang='grc' dir='ltr'><strong><em>ῃ</em></strong></span> 
     </span>
    </p>
   </div>
   <div class='ocr_carea' id='block_1_3' title="bbox 0 0 2014 6022">
    <p class='ocr_par' dir='ltr' id='par_1_7' title="bbox 0 0 2014 6022">
     <span class='ocr_line' id='line_1_63' title="bbox 0 0 2014 6022; baseline 0 3"><span class='ocrx_word' id='word_1_843' title='bbox 0 0 2014 6022; x_wconf 95' lang='lat' dir='ltr'><strong> </strong></span> 
     </span>
    </p>
   </div>
  </div>
 </body>
</html>
