4020 6022
817 298 868 355 oe
886 284 1112 358 cousoc10.'
1735 302 1796 363 ess

41 515 66 544 a
135 458 193 509 577.
230 454 365 520 Quartam
383 460 609 526 argumentorum
628 454 745 510 classem
764 454 884 526 petimus
902 469 935 506 es
962 473 1024 511 cum
1060 455 1240 528 permistione
1275 451 1429 523 apostolica
1467 451 1504 506 oh
1541 452 1682 508 hominum
1722 450 1796 506 infir

41 586 43 596 ,
100 537 303 607 imperatorum
324 540 479 612 rescriptis.
522 539 620 596 Patres
644 540 754 595 concilii
780 538 935 595 Milevituui
961 544 1084 599 mitatem
1127 557 1273 608 concessa,
1313 540 1336 593 si
1374 539 1446 593 enim
1482 537 1686 593 matrimonium
1729 541 1794 606 post

41 627 50 638 “
101 623 194 678 seculo
214 625 311 695 quinto
331 625 463 680 celebrati
479 641 540 683 cau.
563 632 602 681 l't.
621 631 761 695 statuunt,
782 627 935 695 petendam
961 629 1110 685 disortium
1139 627 1267 682 adulterii
1295 642 1380 681 causa
1403 624 1508 680 factum
1535 625 1570 679 de
1596 640 1668 679 noro
1695 622 1796 677 initum

99 726 160 763 esse
177 712 265 779 lepem
284 712 460 782 imperialem
478 713 509 764 in
526 713 579 767 isac
596 729 694 781 causa,
711 727 745 766 ex
763 726 818 783 quo
837 710 936 766 Chem·
961 733 1011 787 pro
1031 715 1144 770 crimine
1160 714 1269 768 mortali
1291 712 1449 781 habuisset,
1472 727 1615 782 nunquam
1640 710 1797 780 permissio·

99 796 190 850 nicius
215 797 336 869 colligit,
366 815 454 869 usque
483 798 520 852 sd
554 797 603 853 illa
628 805 753 868 tempora
781 797 864 852 etiam
883 797 935 852 sub
961 819 1024 857 nem
1048 800 1124 855 illam
1141 800 1333 871 episcoporum
1351 797 1497 867 probasset
1524 813 1576 851 uec
1602 812 1670 850 cum
1688 800 1796 866 aposto·

98 879 264 937 Christianis
280 883 493 953 imperatoribus
512 899 566 937 non
584 884 672 938 luisse
691 884 781 955 legem
801 901 850 938 seu
869 899 934 937 oon·
960 888 1015 942 lica
1043 886 1224 958 permissione
1250 889 1445 955 comparasset
1487 883 1517 938 Si
1547 882 1619 937 euim
1651 888 1797 952 peccatum

96 968 270 1024 stitutionem
289 969 481 1041 prohibentem
501 969 637 1039 ejusmodi
658 970 841 1024 matrimonia.
879 968 935 1025 Ne·
961 973 1077 1027 mortale
1102 973 1263 1040 committit,
1303 971 1350 1043 qui
1379 985 1465 1024 uxore
1492 976 1605 1039 propter
1631 968 1797 1023 adulterium

96 1070 152 1124 que
177 1071 243 1109 vero
273 1056 471 1125 posterioribus
498 1057 669 1127 temporibus
701 1056 785 1111 talem
804 1056 895 1127 legem
918 1072 935 1110 a
961 1058 1109 1128 repudiata
1133 1058 1217 1113 aliam
1235 1057 1325 1120 ducit,
1350 1056 1423 1111 mals
1447 1055 1560 1110 omnino
1583 1054 1718 1125 Origenes
1740 1053 1797 1123 epi·

96 1138 261 1195 Christianis
284 1142 497 1213 imperatoribus
515 1143 716 1213 impetrarunt,
735 1149 767 1196 ut
786 1160 819 1197 ex
840 1142 935 1197 codice
962 1160 1060 1214 scopos
1083 1143 1146 1198 illos
1172 1143 1329 1212 excusavit,
1354 1141 1402 1212 qui
1421 1141 1587 1195 adulterium
1605 1139 1797 1210 permiserunt,

97 1225 249 1281 lastiniani
267 1228 443 1283 manifestum
468 1236 516 1285 est
557 1227 659 1285 Confer
678 1229 767 1298 legem
784 1227 933 1283 Theodosii
962 1235 994 1285 ut
1017 1230 1227 1285 fornicationem
1253 1227 1439 1299 prohiberent.
1487 1225 1587 1298 Neque
1613 1233 1706 1280 tamen
1732 1225 1796 1279 huic

95 1319 124 1368 et
150 1312 338 1368 Valentiniani
367 1313 586 1370 Christianorum
620 1315 830 1385 imperatorum,
863 1330 935 1386 quae
963 1317 1092 1389 Origenis
1108 1316 1265 1371 testimonio
1290 1315 1406 1368 multum
1428 1312 1577 1367 tribuimus
1605 1318 1663 1366 tum
1684 1320 1797 1381 propter

96 1403 188 1454 exstat
205 1398 266 1454 libr.
285 1406 309 1455 5
322 1398 389 1454 Cod
409 1400 451 1454 tit.
465 1400 499 1455 de
515 1400 638 1470 repudiis
661 1408 712 1455 etc.
743 1386 936 1454 Duareuusde
962 1412 1116 1466 auctorem,
1147 1401 1195 1472 qui
1222 1399 1298 1469 apud
1332 1398 1535 1454 ecclesiasticos
1559 1397 1706 1467 scriptores
1724 1397 1789 1466 Epi·

96 1483 195 1538 divort
231 1483 341 1554 probat,
386 1483 520 1540 Corolum
555 1485 707 1554 Mopsum,
754 1485 934 1552 lucdovicum,
960 1486 1254 1558 phauiuminhaeresi
1267 1485 1415 1583 Origenist
1433 1484 1635 1553 Hieronymum
1655 1483 1735 1553 epist
1750 1489 1791 1540 ro.

95 1568 264 1623 Latiar-ium
294 1578 345 1627 etc.
382 1572 527 1635 statuisse,
569 1572 647 1640 quad
685 1578 753 1641 post
784 1571 934 1624 disortium
960 1573 1151 1629 Bernhardum
1172 1570 1377 1641 deverborig.
1397 1571 1565 1626 collibet
1583 1577 1677 1639 patres
1694 1568 1793 1640 synodi

92 1665 213 1726 propter
238 1657 410 1711 adsdterium
429 1659 539 1722 sactum
565 1658 651 1711 liceat
681 1658 765 1711 alind
789 1658 932 1711 mot-rima·
960 1668 1054 1716 sextae
1077 1657 1401 1727 Constantinopolitanae
1425 1655 1515 1710 collat
1543 1661 1567 1712 ιι.
1590 1671 1650 1710 can.
1677 1661 1715 1710 ιι.
1740 1671 1795 1709 uon

96 1743 175 1795 nium
192 1742 364 1798 contrahere.
401 1742 491 1796 Addit
507 1743 599 1810 etiam,
619 1761 674 1795 non
693 1759 753 1795 esse
770 1743 933 1809 uerisimile,
960 1746 1063 1816 optime
1081 1744 1173 1808 audit;
1191 1749 1249 1797 tum
1269 1749 1384 1813 propter
1404 1743 1495 1810 ipsum
1514 1743 1633 1808 dictum,
1659 1740 1733 1810 quod
1755 1741 1794 1794 ni·

99 1831 177 1897 quod
209 1837 331 1898 tempore
367 1829 528 1882 lastiniani
561 1830 641 1883 locas
679 1830 832 1898 ecanpelii,
878 1847 932 1898 quo
959 1832 1028 1886 titur
1039 1830 1111 1885 falsa
1124 1829 1280 1900 hypothesi,
1295 1828 1374 1900 quasi
1391 1827 1595 1881 matrimonium
1607 1826 1677 1881 illud
1690 1832 1796 1897 pugnet
1860 1858 1863 1865 ·

96 1930 152 1967 sino
187 1915 350 1971 canonistas
382 1915 527 1984 nituntur,
562 1916 648 1970 aliter
678 1915 836 1969 intellectus
870 1917 932 1980 fue·
959 1936 1022 1973 oum
1039 1917 1101 1972 loco
1125 1916 1276 1987 apostolico
1300 1914 1380 1972 Rom.
1400 1921 1424 1970 7.
1466 1919 1491 1970 2.
1511 1915 1725 1981 Hieronymum,
1746 1911 1795 1983 qui

96 2001 150 2069 rit,
189 2017 273 2068 quam
310 2009 340 2052 ut
375 2018 437 2053 cum
471 2001 616 2068 euanpelio
652 2009 743 2054 staret
771 2001 967 2054 Justimani
959 2022 988 2058 ιιι
1008 2003 1088 2073 epist
1113 2004 1149 2056 ad
1174 2002 1316 2057 Oceanum
1341 1999 1378 2055 de
1403 1999 1482 2054 obitu
1499 1999 1633 2053 Fabiolae
1651 2006 1794 2061 memorat,

96 2085 248 2153 lepisluts'o.
960 2090 1123 2156 Fabiolam,
1147 2105 1219 2157 quae
1240 2094 1307 2156 post
1329 2086 1482 2155 lepitimum
1510 2085 1662 2139 disortium
1688 2085 1794 2138 vivente

132 2177 193 2229 tlt.
229 2171 360 2235 Quintam
380 2149 606 2243 argumentorum
624 2173 740 2228 classem
763 2174 933 2244 complemus
955 2177 1055 2246 priore
1074 2176 1176 2229 marito
1195 2175 1281 2227 alteri
1298 2182 1444 2243 nupserat,
1461 2173 1608 2241 publicam
1622 2173 1712 2241 spisse
1730 2188 1793 2241 pas·

41 2270 84 2313 ιιι
97 2273 131 2311 cx
147 2258 314 2311 testimoniis
329 2266 452 2326 patrum.
500 2256 675 2313 Chemnicius
693 2259 849 2314 adducitl.
868 2259 932 2313 Ori·
959 2263 1119 2330 pitantiam,
1146 2278 1178 2314 ιι
1200 2262 1364 2329 prodesset
1387 2269 1485 2313 eontra
1506 2260 1628 2328 riporem
1647 2258 1793 2326 eoanpels'i,

41 2334 193 2414 'penem
218 2342 630 2399 inc.18.Matth.tract.i:
657 2346 694 2399 In
718 2346 798 2399 Nouo
825 2360 932 2413 quomis
959 2350 1009 2417 pai
1025 2347 1185 2401 universam
1203 2346 1393 2399 causationem
1412 2346 1536 2398 nolendi
1551 2345 1702 2398 sinentibus
1721 2344 1793 2397 uiris

99 2422 275 2484 Testamento
302 2438 366 2482 sunt
402 2432 543 2498 quosdam
570 2448 626 2484 non
654 2431 808 2484 recaredum
835 2447 930 2484 aeram
956 2436 1073 2500 feminis
1097 2440 1239 2501 amputat,
1267 2437 1360 2486 tamen
1390 2429 1484 2496 addit,
1511 2430 1592 2482 illum
1620 2430 1672 2482 too
1689 2447 1745 2483 non
1762 2437 1794 2483 ut

89 2516 250 2584 justitium,
275 2516 327 2568 sed
346 2516 497 2568 secundum
522 2517 660 2568 duritiam
676 2517 773 2569 cordis
789 2516 931 2569 lominum
957 2528 1102 2591 peccatum
1121 2519 1241 2573 mortale
1257 2516 1433 2578 commisisse,
1450 2531 1499 2568 nec
1511 2523 1619 2568 tontum
1634 2515 1795 2584 Papiniani

94 2601 256 2655 carnalium
286 2602 453 2668 constituta,
482 2607 514 2653 ut
538 2609 612 2669 puta
643 2610 763 2673 propter
793 2603 930 2656 duritiam
958 2609 1032 2675 tepes
1056 2613 1192 2671 secretam,
1218 2605 1270 2656 sed
1289 2603 1393 2668 fecisse
1419 2602 1471 2654 loc
1488 2601 1577 2669 justo
1600 2601 1680 2654 dicta
1695 2601 1793 2667 Pauli,

94 2689 193 2741 cordis
209 2688 297 2740 vestri
313 2687 358 2739 leo:
370 2688 440 2739 data
453 2694 495 2739 cst
514 2687 624 2740 dicens:
643 2688 810 2741 Bonumest
827 2688 932 2741 lamini
956 2694 1114 2747 meliorest
1142 2691 1244 2743 nubere
1269 2707 1354 2757 quam
1378 2688 1444 2755 uri,-
1474 2687 1540 2741 item
1565 2687 1639 2756 uolo,
1659 2687 1793 2756 juniores

94 2773 240 2826 mulierem
258 2789 314 2825 non
331 2780 454 2841 sarpere,
467 2780 587 2842 propter
605 2774 825 2837 fornicationem
837 2782 929 2827 antem
955 2781 1058 2833 oidrsos
1074 2778 1236 2840 nubere,'ne
1255 2782 1452 2829 conumtantur
1465 2782 1531 2843 post
1549 2774 1695 2830 Salonam.
1733 2772 1793 2829 Neo

94 2857 284 2927 unmpsssbqus
308 2858 461 2928 propriam
484 2858 586 2912 tabeat
610 2877 725 2912 acorem
745 2868 771 2912 et
787 2876 929 2928 unaquae-
957 2865 1070 2936 publica
1091 2863 1224 2918 Fabiolae
1248 2861 1419 2932 poenitentia
1443 2859 1543 2930 elficit,
1567 2869 1714 2930 peccatum
1731 2873 1792 2913 esse
1869 2919 1872 2923 ,

94 2962 148 3015 que
161 2945 314 3014 proprium
332 2945 433 3000 ιιιιιι.
481 2943 516 2997 δι’
540 2953 632 2998 entem
650 2946 702 2999 loo
715 2954 834 3015 propter
851 2947 930 3000 duri·
956 2950 1118 3020 simpliciter
1138 2948 1254 3003 mortale
1277 2955 1305 3002 et
1325 2945 1496 3012 damnabile,
1522 2962 1585 2999 nam
1610 2951 1639 2999 et
1655 2944 1724 3013 illis,
1743 2944 1791 3015 qui

94 3033 164 3085 ιιιιι
192 3029 288 3085 cardis
316 3031 408 3084 nostri
434 3033 596 3084 mandatum
624 3039 679 3096 est,
709 3039 813 3100 quanta
838 3034 930 3100 mapis
956 3037 1111 3091 adulteram
1136 3035 1196 3089 sins
1223 3032 1341 3086 divortio
1365 3031 1535 3098 retinebant,
1564 3030 1681 3084 duorum
1705 3037 1791 3100 atque

93 3118 172 3171 illud
186 3124 306 3186 propter
324 3117 460 3169 duritiam
475 3116 571 3169 cordis
588 3117 681 3169 nostri
697 3124 745 3186 est,
765 3119 842 3186 quod
859 3119 931 3171 olibi
955 3122 1038 3177 trium
1056 3122 1141 3174 etiam
1160 3135 1293 3173 annorum
1312 3117 1481 3187 poenitentia
1505 3124 1571 3169 tune
1589 3114 1790 3187 imponebatur,

94 3204 166 3258 dt‘tt’i
197 3203 232 3256 dt
256 3201 351 3255 viduit
373 3201 527 3256 ”timim
554 3202 656 3255 ilerum
682 3203 800 3256 uthere-¹
822 3202 930 3265 Quodsi
956 3214 985 3261 et
1003 3207 1128 3261 duriores
1146 3204 1257 3260 omnino
1277 3202 1391 3257 luerunt
1408 3209 1516 3256 veteres
1536 3201 1663 3267 feminis,
1681 3218 1717 3256 ne
1736 3202 1790 3255 illis

92 3305 124 3343 se
146 3306 202 3342 nan
228 3287 381 3353 continent,
406 3287 521 3350 nutant,
547 3287 647 3340 melius
669 3296 709 3341 est
729 3289 802 3343 enim
826 3291 929 3343 nubem
955 3298 1019 3363 post
1038 3290 1187 3346 divortium
1213 3290 1330 3343 alterum
1356 3287 1553 3342 concederetur
1578 3287 1790 3342 matrimonium.

93 3392 177 3445 quom
210 3376 280 3429 urii
320 3374 385 3428 Scio
417 3373 499 3444 enim,
532 3376 678 3442 quosdam,
710 3377 760 3443 qui
791 3385 929 3445 praesunt
955 3380 1067 3449 Excipit
1082 3375 1284 3451 ‘Bellarmiuus‚
1305 3375 1507 3441 Hieronymum
1526 3374 1665 3428 Fabiolae
1680 3374 1791 3437 sactum

93 3461 234 3524 ecclsmis,
265 3467 346 3514 entra
380 3459 556 3529 Scriptorum
582 3461 763 3528 permisisse,
801 3463 928 3530 aliquam
951 3483 1009 3535 pro
1033 3473 1150 3533 peccato
1179 3461 1296 3514 mortali
1321 3468 1348 3513 et
1373 3461 1546 3529 poenitentia
1570 3461 1656 3529 dipno
1680 3460 1790 3527 balim,

92 3547 196 3601 nubere
223 3547 284 3600 siro
312 3546 410 3614 priore
434 3545 550 3614 virente,
576 3554 601 3599 et
620 3555 722 3600 contra
750 3547 928 3617 Scripturam
956 3554 1032 3622 quod
1060 3552 1092 3604 in
1119 3549 1246 3619 aliorsum
1279 3547 1342 3616 ejus
1374 3547 1579 3600 maranen
1609 3547 1791 3599 adducuntur
1804 3555 1857 3601 m
1876 3557 1920 3601 ιιι

92 3634 207 3704 quidem
220 3634 351 3698 lecerunt
363 3632 514 3684 dicentem:
536 3632 645 3685 Mulier
658 3633 749 3702 lipata
760 3643 808 3700 est,
823 3643 928 3703 quanto
954 3638 1038 3690 ιιιιι
1055 3636 1157 3704 Pauli,
1179 3633 1279 3688 melius
1299 3641 1339 3685 est
1361 3634 1567 3702 anteaquam
1583 3633 1643 3695 uri,
1667 3638 1693 3684 et
1718 3631 1789 3700 colo,
1839 3666 1842 3671 -

91 3720 301 3789 temperarint
319 3719 363 3770 cir
382 3717 460 3786 ejus,·
478 3718 561 3771 item:
585 3718 696 3772 Vivente
714 3720 776 3773 uiro
794 3723 928 3774 adultero
954 3722 1082 3792 juniores
1099 3722 1202 3775 uiduae
1220 3719 1338 3786 nulrm,
1368 3719 1434 3771 idco
1450 3725 1562 3787 ,tantum
1577 3718 1734 3786 pertinere,
1758 3724 1790 3770 ut

92 3805 250 3871 occulitur,
275 3805 302 3857 si
325 3807 408 3868 sacto
424 3805 523 3870 fuerit
545 3804 632 3858 alteri
647 3805 718 3859 ciro.
753 3807 820 3860 Non
835 3815 928 3861 tamen
955 3809 1099 3875 ostendat,
1130 3807 1212 3859 illam
1238 3804 1347 3873 purtim
1373 3818 1408 3856 es
1426 3804 1603 3869 infirmitate,
1629 3805 1737 3872 partim
1755 3816 1789 3857 sor

93 3893 206 3944 omnino
231 3890 292 3943 sine
317 3907 405 3943 causa
425 3890 476 3944 toa
491 3891 690 3958 permiserunt,
706 3893 832 3956 forsitan
858 3896 929 3947 enim
954 3895 1118 3965 ipnoruntio
1131 3907 1279 3961 peccasse,
1296 3890 1503 3943 existimauerat
1521 3890 1594 3942 enim
1614 3890 1682 3953 illa,
1702 3890 1744 3942 ad
1760 3904 1789 3941 se

88 3984 211 4045 propter
227 3976 391 4044 hujusmodi
414 3977 607 4042 infirmitatem
632 3977 862 4032 incontinentium
881 3980 929 4034 ho·
950 3981 1096 4051 pertinere
1113 3977 1182 4031 illas
1199 3977 1365 4044 renuntias,
1386 3983 1444 4028 tum
1462 3977 1530 4044 puio
1548 3975 1698 4042 ipnoralrat
1713 3977 1789 4044 ripo-

92 4063 213 4128 minum,
239 4061 372 4129 pejorum
399 4063 628 4131 comparatione,
658 4080 731 4133 meae
757 4065 833 4117 mala
859 4073 929 4130 sunt,
954 4084 1014 4120 rem
1033 4063 1187 4132 esanpelii,
1223 4068 1279 4115 tum
1317 4063 1385 4131 quia
1415 4062 1652 4131 concupiscentiae
1681 4063 1790 4116 ardore

88 4148 281 4218 permiserunt
306 4149 441 4201 adamam
466 4163 515 4212 ea,
544 4164 615 4218 puae
645 4149 682 4202 ab
706 4151 789 4205 initio
813 4152 930 4215 fuerant
955 4170 984 4207 se
1014 4151 1153 4219 fallebat.
1205 4148 1427 4219 Respondemus:
1465 4164 1499 4202 ex
1530 4163 1564 4202 eo
1596 4147 1671 4217 ipso,
1715 4145 1790 4217 quod

92 4234 209 4303 scripta.
257 4232 344 4288 Notat
371 4231 562 4302 Chemnicius,
594 4234 742 4307 Origeuem
769 4253 931 4308 comparare
955 4236 1100 4293 Fabiolam
1147 4236 1248 4305 partim
1305 4251 1339 4289 ex
1386 4233 1546 4289 infirmitate
1606 4233 1709 4304 partim
1756 4250 1790 4289 ex

93 4318 166 4375 hano
198 4319 405 4389 permissionem
437 4319 630 4390 episcoporum
661 4339 724 4375 cum
751 4323 931 4392 permissione
956 4321 1114 4396 ignorantia
1154 4336 1283 4389 peccasse
1319 4320 1429 4388 statuit,
1463 4325 1610 4390 peccatum
1642 4320 1702 4389 ejus
1734 4335 1791 4373 nou

93 4406 224 4471 Paulina,
250 4413 370 4475 propter
382 4407 607 4471 fornicationem
625 4408 725 4462 habeat
742 4410 930 4479 unusquisque
955 4426 1047 4464 coram
1076 4407 1131 4463 Dei
1157 4406 1282 4475 judicio,
1312 4406 1360 4460 sed
1390 4412 1500 4459 tautum
1532 4422 1624 4460 coram
1657 4404 1790 4460 ecclesiae

89 4508 204 4546 osorem
215 4510 304 4558 suant,
318 4509 418 4545 rursus
431 4493 578 4560 conserite,
595 4509 631 4546 ne
650 4501 733 4546 tentet
744 4510 792 4546 uos
807 4495 930 4549 &tanos
953 4496 1060 4569 judicio
1077 4494 1192 4548 mortale
1217 4497 1245 4546 ot
1263 4491 1433 4560 poenitentia
1457 4490 1573 4562 dignum
1591 4491 1677 4545 fuisse
1695 4505 1789 4545 conss·

90 4584 222 4650 sicergo
238 4595 293 4632 uon
312 4577 442 4649 intelligit
455 4578 663 4648 permissionem
676 4579 797 4632 criminis
807 4581 929 4634 mortalis
956 4583 1059 4654 quitur.
1079 4573 1209 4633 'Publica
1219 4578 1390 4647 poenitentia
1406 4577 1537 4649 imposita
1555 4576 1609 4632 fuit
1625 4578 1709 4631 etiam
1726 4575 1790 4646 illis,

89 4665 288 4720 conscientiam
301 4665 438 4717 vastantis
454 4663 856 4734 etgratiameffundentisctc.
875 4665 931 4720 Ex·
955 4668 1002 4739 qui
1038 4667 1182 4721 demortua
1212 4663 1305 4734 priore
1336 4679 1420 4718 uxore
1452 4663 1489 4717 ad
1520 4664 1656 4719 secundas
1677 4663 1790 4732 nuptias

89 4749 159 4821 cipit
172 4749 364 4813 Bellarmiuus‚
378 4750 526 4818 Oripenem
535 4751 707 4818 sipnificare,
719 4753 795 4818 quod
802 4753 930 4820 episcopi
954 4767 1113 4824 processere
1132 4754 1204 4804 teste
1222 4748 1391 4804 Bellarmino
1411 4750 1440 4803 in
1451 4766 1523 4819 resp.
1544 4751 1579 4804 ad
1592 4765 1650 4821 arg.
1664 4754 1689 4805 o.
1708 4766 1789 4806 nemo

89 4838 139 4891 illi
146 4836 329 4905 permiserint
341 4853 400 4889 rem
414 4835 558 4889 inclamet
573 4837 714 4906 illicitam,
731 4846 760 4891 ut
774 4855 807 4891 eu
820 4839 928 4892 driobm
953 4847 1046 4893 tamen
1068 4834 1182 4901 dixerit,
1207 4852 1253 4891 eas
1271 4852 1322 4907 pro
1341 4842 1458 4906 peccato
1481 4836 1591 4890 mortali
1609 4835 1695 4892 fuisse
1712 4837 1788 4893 habi·

91 4922 175 4976 nata
191 4922 327 4990 eliperent
352 4924 444 4975 minus
460 4923 580 4990 molum,
604 4941 654 4976 nec
684 4927 847 4994 comparari
860 4941 927 4994 per·
952 4932 1003 4980 tas.
1041 4925 1173 4978 Fatemur
1188 4929 1282 4976 tamen
1298 4921 1373 4976 haud
1386 4921 1474 4984 inviti,
1492 4920 1694 4992 Hieronymum
1713 4923 1788 4979 ineo

89 5008 250 5061 missionem
269 5007 351 5061 illam
369 5008 564 5078 episcoporum
581 5026 642 5061 cum
657 5012 845 5080 permissione
858 5028 925 5080 apo·
952 5011 1130 5075 hallucinari,
1150 5009 1224 5081 quod
1245 5009 1362 5075 statuit,
1380 5007 1541 5080 conjugium
1565 5004 1640 5063 facto
1657 5009 1788 5065 adulterii

89 5094 193 5148 stolica
209 5093 268 5146 nisi
286 5093 317 5145 in
335 5109 375 5161 eo,
396 5096 473 5162 qnod
489 5096 657 5163 utropuesit
671 5096 822 5164 permissio
840 5114 925 5165 quoe·
951 5113 1037 5152 causa
1060 5096 1178 5151 divortio
1207 5103 1378 5149 contractum
1406 5109 1532 5165 pugnare
1558 5111 1621 5148 cum
1649 5096 1788 5168 evangelii

89 5181 159 5233 dam
185 5195 319 5233 concessa
348 5180 382 5233 ab
407 5181 548 5233 lominum
572 5182 768 5242 infirmitatem,
801 5181 925 5252 Respou·
951 5187 1046 5252 uipore
1071 5181 1116 5237 rel
1141 5184 1187 5252 (ut
1213 5181 1261 5236 alii
1289 5181 1397 5252 legunt)
1424 5184 1520 5251 ripere
1549 5187 1578 5237 et
1601 5199 1664 5237 cum
1695 5182 1787 5238 serbis

93 5265 203 5321 demus:
223 5266 430 5319 matrimonium
448 5273 512 5337 post
529 5265 677 5320 divortium
693 5266 822 5321 adulterii
841 5284 927 5323 causa
950 5269 1086 5341 apostoli:
1109 5269 1184 5322 liuor
1203 5285 1223 5321 a
1240 5269 1303 5321 niro
1325 5285 1383 5321 non
1404 5267 1547 5336 ιιιιειιιιι,
1570 5268 1598 5321 si
1618 5270 1787 5335 duomscrit,

89 5349 195 5407 facturn
222 5368 277 5406 non
305 5357 414 5449 pugnat
439 5368 502 5406 cum
520 5349 666 5420 Scriptura
682 5358 757 5406 recte
776 5353 925 5423 intellecta,
950 5373 1064 5410 manere
1090 5357 1245 5422 innuptam.
1292 5353 1468 5409 θοιιιιιίιιιιι
1491 5354 1565 5409 enim
1589 5354 1716 5427 superius
1739 5352 1787 5409 de·

88 5436 165 5492 ssd
157 5454 186 5490 ru
203 5437 381 5506 peregrinum
400 5454 511 5492 sensum
537 5436 654 5503 detorta.
690 5435 778 5492 Nobis
797 5437 924 5494 hocloco
935 5449 1131 5507 monstratum
1156 5440 1218 5495 tuit
1255 5446 1279 5496 3.
1298 5441 1495 5510 Ambrosium,
1520 5441 1568 5511 qui
1591 5441 1663 5496 iul.
1684 5438 1745 5494 Cor.
1764 5444 1786 5494 l.

87 5521 200 5594 sufficit,
220 5522 297 5594 quod
310 5520 446 5595 Origenes
457 5522 665 5594 permissionem
683 5521 760 5577 illam
773 5531 923 5595 comparet,
935 5490 972 5568 i
950 5543 992 5581 stc
1011 5531 1228 5582 commentatur:
1246 5526 1313 5581 Non
1327 5526 1502 5596 permittitur
1513 5527 1635 5591 mulieri,
1651 5533 1682 5579 ut
1691 5525 1787 5595 nutat
