4020 6022
777 211 830 269 DE
849 207 1048 269 consutile.
1703 222 1764 283 289

69 370 251 427 Christium
267 379 363 427 οιιιιιω
379 371 421 425 ad
436 370 551 442 nuptias
564 370 707 439 plaudere
726 370 769 425 uel
787 362 907 437 muare,
931 363 1047 420 confuso
1072 381 1140 421 sexu
1166 364 1327 421 mulieribus
1352 364 1504 421 combinati
1527 367 1639 424 saltm.
1687 374 1713 423 3.
1737 372 1765 425 A

65 459 120 512 sed
136 457 334 512 amenitas
353 474 470 512 coenare
488 457 533 512 sel
544 458 710 526 prandere,
732 457 804 511 siout
825 454 906 509 Obri-
929 452 1036 515 forma
1066 451 1189 509 Chorene
1208 456 1347 509 nostrates
1363 452 1435 508 fiunt
1452 452 1577 524 gestibus
1596 460 1625 509 et
1643 454 1764 510 motibus

63 544 175 598 stubam
193 545 281 599 deest
322 542 425 599 Couim
444 559 469 598 c.
487 541 655 615 Presbyteri.
680 541 799 597 distInct
819 547 861 598 34.
882 558 904 598 o.
930 536 1126 609 incompositis,
1146 538 1264 603 rusticis,
1277 539 1314 595 sd
1325 538 1467 595 levitatem
1478 541 1645 610 compositis,
1658 541 1765 597 nullum

64 627 95 683 Si
131 629 195 700 quis
229 635 271 685 26.
309 634 414 699 quaest.
455 634 479 684 7.
521 628 564 681 Er
592 626 793 683 recentioribus
825 627 904 682 multi
931 623 1082 681 onomast
1099 624 1237 695 ordinem,
1262 624 1369 680 nullum
1393 624 1557 682 decentiam.
1594 631 1619 680 A.
1647 628 1674 680 A
1697 630 1763 699 fine.

67 713 220 785 scriptores
248 713 363 769 moreau
395 712 576 769 dstnuntm.
625 712 749 768 lacobus
781 713 817 769 de
848 713 905 770 Vo-
930 709 1054 767 Choreas
1079 710 1263 766 instituuntur
1290 710 1345 767 fine
1373 728 1429 767 non
1456 711 1542 776 bono,
1571 729 1627 767 non
1650 715 1688 769 ad
1710 716 1764 770 Dei

65 798 165 870 regine
185 798 261 870 dicit,
280 801 398 855 aborsus
415 817 547 868 mapsam
566 800 703 869 injuriam
717 801 781 854 Deo
792 800 903 865 fecisse,
930 796 1065 867 gloriam,
1098 803 1130 852 ut
1148 797 1284 853 Miriamis
1315 797 1415 853 sororis
1442 798 1565 869 Moysis,
1593 798 1711 855 Doridis
1736 811 1765 857 et

65 902 98 941 so
131 888 210 956 quod
239 887 415 941 barisanam
439 886 530 955 ipsius
550 885 720 955 prophetam
743 884 904 939 Jobannern
930 880 1048 937 aliorum
1067 874 1236 953 renatorum,
1254 883 1303 939 sed
1320 888 1352 937 ut
1370 885 1461 939 carnis
1477 884 1588 940 libidini
1600 886 1764 958 obsequium

66 972 234 1042 Bapts'starn
253 972 416 1027 conduint.
442 970 603 1042 Discipulos
616 970 787 1042 detempore
800 970 905 1041 alleget
930 974 959 1023 et
976 969 1131 1025 fomentum
1148 976 1318 1041 praestetur,
1345 976 1376 1024 ut
1396 971 1637 1040 concupiscentiae
1654 973 1764 1029 fervore

66 1056 175 1111 dictum
201 1056 368 1129 Augustini:
403 1055 527 1119 Quilibet
555 1057 647 1112 saltus
678 1057 708 1111 in
735 1057 837 1110 chorea
863 1062 903 1109 est
928 1053 986 1108 viui
1003 1071 1137 1112 acceusae
1155 1056 1341 1127 indulgeatur.
1386 1060 1412 1111 b.
1430 1056 1473 1109 Ab
1492 1048 1611 1127 effectis(
1640 1058 1764 1116 Chorene

64 1143 159 1197 saltm
185 1143 217 1197 in
232 1143 414 1213 profsnudura
439 1143 563 1210 inferni,
598 1159 661 1198 cum
694 1160 750 1215 quo
775 1139 903 1212 congruit
929 1140 1032 1195 obsunt
1064 1140 1143 1197 bonis
1175 1140 1312 1209 moribus,
1344 1141 1410 1212 quia
1439 1147 1496 1197 tam
1520 1143 1654 1200 saltantes
1679 1162 1762 1216 quam

68 1228 140 1283 illud
163 1227 311 1285 Cuillermi
335 1229 365 1283 in
388 1244 487 1301 evang.
506 1228 608 1285 domin.
625 1229 774 1301 asponon:
805 1229 902 1283 Οιιιιιιι
928 1231 1086 1298 spectantes
1099 1226 1243 1296 proniores
1267 1226 1305 1281 ed
1323 1227 1465 1282 libidinem
1491 1227 1646 1300 dimittunt,
1671 1236 1762 1286 castas

63 1322 154 1369 motus
165 1315 345 1384 petulantias
361 1315 451 1369 sultsu
470 1322 511 1369 est
530 1315 559 1368 in
572 1317 753 1386 profundum
780 1315 903 1369 euacua
927 1310 1035 1382 puellas
1061 1318 1089 1366 st
1114 1319 1254 1368 matronas
1291 1312 1481 1369 dissolutiores
1518 1315 1652 1386 reddunt,
1684 1334 1762 1374 vere·

64 1398 232 1455 GuilIclmus
251 1400 449 1472 Lugdunensis
467 1400 597 1457 choream
620 1401 661 1457 sic
689 1401 797 1471 definit,
827 1399 902 1471 quod
928 1397 1058 1453 cundiam
1084 1399 1218 1454 ammonis
1250 1405 1278 1454 et
1294 1406 1424 1470 gestuum
1442 1400 1626 1467 labefactent,
1656 1404 1760 1473 cogita-

62 1485 100 1541 sit
128 1487 266 1555 cuculus,
296 1489 378 1557 cujus
409 1495 532 1542 connum
561 1495 602 1542 est
628 1488 772 1557 diabulau,
801 1506 820 1541 a
847 1504 902 1556 quo
927 1483 1017 1539 dones
1037 1501 1139 1555 pravas
1157 1484 1256 1540 animis
1273 1485 1412 1540 instillant
1431 1492 1482 1541 etc.
1518 1487 1640 1542 Eaedem
1660 1489 1762 1545 obsunt

62 1589 159 1627 onsnes
182 1573 306 1644 sirpinss
330 1590 380 1628 seu
405 1574 538 1628 mulieres
567 1577 708 1628 ducamur
730 1575 762 1628 in
784 1574 902 1628 sinistra
927 1569 1122 1643 tranquillitati
1140 1571 1283 1642 publicae,
1301 1572 1367 1643 quia
1382 1588 1415 1626 cx
1433 1572 1488 1627 illis
1499 1574 1654 1631 nouaclum
1665 1584 1762 1647 stupra

63 1676 151 1713 rnanu
167 1659 199 1713 in
217 1660 329 1729 sipnurn
348 1660 484 1715 πιαιίιίιιο.
513 1659 675 1716 Fridericus
688 1660 738 1715 III.
752 1660 902 1730 imperator
927 1662 956 1711 et
974 1656 1129 1723 adulteria,
1154 1656 1203 1713 sed
1222 1657 1306 1713 etiam
1320 1658 1415 1729 jurgia
1433 1664 1462 1713 et
1479 1658 1579 1714 caedes
1595 1669 1680 1732 atque
1698 1662 1762 1731 alia,

62 1745 201 1801 referente
229 1744 328 1801 Aenea
358 1742 455 1816 Sylvio
485 1744 594 1801 solebat
625 1745 730 1812 dicere,
759 1764 789 1800 se
815 1746 901 1801 malle
928 1741 1031 1814 quibus
1054 1743 1167 1814 publica
1193 1744 1379 1815 tranquillitas
1407 1745 1543 1815 violatur,
1573 1746 1638 1803 oriri
1656 1749 1760 1819 experi-

59 1832 229 1896 fsbricitare
253 1850 338 1902 quarn
362 1834 481 1888 sabare.
530 1832 691 1903 Alphousus
713 1834 825 1890 Siciliae
854 1850 901 1888 rer
927 1830 1018 1885 entiae
1044 1829 1202 1885 testimonio
1232 1830 1438 1902 comprobatur.
1488 1832 1613 1903 Populus
1637 1834 1692 1890 Dei
1719 1837 1760 1891 in-

61 1916 161 1973 Gallos
179 1935 213 1974 ex
230 1936 264 1975 eo
279 1920 355 1975 lsres
363 1918 520 1990 judicabat,
540 1923 618 1989 quod
628 1921 735 1976 aborsis
744 1921 900 1989 plurimum
926 1916 1004 1986 genti
1027 1916 1114 1972 caede
1138 1917 1221 1972 saltat
1243 1916 1279 1972 ad
1303 1924 1418 1973 mortem
1445 1916 1534 1973 Exodi
1559 1936 1583 1973 c.
1610 1925 1658 1990 32,
1689 1940 1715 1976 ιι.
1735 1930 1759 1979 6.

62 2003 253 2074 indulperent.
295 2005 388 2061 lulius
405 2005 508 2061 Caesar
526 2006 652 2077 Scaliger
682 2005 785 2062 dixisse
803 2006 899 2071 fertur,
925 2001 1064 2058 Herodias
1082 2009 1168 2074 caput
1184 2002 1330 2073 Baptistae
1349 2002 1479 2058 saltando
1504 2004 1644 2060 abscindit
1660 2005 1759 2065 hlatth.

60 2107 91 2145 se
110 2108 167 2145 nors
183 2092 288 2146 uidisse
306 2095 431 2162 majores
443 2092 567 2162 ineptias
585 2094 615 2147 in
628 2093 790 2161 orbaquarn
810 2093 897 2147 salta·
925 2104 949 2141 c.
974 2094 1012 2154 11,
1032 2107 1058 2145 v.
1079 2094 1104 2144 b.
1151 2089 1185 2157 ste
1217 2091 1303 2157 tutaret
1329 2089 1385 2145 bem
1418 2088 1528 2160 heiligen
1560 2092 1684 2161 {inbuant
1712 2095 1760 2149 beu

61 2177 169 2247 tiones..
194 2176 356 2233 Ludovicus
372 2179 458 2237 Vives
479 2179 509 2233 in
527 2177 597 2235 libro
616 2180 651 2233 de
670 2178 786 2234 institut.
803 2177 897 2234 semin.
924 2175 994 2244 liubi
1023 2175 1065 2231 ab.
1116 2179 1140 2231 b.
1166 2177 1211 2229 Ab
1237 2176 1391 2244 adjunctis.
1441 2174 1554 2231 choreis
1582 2178 1686 2234 multae
1704 2197 1759 2235 uon

60 2262 161 2320 Christ
181 2262 369 2334 rnaaimopsre
388 2265 456 2319 utile
473 2281 531 2319 esse
547 2265 671 2335 judicat,
702 2272 733 2318 ut
756 2265 838 2335 sirpo
857 2267 899 2318 ad
924 2261 1012 2317 solum
1039 2261 1160 2332 ineptiae
1185 2268 1214 2317 et
1236 2261 1379 2327 levitates,
1409 2261 1459 2317 scd
1485 2263 1569 2318 etiam
1588 2265 1758 2335 temulentia,

60 2351 230 2406 saltmiones
246 2367 303 2404 non
322 2352 463 2416 meusim.
514 2350 622 2406 Ibidem
640 2358 788 2420 memorat,
815 2368 897 2422 pere·
924 2347 1165 2403 commessationes
1194 2355 1222 2402 et
1247 2347 1464 2419 compotationes
1477 2348 1676 2419 utplurimum
1694 2360 1759 2408 sunt

61 2438 161 2508 prinas
188 2437 347 2506 ‹diquanslo
378 2438 408 2491 in
440 2436 625 2491 Gernsaniarn
659 2437 764 2491 uenisse
801 2444 827 2491 et
865 2454 897 2491 eu
924 2436 1099 2506 conjunctae.
1135 2433 1176 2490 Ut
1194 2433 1267 2488 enlm
1286 2435 1346 2487 sine
1366 2434 1466 2488 Cerere
1486 2442 1512 2489 ct
1529 2435 1644 2491 Baccho
1668 2439 1759 2509 fripet

61 2523 213 2592 inopiaque
231 2522 334 2576 vidum
351 2523 543 2593 incompositis
561 2523 681 2577 motibus
692 2523 836 2585 sabam,
855 2524 897 2577 ita
930 2519 1028 2588 Venus,
1040 2518 1081 2573 ita
1095 2517 1154 2574 sine
1165 2518 1229 2574 rino
1240 2535 1297 2573 non
1309 2518 1480 2574 incalescunt
1493 2520 1578 2575 animi
1590 2523 1758 2581 adchoreas.

62 2618 92 2664 nt
110 2609 245 2663 musicam
264 2624 320 2662 non
338 2609 477 2676 audirent,
496 2609 546 2678 qui
558 2609 738 2678 judicarem,
754 2608 897 2678 peculiari
927 2609 947 2661 7.
964 2606 993 2658 A
1011 2604 1157 2660 similibus.
1182 2605 1216 2658 In
1233 2604 1295 2675 ipsa
1307 2611 1407 2660 natura
1418 2612 1612 2676 proponuntur
1629 2610 1758 2681 exempla

60 2696 185 2766 pssodans
212 2693 324 2758 furoris
348 2710 449 2764 periere
474 2694 542 2749 alos
564 2695 718 2748 saltatores
744 2702 896 2763 correptos,
921 2690 1061 2746 infelicem
1080 2689 1234 2747 saltationis
1248 2691 1351 2747 exitum
1362 2691 1587 2764 praefigurantia
1620 2695 1756 2753 Aelianus

60 2784 181 2852 ideoque
214 2781 337 2851 propius
370 2782 505 2835 sermore
534 2788 694 2836 minuunt.
742 2780 897 2836 Calviuiaui
921 2777 993 2831 libro
1014 2783 1037 2835 1.
1055 2775 1149 2834 histm.
1168 2782 1258 2832 natur.
1283 2794 1305 2833 c
1334 2783 1374 2834 39.
1395 2777 1430 2833 de
1452 2781 1610 2849 pastinatis
1629 2784 1758 2851 piscibus

59 2868 187 2939 plerique
226 2882 320 2922 omnes
364 2866 475 2938 penitus
510 2865 659 2937 repudiant
699 2872 728 2924 et
763 2866 897 2921 damnant
920 2862 1020 2934 refert,
1046 2863 1120 2937 quod
1150 2872 1235 2919 samu
1259 2871 1286 2918 et
1303 2865 1503 2920 saltationibus
1526 2870 1757 2939 opinatoribus

59 2954 185 3024 choreas,
204 2959 237 3008 ut
253 2956 363 3008 comtat
379 2969 413 3008 ex
432 2951 548 3007 Calvino
566 2952 595 3006 iu
613 2967 637 3006 c.
658 2959 697 3009 14.
715 2952 814 3008 Matth.
837 2952 896 3021 (ubi
922 2950 1035 3020 decepti
1058 2950 1215 3019 capiantur.
1263 2950 1341 3006 Idem
1371 2950 1407 3006 de
1433 2954 1544 3007 thrissis
1568 2954 1597 3009 in
1623 2956 1757 3029 Aegypto
1866 2974 1874 2985 ·

59 3058 108 3097 eas
128 3045 211 3096 vocat
230 3038 365 3095 lasciuiae
384 3038 560 3093 meretriciae
585 3043 695 3106 notas),
722 3039 754 3094 P.
771 3038 896 3110 hiartyre
921 3043 1117 3093 commemorat
1131 3036 1202 3092 libro
1221 3042 1243 3092 6.
1264 3053 1286 3092 c.
1308 3042 1350 3094 32.
1370 3038 1445 3108 quod
1463 3040 1493 3093 in
1510 3040 1576 3094 ὶαοιι
1595 3043 1755 3099 bioreotioo

60 3128 90 3184 iu
132 3125 205 3182 libro
245 3124 338 3183 ludio.
379 3123 470 3195 eapite
514 3130 554 3180 21.
614 3126 711 3181 metio
752 3131 824 3196 part.
871 3131 893 3181 2.
922 3127 1019 3180 eodem
1038 3124 1160 3189 artificio
1178 3123 1351 3193 alliciantur3
1384 3124 1446 3195 pari
1463 3126 1574 3182 omniuo
1592 3129 1699 3186 ratione
1714 3130 1754 3187 in·

59 3213 194 3286 problem.
213 3217 271 3268 169.
311 3210 465 3267 Gualthero
484 3211 513 3265 iu
531 3211 621 3283 capite
641 3220 665 3269 b.
683 3211 779 3276 Marci,
798 3213 895 3283 Augu·
921 3212 1034 3268 ferualis
1052 3210 1173 3282 piscator
1192 3210 1373 3265 adtalionum
1398 3210 1535 3268 illecebris
1547 3214 1648 3271 multos
1665 3217 1755 3288 pisces

60 3301 124 3357 stiu.
163 3298 313 3354 Marioruo
341 3298 370 3352 iu
397 3316 422 3355 c.
456 3304 495 3353 ιι.
526 3296 625 3356 hlatth.
679 3296 834 3369 Szegedino
866 3298 895 3353 iu
921 3302 1074 3370 congregat
1092 3302 1121 3353 et
1139 3296 1170 3351 iu
1186 3313 1306 3352 musam
1323 3297 1487 3369 perditionis
1504 3300 1593 3356 illicit.

58 3385 148 3443 ubal
177 3384 272 3457 pagin.
307 3388 366 3440 ιιι.
409 3383 538 3439 iohanne
563 3383 721 3439 aMunster
739 3384 769 3438 in
785 3390 895 3440 tractu.
955 3390 1014 3440 412.
1050 3383 1145 3455 Atque
1163 3384 1232 3440 haec
1250 3390 1347 3441 ιιοιιιιιι
1371 3384 1486 3441 choreas
1505 3388 1680 3459 inhonestas,
1711 3393 1754 3447 la-

57 3471 190 3530 German
224 3470 260 3526 de
286 3469 393 3525 choreis
410 3476 462 3524 etc.
496 3470 672 3541 Argumenta
696 3477 795 3541 petunt
819 3478 839 3528 l.
860 3489 895 3527 er
920 3472 1027 3539 sarm,
1052 3470 1226 3541 impudicas,
1251 3486 1285 3526 er
1302 3472 1379 3527 malo
1393 3473 1542 3543 pancario
1560 3483 1639 3529 ortas
1656 3485 1683 3531 et
1700 3480 1755 3542 sine

59 3576 151 3615 sarua
170 3557 321 3623 efficiente.
351 3555 503 3612 Christiani
520 3573 538 3610 a
556 3555 700 3626 gentilium
722 3557 781 3613 sive
800 3575 895 3629 super·
921 3575 976 3611 raon
996 3558 1067 3612 bono
1087 3557 1232 3612 institutas
1250 3563 1324 3613 recte
1342 3558 1481 3631 dicuutur,
1508 3561 1604 3631 quales
1621 3563 1754 3634 plurimas

56 3646 179 3713 sunone,
191 3644 248 3699 sive
260 3642 417 3715 petulantia
427 3640 590 3698 saltationes
601 3642 766 3700 didicerunt.
791 3645 891 3715 Super·
919 3660 979 3699 esse
1006 3643 1104 3714 negari
1127 3643 1226 3714 nequit
1248 3659 1282 3699 ac
1306 3645 1424 3714 proinde
1446 3648 1598 3717 optandum
1622 3649 1707 3719 foret,
1736 3670 1755 3707 a

55 3733 133 3789 stitio
170 3738 229 3799 est,
263 3730 330 3802 quia
360 3730 479 3801 gentiles
510 3729 628 3802 pedibus
659 3731 733 3786 circa
762 3748 825 3787 aras
855 3732 892 3787 ad
919 3729 1084 3785 Christianis
1102 3745 1150 3784 eas
1168 3745 1224 3784 uon
1243 3734 1388 3801 &rumpere
1409 3733 1548 3788 amariae
1572 3734 1751 3806 frequentari,

55 3834 187 3876 numeros
214 3815 408 3887 tripudiando,
437 3817 555 3887 hymnos
573 3816 728 3889 ,cauenda
764 3817 892 3889 cymbala
919 3814 1027 3871 interim
1042 3820 1137 3885 tamen
1154 3815 1280 3869 abolus
1297 3832 1331 3868 ae
1350 3816 1517 3886 simpliciter
1542 3825 1675 3891 tanquam
1693 3831 1751 3879 toto

56 3903 210 3979 quatiendo
234 3909 262 3960 et
284 3902 382 3958 choros
407 3902 534 3958 ducendo
564 3921 666 3958 numen
697 3921 757 3960 sese
782 3904 893 3975 placare
917 3917 1017 3968 penae
1036 3901 1154 3956 vitiosae
1173 3906 1201 3956 et
1218 3900 1333 3957 illicitae
1353 3901 1477 3956 damnari
1507 3905 1670 3978 neutiquam
1689 3926 1750 3980 pos·

52 3990 228 4064 judicabunt.
279 3988 441 4044 Petulantia
461 3995 516 4053 est,
551 3990 662 4060 quinia
686 3990 742 4045 otio
762 3990 839 4045 nulla
856 3990 892 4046 de
918 3996 991 4052 sunt,
1007 4003 1062 4060 qua
1071 3987 1107 4042 de
1119 4004 1150 4043 re
1167 3988 1207 4042 sic
1226 3987 1323 4043 scribit
1335 3988 1475 4045 Lutherus
1492 3990 1521 4044 in
1534 3992 1749 4063 postilleccles.

57 4095 154 4142 causa,
176 4076 224 4132 sed
244 4091 277 4130 ex
297 4091 374 4130 mera
387 4074 506 4133 lascivia
523 4074 630 4130 ammos
648 4075 817 4131 relaxabant.
856 4076 892 4131 lu
918 4075 1020 4133 domin.
1039 4079 1063 4129 2.
1081 4078 1145 4145 post
1164 4073 1315 4145 Epiphan.:
1344 4075 1426 4138 arasa
1440 4085 1561 4145 peccata
1588 4087 1614 4133 et
1634 4082 1704 4137 uitia
1722 4084 1752 4137 in

57 4164 144 4221 sacris
162 4161 249 4219 literis
267 4161 375 4216 nullum
394 4161 533 4217 invenitur
560 4162 716 4233 exemplum
739 4162 892 4217 saltationis
918 4162 1028 4219 ebarcis
1045 4162 1273 4230 committantur,
1298 4178 1354 4217 non
1372 4162 1443 4232 ipsis
1463 4164 1573 4219 chorss‘s
1597 4169 1751 4224 asscriben-

55 4249 494 4320 illius,quamsoria1nvocant,
513 4249 541 4303 in
563 4265 620 4321 qua
635 4248 745 4315 mutim,
757 4249 809 4304 viri
828 4266 891 4304 cum
918 4255 985 4306 slurn
1003 4248 1126 4320 perinde
1152 4254 1183 4301 ut
1208 4247 1269 4302 cibo
1294 4255 1320 4302 et
1343 4248 1428 4317 potui
1446 4250 1659 4317 Epicsrrersnsus
1684 4256 1751 4310 inste

57 4335 221 4394 mulieribus
247 4340 275 4390 et
304 4334 432 4390 mulieres
456 4352 519 4390 cum
547 4335 613 4389 viris
632 4337 747 4403 saltant,
774 4354 840 4407 ergo
858 4352 891 4391 er
913 4338 1082 4409 proveniens
1099 4343 1231 4405 areptus
1248 4336 1356 4401 referri
1369 4337 1620 4405 nequitsieunota
1639 4342 1749 4397 bonone

56 4423 160 4497 populo
175 4422 231 4477 Dei
249 4439 305 4477 uon
322 4426 416 4493 potest
433 4422 568 4494 originem
583 4422 693 4478 ducere.
723 4422 891 4479 Saltationes
915 4432 1104 4494 perapantur,
1135 4440 1193 4476 una
1216 4440 1278 4476 nrm
1294 4422 1412 4493 reliquis
1429 4425 1553 4479 conviviis
1575 4428 1749 4498 nuptialibus

54 4511 120 4566 illae
139 4512 294 4564 nascuntur
312 4523 347 4562 er
364 4508 437 4576 vino,
455 4508 706 4579 compotationibus
723 4518 752 4564 et
769 4508 890 4581 lascivia,
916 4512 1024 4566 rulime
1043 4507 1161 4580 poteris.
1200 4508 1288 4562 hides
1305 4516 1332 4562 et
1350 4510 1457 4563 caritas
1480 4512 1613 4566 saltando
1631 4532 1686 4568 non
1705 4532 1749 4570 ea·

55 4601 121 4652 sunt
139 4593 273 4649 indicium
292 4592 377 4648 animi
394 4593 539 4649 furibundi
556 4600 585 4649 ct
602 4595 630 4649 in
655 4594 799 4651 libidinem
823 4613 890 4651 con·
916 4596 1067 4658 cuduntur,
1088 4611 1122 4647 aa
1140 4594 1267 4662 infantes
1287 4594 1347 4648 sine
1361 4594 1421 4649 ullo
1434 4596 1597 4665 probrooel
1610 4602 1749 4656 castitatis

55 4680 143 4737 citati.
193 4680 233 4736 At
252 4695 325 4751 quae
342 4695 376 4734 ex
393 4679 443 4734 tali
457 4678 584 4735 oriuntur
600 4680 750 4753 principio,
778 4682 891 4753 probari
914 4682 1044 4752 periculo
1061 4682 1177 4739 saltant.
1208 4679 1310 4735 Confer
1321 4681 1446 4750 ejusdem
1461 4690 1605 4739 comment.
1618 4686 1749 4744 German.

55 4767 169 4823 minime
195 4766 306 4826 debent.
357 4770 383 4822 2.
410 4767 437 4820 A
457 4768 584 4822 numeria.
633 4768 665 4822 ln
685 4768 792 4824 choreis
815 4769 891 4840 apud
917 4770 946 4823 iu
981 4766 1103 4823 Genesin
1140 4773 1206 4821 tom.
1241 4772 1266 4822 4.
1298 4766 1411 4823 Jeueus.
1441 4768 1571 4823 German.
1603 4769 1651 4827 fol.
1694 4779 1751 4829 1³³.

56 4871 107 4910 uos
126 4852 236 4909 mitads
256 4869 312 4907 non
330 4852 381 4909 soli
400 4851 453 4907 uiri
482 4854 596 4909 seorsim
628 4871 662 4910 ac
680 4856 755 4910 solae
773 4854 892 4911 feminae
917 4853 1046 4910 Brentius
1065 4852 1094 4906 iu
1112 4867 1135 4908 c.
1160 4858 1199 4908 14.
1218 4850 1317 4907 Matth.
1335 4872 1363 4924 p.
1384 4858 1447 4909 528:
1480 4854 1612 4917 osanna
1634 4859 1751 4913 multum

56 4940 171 4997 seorsim
189 4939 301 5009 saltant,
320 4939 416 5010 quales
435 4939 559 5004 choreae,
578 4941 727 4996 solitariae
744 4941 844 5007 dictae
862 4940 891 4995 iu
918 4943 990 4997 mali
1014 4957 1046 4995 ea
1074 4938 1184 4994 choreis
1212 4938 1322 4993 mistus
1343 4947 1369 4993 et
1388 4940 1507 4994 lsabsmt
1523 4960 1580 4998 non
1598 4946 1752 5000 adnsodurn

55 5027 160 5098 populo
179 5024 234 5080 Dei
253 5024 374 5081 ιιιίιιιιιιιι
391 5024 512 5093 innunt,
530 5032 562 5080 ut
573 5025 713 5098 colligitur
726 5044 759 5082 ex
777 5027 893 5085 historia
919 5031 1036 5085 obseura
1052 5025 1193 5096 periersla,
1211 5031 1304 5079 tanen
1320 5042 1376 5097 per
1395 5042 1426 5080 se
1444 5045 1500 5081 non
1520 5037 1583 5083 sunt
1601 5030 1708 5100 impiae
1726 5040 1752 5086 et

56 5128 137 5167 sacra
153 5111 240 5167 Erod.
263 5117 302 5180 15,
321 5130 347 5166 ι.
366 5116 409 5167 20.
433 5118 455 5166 1.
473 5111 546 5166 Sam.
568 5116 607 5179 18,
626 5129 651 5165 v.
674 5119 697 5168 t.
728 5119 752 5170 2.
771 5114 847 5175 Sam.
867 5121 892 5182 6,
919 5116 955 5168 ab
985 5113 1109 5168 boantis
1140 5111 1252 5166 honeste
1278 5111 1347 5179 fiori
1366 5120 1493 5180 possunt
1545 5114 1623 5171 Idem
1654 5117 1752 5172 statuit

54 5216 81 5255 v.
102 5205 141 5255 11,
181 5198 279 5253 Ilatth
308 5216 331 5255 c.
361 5204 407 5265 ll,
436 5216 460 5253 v.
488 5204 527 5254 l'l.
554 5214 578 5252 c.
603 5204 647 5268 lt,
677 5217 702 5254 v.
722 5206 746 5255 6.
779 5200 848 5258 Luc.
868 5209 892 5272 ι,
919 5200 1055 5257 Osiauder
1085 5200 1115 5254 iu
1145 5215 1169 5253 c.
1204 5204 1227 5253 ι.
1257 5195 1354 5253 Marci.
1406 5198 1552 5255 Forsterus
1589 5202 1618 5256 in
1648 5203 1750 5273 disput.

54 5303 79 5341 r
101 5290 142 5340 32.
162 5284 243 5340 etde
271 5284 350 5356 Syris
370 5283 533 5340 Christianis
558 5289 892 5359 memoratur,quod1n
918 5287 1052 5344 catechet.
1085 5284 1181 5342 decad.
1207 5289 1231 5339 2
1255 5300 1289 5338 cr
1315 5283 1402 5340 decal.
1427 5285 1751 5356 probl.10.hleisnerus

10 5370 168 5473 *peplis
197 5370 255 5425 suis
285 5377 370 5426 cantu
398 5377 426 5427 et
454 5371 600 5428 saltatione
623 5373 714 5427 Deum
740 5372 905 5440 celebrent,
917 5381 989 5448 part.
1013 5381 1035 5430 1.
1052 5372 1119 5445 phil.
1139 5371 1211 5426 sobr.
1239 5377 1306 5428 sect.
1333 5376 1357 5429 2.
1385 5390 1408 5426 c.
1429 5379 1453 5429 t.
1480 5380 1587 5446 quaest
1615 5382 1639 5432 2,
1657 5380 1686 5429 et
1703 5373 1750 5429 alii

27 5424 125 5530 quas
146 5455 297 5524 relipiosas
317 5465 343 5511 et
355 5474 454 5513 sacros
466 5457 579 5514 choreas
592 5457 700 5525 dixerit
717 5458 767 5515 sed
779 5450 906 5517 mixtimi
918 5479 952 5519 ex
968 5461 1069 5518 uostris
1086 5457 1250 5530 complures.
1288 5456 1416 5522 Qtdnimo
1436 5476 1470 5515 er
1497 5459 1564 5533 ipsis
1579 5459 1749 5517 Calviniauis

107 5548 211 5595 ιιιιιιιι
223 5548 273 5594 rsa
296 5550 343 5594 ιιι
929 5598 934 5605 ,
1388 5568 1398 5616 1
1403 5570 1418 5617 ι,
