4020 6022
795 164 1066 249 nnconsumo.
1703 206 1763 265 337

72 346 229 421 pleraeque
257 364 353 407 omnes
383 350 481 407 mem
505 348 647 424 indigent,
678 349 746 422 quia
778 344 869 405 inclin
936 344 1018 401 aibas
1036 348 1210 417 wormat
1225 347 1364 417 minans,
1381 350 1450 405 tusc
1467 349 1551 421 dicit,
1566 358 1676 420 oportet
1693 352 1767 407 enim

70 449 156 489 sexus
182 434 220 489 ad
243 452 339 493 mum
357 436 487 493 omnibus
503 436 667 493 naturaliter
681 435 777 505 insita,
792 434 846 491 nisi
862 450 909 506 pe·
935 432 1040 502 satjai
1054 434 1114 505 {aab
1142 435 1256 505 potenti
1281 452 1367 490 mana
1384 436 1457 505 Dei,
1483 444 1515 489 at
1538 435 1643 508 eripiat
1666 456 1718 494 nos
1737 441 1768 493 in

70 518 176 575 culiari
194 520 250 579 Dei
268 522 341 579 dono
359 523 521 580 refrenetur.
560 521 715 579 Concilium
737 500 1058 605 Caesar-Au·1tsnspors
1076 522 1277 593 tribulationis,
1294 540 1351 577 non
1370 522 1418 577 iili
1436 524 1572 579 resismre.
1601 524 1640 580 Et
1655 533 1765 597 postea:

68 610 224 676 mum
250 615 280 665 et
303 609 466 682 Agathense
495 617 560 665 atde
584 613 628 664 40.
653 627 758 663 cannen
788 607 909 680 virgines
937 607 1099 663 caumana
1115 610 1331 681 paraphrastes,
1351 610 1445 679 Haeo,
1462 611 1618 679 Dionysius
1631 621 1658 665 et
1672 613 1765 667 Isido-

69 692 160 749 velari
179 693 355 765 prohibuisse
380 696 498 751 diximus
521 696 657 767 superius.
697 695 862 753 Ambrosius
879 696 908 751 iu
933 711 984 749 ras
1006 694 1167 765 intelligant
1183 697 1287 767 jugam
1308 696 1380 767 lepis
1409 715 1444 750 ac
1467 700 1680 768 montanam}
1708 700 1767 755 aa·

70 794 175 837 comm.
214 786 238 837 l.
258 781 333 839 Tim.
353 789 380 839 5:
398 784 510 837 Paulas
522 782 653 853 proisibet
667 784 800 853 juniores
814 785 843 839 in
855 784 908 839 lrac
932 788 1013 850 perta
1032 788 1059 837 et
1075 784 1172 852 Lea-ae
1188 783 1300 838 videtur
1317 784 1685 854 congruentiaaas'pnificari
1700 788 1766 841 tole·

68 866 182 937 metiri
193 868 392 938 professione,
423 870 549 924 lubricae
572 871 646 925 eninr
665 871 755 925 aewti
770 872 843 936 fides
860 873 907 934 fa·
933 868 1057 922 randum
1079 885 1173 923 reram
1193 871 1381 924 werrarum
1395 872 1461 937 ‚Dei
1482 871 1592 925 demeto
1618 880 1644 925 et
1671 873 1766 927 solan-

70 951 128 1007 ciie
144 953 279 1011 adhiberi
294 973 352 1010 non
369 957 457 1014 debet,
493 955 577 1013 Item:
599 958 734 1022 Oetesdd,
752 960 908 1013 ammio·
934 959 990 1006 tate
1011 954 1185 1009 senientiam.
1238 960 1261 1011 ³.
1286 954 1399 1027 Duplex
1419 957 1423 963 “
1429 957 1530 1028 jugum
1561 954 1590 1010 in
1617 955 1766 1028 Scripturis

71 1054 137 1093 nens
154 1040 228 1096 tales
240 1058 362 1111 manae,
379 1059 415 1097 ne
432 1043 521 1108 facile
538 1045 676 1111 audeant,
694 1046 772 1115 qaod
789 1045 908 1115 ineptas
933 1038 1013 1093 nobis
1026 1041 1204 1111 proponitur,
1222 1042 1347 1097 deinum
1367 1051 1392 1097 et
1409 1042 1568 1097 domanam.
1607 1041 1681 1097 Illud
1701 1060 1765 1100 con·

70 1125 196 1196 difficile
214 1134 269 1198 ese,
286 1136 337 1183 ant
353 1129 381 1183 a·
397 1129 508 1184 animm
527 1137 568 1185 „a
584 1131 651 1185 tute
670 1132 811 1187 devotione·
828 1133 908 1186 aedi.
933 1124 1004 1180 tinet
1028 1130 1088 1181 tum
1112 1135 1264 1198 praecepta
1289 1126 1398 1194 divina,
1426 1132 1485 1183 tum
1504 1144 1615 1185 crucem
1632 1129 1764 1189 divinitus

11 1218 56 1263 a
69 1220 126 1281 tem,
142 1216 225 1283 opud
236 1230 266 1269 aa
283 1215 397 1271 mutim
419 1223 524 1287 meat,
548 1219 616 1289 quia
639 1221 819 1273 temeratam
837 1219 908 1274 dieii
933 1210 1090 1282 impositam
1112 1212 1212 1269 Matth.
1235 1219 1282 1285 ll,
1309 1232 1335 1272 v.
1354 1219 1395 1270 29.
1415 1214 1467 1269 hoc
1484 1231 1549 1270 raro
1566 1216 1689 1273 contium
1706 1223 1765 1273 tum

69 1314 132 1354 ease
146 1302 288 1371 profiteri,
305 1305 383 1371 meod
400 1304 494 1359 natue
507 1305 633 1374 juvenile·
648 1307 738 1361 aetati
753 1308 836 1361 crede·
850 1325 907 1363 Μ
933 1294 1089 1371 ἐντάλματα
1106 1297 1242 1365 humana,
1265 1307 1324 1355 tum
1347 1316 1458 1356 crucem
1480 1306 1580 1373 sponte
1603 1303 1765 1359 accersitam

68 1385 161 1442 debet.
198 1386 324 1460 Quaque
340 1389 401 1461 ipse
422 1389 586 1447 Ambrosius
610 1392 694 1464 hujus
711 1392 840 1448 salutaris
858 1393 907 1448 ad·
932 1383 995 1440 Act.
1011 1390 1050 1452 15,
1069 1402 1095 1442 v.
1110 1391 1150 1442 to.
1170 1384 1233 1441 Gal
1247 1393 1272 1454 5,
1290 1403 1315 1439 v.
1330 1394 1352 1443 l.
1371 1387 1440 1443 illud
1457 1387 1595 1458 patienter
1612 1388 1765 1462 terendum,

67 1472 229 1529 monitionis
244 1474 347 1533 oblim
362 1477 484 1549 virginae
495 1478 644 1534 admodum
658 1481 776 1551 juvene.
793 1480 907 1545 velaret,
932 1469 985 1527 hoc
1003 1489 1069 1527 vero
1093 1472 1261 1543 cavendum,
1287 1492 1350 1529 cnm
1374 1474 1500 1531 Christus
1523 1491 1588 1530 cero
1607 1477 1695 1546 pretio
1714 1494 1764 1533 nos

66 1560 106 1615 ab
119 1560 295 1617 auditoribus
311 1569 460 1636 propterea
479 1565 663 1637 reprsbsnsus
675 1565 737 1635 luit,
757 1566 906 1638 sicutipse
932 1556 968 1612 ab
989 1575 1021 1615 ⁶⁰
1037 1559 1209 1630 libaverit,
1223 1560 1283 1631 jam
1301 1578 1366 1617 ‘1²¹0
1381 1563 1482 1634 jutum
1500 1562 1683 1618 ¹1¹0¹¹2⁸501¹m
1701 1582 1761 1635 per·

66 1646 248 1718 aonquarimr
266 1648 330 1708 libr,
348 1657 373 1708 3,
402 1651 437 1707 de
454 1649 623 1723 virginibus,
648 1668 681 1707 ex
706 1669 763 1724 quo
787 1658 905 1723 comm,
930 1642 1212 1713 linetfldit'ta'lttma
1224 1645 1352 1703 humanit.
1381 1652 1408 1701 2.
1418 1649 1534 1703 Didiam
1546 1648 1651 1703 Chritlt’
1664 1649 1762 1708 Malih.

67 1747 103 1788 eo
121 1738 246 1805 tempore
268 1735 337 1792 illud
360 1752 463 1793 norum
480 1737 573 1793 adhuc
593 1754 627 1793 ac
652 1738 792 1794 insolitum
810 1738 906 1797 fuisse.
934 1736 978 1796 ta,
997 1748 1024 1790 v.
1043 1738 1090 1789 14:
1118 1733 1208 1788 Sinite
1223 1736 1362 1803 paruulos
1380 1737 1422 1789 ad
1441 1752 1482 1789 sne
1501 1735 1603 1792 venire.
1640 1736 1763 1807 Respon-

69 1816 225 1891 Gregorine
256 1821 305 1879 lib,
330 1829 354 1878 3,
380 1824 462 1895 apiae,
488 1829 534 1880 ll:
566 1826 687 1881 Nullum
710 1827 905 1896 opimorum
932 1816 1042 1873 demus:
1061 1819 1247 1876 Bellarrninns
1265 1820 1282 1875 l
1301 1827 1323 1877 t.
1345 1821 1379 1876 de
1393 1821 1468 1892 bapt
1484 1838 1506 1877 c.
1520 1828 1543 1879 8.
1563 1838 1596 1876 ex
1615 1822 1667 1877 hoc
1687 1822 1763 1879 dicto

65 1908 241 1972 sententias
258 1917 309 1964 tna
324 1911 383 1965 nias·
395 1912 543 1982 sexaginta
564 1912 709 1984 virginem,
728 1915 810 1984 «ψη
825 1922 905 1969 aaa,
930 1904 1044 1974 probat,
1068 1904 1189 1963 infantes
1211 1924 1262 1978 per
1284 1906 1455 1978 baptismum
1477 1907 1586 1964 Christo
1607 1908 1762 1966 offerendos
1840 1910 1849 1923 ’

66 1994 123 2048 lece
162 2002 244 2065 atque
288 2014 379 2052 mores
425 1999 581 2067 ascedat,
615 1999 710 2054 selem
747 2000 904 2071 pmmittat,
931 2006 1005 2060 esse,
1025 2008 1060 2047 ae
1077 1993 1179 2052 refellit
1197 1994 1386 2067 exceptionem
1405 1994 1667 2066 Anabaptistarum,
1686 2000 1764 2067 prod

67 2078 183 2150 Excipit
198 2080 393 2149 Belluminua,
413 2084 584 2154 &aym-tum
601 2085 728 2155 logum,
738 2087 802 2141 0010
820 2087 904 2141 atha.
930 2078 1077 2148 eoangele'a
1087 2079 1239 2149 loquantur
1251 2100 1307 2136 non
1319 2084 1354 2135 de
1367 2082 1533 2148 insentibus,
1545 2085 1598 2137 aed
1609 2085 1644 2137 de
1655 2084 1763 2153 pneris,

66 2167 151 2223 tissa.
187 2167 275 2240 Atqui
293 2168 435 2225 abbatissa
448 2187 503 2226 non
520 2171 739 2242 dammam,
762 2172 812 2228 aed
829 2173 904 2244 eligi,
931 2164 981 2232 qai
991 2165 1057 2234 jam
1075 2183 1155 2221 mam
1174 2167 1295 2223 retiensis
1313 2169 1421 2224 babeat.
1456 2170 1567 2237 Lucas,
1587 2168 1690 2240 inquit,
1710 2171 1763 2224 ati·
1777 2165 1834 2207 ¹5¹¹·
1847 2166 1880 2208 ω·

68 2269 105 2308 ac
123 2251 221 2309 titides
231 2254 332 2327 capitia
351 2256 489 2329 generalia
506 2262 557 2323 aaa,
574 2256 680 2313 nullam
697 2258 832 2331 virgeum
851 2259 904 2316 fligi
930 2259 977 2304 tar
988 2252 1099 2305 nominc
1116 2256 1216 2325 βρέφη,
1230 2256 1307 2323 qnod
1317 2255 1459 2325 significat
1473 2255 1608 2322 infantae,
1620 2264 1646 2310 et
1659 2256 1762 2310 ibidem

68 2340 279 2413 sexagenariam
302 2342 451 2398 velandam
472 2360 541 2399 ma,
585 2349 612 2401 5,
632 2343 784 2399 Saniorum
806 2347 903 2401 pomi.
929 2338 1022 2405 addit,
1041 2355 1088 2394 eos
1101 2341 1345 2409 portatossaisse,
1362 2360 1419 2397 non
1436 2344 1495 2396 sais
1511 2343 1631 2412 pedibas
1647 2342 1761 2401 serinac.

60 2430 200 2497 fitiorum
216 2430 391 2499 suffroniam.
420 2429 600 2501 Praepositae
616 2429 646 2486 in
661 2447 686 2488 c,
707 2447 770 2486 cum
788 2432 904 2489 habaet
930 2422 959 2479 Si
985 2423 1055 2481 haec
1078 2425 1238 2481 Bellarmini
1262 2428 1466 2499 argumentatio
1490 2444 1524 2484 ac
1551 2430 1693 2501 responsio
1720 2438 1763 2486 est

67 2513 107 2569 de
138 2529 184 2583 0⁰,
216 2514 264 2585 qui
287 2514 365 2571 duxit
392 2515 421 2571 in
447 2516 602 2572 matrimon.
628 2532 712 2590 quam
737 2535 789 2590 per
815 2519 904 2575 adult.
930 2511 1027 2577 solida,
1045 2529 1100 2567 non
1119 2519 1211 2585 potest
1227 2515 1301 2570 hunc
1321 2516 1411 2570 locum
1428 2516 1570 2587 applicare
1587 2518 1623 2572 ad
1642 2535 1697 2583 eos,
1714 2519 1761 2590 qui

68 2598 177 2665 scribit,
194 2617 252 2654 non
265 2617 323 2656 ease
341 2604 377 2657 de
393 2602 482 2665 faciti
497 2604 687 2660 inducendam
700 2606 904 2676 paenitentiam
929 2599 1043 2656 rationis
1060 2616 1094 2656 ac
1114 2600 1194 2657 liberi
1212 2601 1319 2657 arbitrii
1331 2619 1411 2657 usum
1428 2601 1562 2658 habentes
1578 2610 1680 2660 vorent
1698 2622 1762 2660 con·

65 2694 221 2759 perpetem
232 2688 425 2752 consortiae,
436 2688 494 2743 nisi
506 2689 541 2754 si,
550 2690 601 2759 gai
606 2691 673 2760 jam
684 2692 830 2747 tramete
841 2694 903 2747 dise
929 2685 1082 2742 tinentiam.
1120 2686 1222 2743 Christi
1241 2687 1394 2745 exhortatio
1411 2689 1548 2760 generalis
1567 2697 1610 2745 est
1628 2697 1762 2747 etomnes

66 2791 144 2845 suos,
160 2774 190 2828 in
198 2790 342 2844 pomnen
354 2776 444 2839 facile
455 2778 541 2831 cadat
548 2779 724 2847 praesumtio
735 2779 902 2847 sanicatio·
929 2773 1040 2829 omnino
1072 2773 1290 2831 Christianorum
1321 2774 1422 2831 liberos
1453 2776 1659 2847 complectitur,
1687 2779 1762 2849 quod

66 2861 124 2918 nis.
157 2858 313 2917 Omander
328 2861 359 2916 in
370 2862 485 2919 consult
496 2867 548 2919 art
563 2869 605 2921 23.
620 2863 655 2921 ds
669 2864 768 2924 coelib.
780 2866 903 2922 seond:
930 2861 1022 2917 afferri
1040 2868 1069 2919 st
1079 2862 1174 2919 offerri
1191 2863 1243 2935 ipsi
1261 2862 1381 2919 debeant
1397 2882 1448 2934 per
1466 2880 1570 2935 preces,
1588 2881 1638 2934 per
1656 2863 1761 2936 baptis-

67 2949 231 3003 Fatendum
247 2955 295 3018 est,
306 2949 432 3020 amodes
448 2968 467 3004 a
473 2952 599 3021 posteris
610 2967 669 3006 esse
680 2960 836 3022 pacatam,
855 2955 906 3023 qus·
931 2967 1015 3018 mum,
1032 2965 1083 3021 per
1099 2949 1321 3007 informationem
1339 2955 1369 3005 et
1388 2951 1570 3021 disciplinam,
1588 2952 1638 3007 sed
1654 2969 1690 3007 ne
1709 2953 1761 3023 ipsi

65 3035 303 3106 tenendemprs
312 3044 433 3107 tmpore
442 3039 666 3094 constitutionem
673 3041 826 3096 coelibatus
834 3042 903 3097 mal·
930 3037 1042 3108 quidem
1057 3035 1198 3093 Pontificii
1217 3038 1321 3104 volunt,
1338 3039 1374 3093 de
1392 3044 1459 3097 voto
1476 3038 1661 3094 continentiae
1679 3058 1761 3112 gene-

65 3123 105 3177 tis
121 3122 443 3194 inlaquearnoerterunt,
452 3126 770 3196 dampboeneenondam
778 3128 904 3197 aibicop·
931 3125 989 3179 rale
1006 3122 1119 3195 aliquod
1139 3130 1320 3194 praeceptum
1346 3130 1463 3193 exstare,
1481 3124 1599 3180 necdum
1613 3125 1761 3195 probatum

65 3210 904 3282 admdmploratostemereadecclesiosticnmasinisteriam
932 3217 989 3281 est,
1017 3210 1147 3283 parvulos
1179 3226 1231 3282 per
1256 3216 1351 3266 rotam
1384 3212 1570 3268 continentiae
1599 3211 1693 3267 venire
1725 3213 1763 3267 ad

65 3298 252 3368 adoriaerant,
265 3305 292 3353 st
304 3316 366 3353 cans
381 3300 429 3355 illi
440 3300 580 3355 euastatis
590 3319 661 3356 onas
674 3302 832 3375 eibiimpar
846 3316 904 3355 esse
932 3296 1082 3362 Christum.
1102 3314 1165 3353 cunr
1185 3297 1329 3368 Scriptura
1347 3297 1476 3368 nuspiam
1495 3303 1629 3370 tanquam
1642 3299 1763 3355 medium

66 3385 208 3450 sentiat,
216 3386 340 3456 impuros
348 3387 609 3456 potiusnoncabitus
622 3388 839 3444 dissinnatus-ant
850 3393 903 3446 eto.
931 3383 1111 3455 perveniendi
1123 3383 1160 3439 ad
1168 3382 1307 3439 Christum
1315 3390 1454 3455 proponat
1464 3390 1559 3439 votum
1571 3385 1763 3444 continentiae.

10 3485 53 3527 sus
104 3468 172 3528 520.
201 3470 284 3527 Unde
304 3489 367 3529 vero
379 3472 481 3544 probat
499 3473 692 3543 Bellarminus,
710 3476 795 3532 etiam
807 3478 905 3547 jania-
931 3474 959 3528 3.
976 3472 1116 3543 Eumpla
1138 3472 1268 3539 Mariae,
1291 3471 1433 3525 Jolaam't
1445 3471 1611 3541 Baptistae,
1635 3473 1765 3542 Antonii,

67 3560 150 3615 riores
161 3558 244 3615 licere
252 3564 415 3631 perpetuam
436 3561 635 3617 continentiam
652 3563 772 3619 souma?
794 3562 906 3619 Profert
932 3557 1022 3613 Pauli
1039 3557 1199 3625 Eremitae,
1217 3556 1391 3622 Hilarionsb,
1418 3557 1580 3625 Benedicti,
1600 3559 1766 3614 Bernhardi

70 3653 94 3703 l.
104 3645 210 3700 dictum
221 3644 359 3701 denentiae
367 3645 469 3702 Thren.
482 3652 507 3717 a,
519 3664 545 3702 v.
558 3654 607 3705 27:
618 3650 730 3704 Bonum
741 3657 782 3705 est
794 3650 906 3719 bonini,
932 3652 980 3700 etc.
999 3645 1050 3715 gni
1066 3646 1097 3699 in
1114 3644 1305 3699 adolescentia
1323 3645 1453 3699 monachi
1461 3645 1544 3712 fatti,
1563 3652 1589 3699 οἱ
1602 3654 1764 3700 sanderum

67 3733 96 3789 ai
102 3731 261 3803 portaverit
279 3731 377 3802 iugum
395 3733 639 3789 medolanensis
658 3754 720 3791 nso.
743 3734 904 3807 Responde·
931 3732 1072 3801 ainaim
1104 3732 1241 3795 Theclae,
1271 3732 1401 3801 daneta,
1437 3731 1591 3801 Caeciliae,
1623 3734 1765 3803 Apatbac,

69 3836 145 3875 mus:
185 3824 208 3874 l.
238 3818 376 3891 quomodo
405 3836 455 3891 pro
484 3826 549 3877 roto
575 3822 718 3891 juniorum
748 3839 782 3878 ex
809 3823 846 3879 V.
871 3823 903 3880 T.
930 3819 1043 3884 hmine,
1061 3818 1175 3887 C'larae,
1199 3818 1368 3877 Catbarinae
1386 3827 1435 3873 etc.
1454 3820 1765 3888 pamadolescsntalas

68 3912 265 3980 argumentum
282 3904 382 3961 afferre
399 3912 507 3977 potest,
525 3924 588 3963 cum
606 3925 657 3979 pro
672 3908 734 3979 ipso
750 3908 911 3971 coelibatus.
931 3906 1023 3961 adbuc
1032 3914 1165 3959 occarent
1172 3905 1380 3962 continentiam.
1403 3904 1625 3976 Respondemus:
1636 3906 1764 3978 exempla

67 4001 134 4050 roto
164 3992 270 4048 nullum
301 3992 448 4049 adduxerit
480 4010 512 4050 ex
546 3995 582 4051 V.
610 3993 645 4050 Τ.
673 3994 903 4051 fundamentum?
929 3995 1066 4049 moon
1080 3991 1281 4062 suntejusdem
1291 3992 1409 4064 generis.
1439 3992 1499 4049 Nec
1511 3992 1654 4049 iohannes
1666 3994 1762 4065 Bapti-

69 4088 94 4138 2.
114 4079 253 4151 loquitur
270 4079 406 4151 propbeta
432 4095 487 4135 non
513 4080 549 4137 de
565 4081 638 4136 rotis
662 4081 821 4138 monasticis
841 4083 902 4137 obe·
930 4087 981 4149 sta,
1001 4096 1053 4135 nec
1064 4079 1154 4135 Beata
1165 4079 1253 4151 Virgo
1266 4078 1434 4135 monasticae
1447 4080 1580 4150 ritseper
1594 4086 1688 4135 votum
1702 4096 1762 4134 sese

68 4168 194 4221 diemissa
214 4174 240 4220 st
256 4166 457 4237 continentiae,
475 4170 527 4221 sed
550 4170 586 4223 de
597 4169 742 4238 poteentia
765 4168 794 4223 in
812 4185 903 4237 cruce,
931 4168 1097 4240 obligarunt
1141 4166 1281 4221 Antonius
1299 4171 1328 4221 st
1345 4164 1474 4221 Hilarion
1491 4166 1543 4221 riri
1566 4172 1645 4223 erant
1662 4168 1761 4222 aetatis

68 4259 100 4309 ut
116 4252 240 4308 ostendit
257 4252 365 4325 integer
389 4258 542 4311 contextus.
579 4256 704 4325 Bonam,
725 4255 828 4327 inquit,
855 4264 903 4320 est,
932 4260 1071 4322 maturae,
1101 4270 1165 4309 cunr
1190 4254 1276 4309 vitam
1303 4253 1455 4308 solitariam
1484 4253 1562 4325 sequi
1599 4254 1762 4324 coepissent.

64 4339 245 4412 praedatori
271 4356 332 4394 cans
357 4340 471 4395 silentio
500 4342 627 4395 salmone
646 4341 718 4406 Dei,
749 4341 778 4396 id
805 4349 848 4399 est
874 4342 902 4396 in
927 4341 1034 4398 Paulus
1050 4345 1142 4396 aetate
1155 4342 1215 4412 jam
1228 4339 1361 4412 grandior
1372 4340 1407 4394 ob
1420 4344 1524 4395 metum
1537 4341 1759 4410 persecutionum

66 4426 204 4498 patientia
221 4430 251 4481 et
274 4442 324 4497 spe
342 4432 502 4498 exspectare
528 4444 546 4483 a
570 4427 632 4484 Deo
656 4427 788 4484 auxilium
807 4429 836 4483 in
853 4429 901 4484 ad·
928 4444 1050 4486 eremum
1080 4425 1172 4497 elegit.
1216 4425 1360 4497 Quidquid
1384 4425 1432 4494 sit,
1459 4441 1513 4479 non
1541 4426 1687 4498 exemplis,
1710 4428 1759 4482 sed

67 4512 164 4569 vasis.
212 4515 325 4567 Bonnam
352 4520 392 4567 eat
418 4514 494 4582 siro,
525 4531 587 4569 cam
611 4516 770 4584 portaverit
795 4516 901 4585 iopam,
928 4514 1037 4587 legibus
1050 4510 1244 4583 judicandum,
1262 4526 1314 4566 nec
1332 4528 1365 4566 ex
1383 4511 1597 4582 particularibus
1615 4517 1643 4569 et
1656 4510 1759 4583 specia-

67 4599 159 4655 crncis
176 4598 282 4654 scilicet
302 4598 397 4655 aDeo
415 4599 469 4655 sibi
490 4599 643 4671 impositas,
662 4602 697 4654 ab
713 4601 902 4657 adolescentia
928 4601 1002 4656 libus
1022 4597 1155 4669 exemplis
1172 4597 1282 4669 generis
1306 4598 1405 4669 regula
1427 4598 1523 4671 colligi
1540 4604 1639 4670 potest
1677 4598 1760 4654 Dona

66 4705 135 4755 aaa,
166 4685 213 4757 qni
243 4685 316 4740 enim
349 4701 366 4740 a
390 4686 480 4757 prims
509 4686 603 4741 statim
630 4692 722 4744 aetate
745 4688 796 4743 sub
820 4703 902 4743 cruce
928 4693 1084 4744 sanctorum
1113 4690 1178 4739 sunt
1206 4685 1284 4740 varia
1321 4700 1355 4739 ac
1387 4684 1510 4751 diversa,
1549 4702 1644 4740 corum
1674 4685 1760 4756 igitur

65 4777 244 4843 mercentur,
275 4772 364 4829 larius
392 4788 453 4829 eam
481 4773 575 4829 fenmt
607 4780 636 4829 et
662 4774 731 4830 alios
761 4773 901 4831 efficacius
927 4773 1082 4843 exemplum
1099 4771 1169 4826 citra
1184 4769 1355 4826 rocafionem
1370 4770 1471 4825 imitari
1489 4776 1697 4840 praeposterum
1707 4778 1758 4830 eet.

64 4860 204 4919 consolari
219 4865 343 4931 possm.
385 4859 462 4916 Talis
488 4860 570 4917 homo
587 4862 694 4916 sedebit
711 4862 858 4916 soldarios
876 4870 901 4918 et
927 4865 951 4916 t.
969 4861 1059 4914 Dicto
1085 4866 1209 4928 patrans.
1260 4857 1483 4927 Respondemus:
1514 4856 1563 4912 illa
1594 4873 1660 4913 vero
1694 4865 1758 4915 sunt

65 4948 177 5016 tacebit
195 4944 247 5002 hoc
262 4952 306 5003 est
324 4946 446 5002 hnmano
462 4947 565 5003 auxilio
583 4947 739 5015 destitutus,
757 4947 786 5002 in
806 4964 855 5019 spe
873 4953 901 5003 et
926 4946 1085 5011 dissimilia,
1106 4961 1158 5001 nec
1183 4960 1246 4999 cunr
1265 4942 1427 5013 scripturis,
1450 4960 1501 4999 uec
1524 4960 1617 4999 secum
1641 4944 1757 5001 invicem

65 5034 179 5092 silentio
198 5048 311 5089 cansam
329 5050 409 5089 suam
427 5032 490 5091 Deo
507 5033 711 5092 commendabit
726 5040 755 5092 et
771 5041 900 5091 eventum
926 5031 1137 5091 consentientia.
1173 5029 1339 5086 Ambrosius
1368 5029 1429 5089 libr.
1461 5036 1486 5085 3.
1505 5030 1540 5086 de
1575 5031 1643 5103 virg.
1665 5033 1757 5103 junio-

64 5122 178 5182 ielicem
195 5114 382 5193 exspectabit,
401 5122 469 5192 qaia
481 5122 610 5191 portarit
624 5139 709 5192 asper
728 5139 772 5192 se,
797 5120 901 5178 scilicet
926 5138 969 5179 res
1005 5120 1042 5178 ad
1084 5118 1281 5193 professionem
1327 5116 1465 5184 admittit,
1511 5116 1561 5172 sed
1589 5118 1618 5172 in
1659 5136 1756 5175 comm

60 5212 174 5283 jugum,
192 5214 224 5263 nt
240 5206 385 5279 Pagninus
406 5224 440 5263 ex
456 5206 632 5264 Theodoreto
658 5216 686 5263 et
703 5208 900 5281 Olympiodoro
929 5214 951 5264 i.
979 5206 1098 5263 nmen.
1125 5213 1150 5264 5.
1180 5204 1373 5276 pariendorum
1414 5203 1491 5258 illud
1524 5221 1584 5259 esse
1622 5208 1758 5279 agnoscit.

65 5299 95 5353 in
116 5294 243 5352 versione
262 5295 347 5350 addit
389 5292 496 5351 Eodem
523 5294 605 5351 modo
630 5295 702 5350 bunc
720 5295 811 5350 locum
829 5295 900 5351 acci·
926 5295 986 5351 Nec
1005 5294 1040 5349 de
1068 5299 1133 5349 roto
1155 5291 1274 5360 solenni,
1295 5289 1344 5346 sed
1363 5295 1471 5345 tantum
1490 5291 1526 5347 dc
1542 5292 1683 5363 proposito
1703 5310 1757 5348 ser-

64 5384 109 5459 pit
126 5380 341 5452 Cbristophorus
359 5398 377 5437 a
393 5381 490 5439 Castro
516 5380 563 5437 lib.
586 5389 610 5440 5.
627 5387 770 5439 comment
794 5399 822 5452 p.
841 5386 899 5437 tte.
926 5380 1035 5437 randae
1052 5379 1218 5451 virginitatis
1244 5378 1409 5450 loquuntur,
1432 5379 1544 5450 quando
1564 5380 1685 5450 juniores
1706 5380 1756 5434 ad-

64 5472 114 5527 sd
131 5469 366 5537 emulationem,
383 5468 487 5540 inquit,
505 5485 608 5537 aarum,
628 5469 680 5539 pai
697 5468 726 5523 in
744 5466 899 5523 tribulatio·
928 5467 1050 5523 mittunt.
1099 5465 1183 5520 Adde
1203 5465 1278 5537 quod
1307 5470 1431 5523 veterum
1459 5467 1626 5524 monasteria
1651 5465 1754 5521 fuerint

119 5563 224 5608 certati
237 5563 286 5607 tesi.
304 5563 350 5609 til.
1384 5576 1416 5625 22
