4020 6022
228 300 289 361 215
807 284 1336 353 uocusvrcnsnsusoumrus

228 448 324 507 Prima
355 446 466 503 ducitur
495 446 530 500 ot
549 446 655 499 toaore
678 444 771 499 debito
793 440 1006 513 coasaapas'aeis
1033 447 1059 493 et
1088 440 1143 497 alio
1160 440 1276 497 honesto
1293 456 1401 511 amore,
1428 441 1519 513 qualis
1537 447 1580 497 est
1603 442 1773 515 conjugalis,
1798 458 1856 497 non
1876 440 1924 496 dc·

229 536 375 607 affinibus.
436 532 660 604 Respondemus:
710 529 866 587 reverentia
909 526 1062 600 impediens
1090 527 1156 583 sinit
1186 529 1214 583 iu
1245 528 1398 594 carnalem,
1429 528 1483 583 nisi
1514 545 1547 583 ex
1580 529 1731 593 accidente,
1751 529 1780 583 in
1807 528 1926 584 homine

231 621 435 677 matrimonium
454 636 487 675 ex
499 619 590 675 carnis
603 616 810 690 propinquitate
823 616 959 671 duntaxat
969 614 1064 679 oritur,
1090 613 1196 671 scilicet
1215 614 1328 685 carnali,
1346 622 1389 669 est
1406 615 1492 687 igitur
1511 615 1539 669 in
1557 620 1720 687 argumento
1732 614 1865 671 elenchus
1879 630 1927 669 ac-

231 708 306 764 unde
323 708 405 763 etiam
422 706 568 775 saapuiuis
587 705 743 760 reversatio
753 708 881 759 notanter
892 700 1060 773 appellatur,
1090 701 1215 758 cidentis.
1272 700 1417 756 Inclinatio
1451 719 1533 757 sexus
1567 703 1603 757 ad
1635 719 1730 757 sexum
1767 700 1928 773 conjugalis

184 824 190 834 ·
233 795 311 866 atqui
337 793 409 849 inter
427 792 616 864 baptizantem
634 799 663 848 et
681 789 854 861 baptizatum
873 805 907 843 ac
933 786 1065 859 baptismi
1091 786 1191 842 amoris
1218 786 1331 859 praevia
1352 792 1395 841 est
1419 787 1568 855 naturalis,
1598 789 1697 861 quodsi
1717 790 1800 859 juxta
1817 786 1928 842 Bellar-

232 884 319 936 testes
345 879 403 934 sire
430 884 604 947 susceptores
622 894 656 933 ex
674 876 783 933 actione
808 876 858 930 illa
874 872 1065 931 sacramentali
1091 872 1158 928 mini
1177 873 1332 929 doctrinam
1352 873 1507 945 conjugalis
1525 889 1602 929 amor
1621 892 1676 930 nou
1695 871 1928 929 debetaccadere

232 966 309 1021 nulla
343 966 430 1021 oritur
451 965 542 1020 carnis
563 964 755 1037 propinquitas
773 964 802 1018 in
825 961 1066 1034 consanguinitate
1091 959 1127 1015 ad
1145 960 1312 1030 naturalem,
1336 978 1390 1015 non
1417 967 1498 1015 crunt
1521 961 1652 1033 conjugio
1671 960 1846 1032 copulandae
1862 976 1926 1031 per·

113 1064 161 1108 xv.
173 1060 220 1107 auu
233 1052 277 1109 rel
290 1050 427 1108 affinitate
439 1052 607 1121 consistens,
626 1068 693 1123 ergo
709 1050 793 1106 etiam
810 1046 1066 1106 reverentiamatri·
1092 1062 1189 1116 sonae,
1213 1064 1284 1118 quae
1302 1064 1333 1103 se
1352 1048 1515 1104 naturaliter
1534 1048 1668 1120 diligunt,
1695 1048 1745 1104 sed
1763 1048 1835 1103 inter
1854 1062 1928 1119 quas

232 1139 353 1196 monium
383 1138 536 1209 impediens
565 1139 638 1193 inter
665 1154 712 1192 cos
735 1135 820 1191 nulla
870 1135 900 1189 Si
926 1131 1067 1205 quaelibet
1092 1140 1134 1188 est
1158 1138 1254 1189 mutua
1280 1135 1415 1207 quaedam
1436 1133 1601 1191 aaronitae
1625 1152 1659 1190 ac
1677 1134 1803 1190 naturale
1820 1133 1927 1189 odium.

232 1224 388 1282 reverentia
412 1223 586 1279 matrimonio
611 1222 774 1297 ἐμπόδισμα
796 1221 944 1292 objiceret,
970 1218 1066 1290 utique
1091 1219 1219 1292 Denique
1245 1221 1319 1277 unde
1343 1222 1455 1292 probari
1472 1227 1577 1292 potest,
1610 1238 1642 1278 ex
1664 1220 1794 1291 baptismi
1812 1224 1843 1275 et
1860 1236 1929 1275 con-

233 1311 305 1367 inter
319 1311 410 1367 sirum
427 1310 592 1383 magistratu
608 1308 771 1381 fungentem
790 1313 818 1363 et
842 1323 987 1377 personam
1011 1304 1066 1375 pri·
1091 1304 1256 1362 firmationis
1284 1314 1455 1363 sacramento
1479 1308 1550 1363 inter
1566 1325 1696 1378 personas
1719 1306 1789 1361 illud
1807 1306 1927 1360 admini-

234 1404 335 1468 uatam,
354 1398 426 1453 inter
450 1397 540 1451 virum
567 1396 746 1465 honoratum,
779 1393 1008 1460 benemeritam,
1037 1391 1065 1443 in
1093 1401 1211 1449 strantes
1240 1394 1285 1448 vel
1312 1395 1476 1466 recipientes
1503 1396 1548 1452 vel
1566 1403 1598 1450 ut
1620 1401 1705 1450 testes
1730 1396 1791 1465 eJus
1809 1394 1928 1449 admini-

232 1484 346 1557 publico
376 1483 468 1539 officio
499 1482 678 1539 constitutum
708 1487 736 1536 et
766 1479 897 1534 seminam
925 1475 1066 1533 beneficiis
1092 1480 1217 1535 strationi
1241 1481 1383 1537 adstantes
1408 1482 1491 1538 talem
1520 1500 1553 1537 ac
1579 1488 1688 1537 tantum
1713 1498 1832 1536 amorem
1852 1480 1931 1543 oriri,

233 1570 363 1627 affectam
393 1576 447 1625 etc.
478 1588 532 1625 non
562 1576 657 1641 posset
684 1566 825 1623 conciliari
855 1563 1065 1631 matrimonium,
1091 1567 1137 1621 cui
1157 1568 1333 1639 conjugalem
1352 1585 1472 1625 amorem
1489 1569 1623 1641 conjungi
1642 1585 1778 1624 summum
1797 1567 1835 1622 sit
1851 1566 1926 1638 peri·

152 1670 155 1675 ·
236 1656 360 1731 quinimo
392 1656 444 1712 toti
471 1656 549 1711 sexui
574 1654 694 1711 femineo
731 1652 899 1720 reverentia,
925 1651 1013 1705 honor
1039 1656 1067 1704 et
1091 1653 1206 1709 culum?

235 1742 404 1805 verecundia
416 1742 542 1805 debetur,
557 1740 655 1811 quodsi
670 1757 737 1813 ergo
759 1737 825 1793 huic
835 1736 1067 1793 Bellarminiauae
1128 1746 1186 1795 370.
1221 1744 1249 1798 3.
1270 1742 1334 1795 Noa
1352 1741 1433 1797 habat
1450 1742 1617 1812 suffragium
1634 1760 1652 1793 a.
1666 1741 1721 1810 pia
1747 1740 1960 1810 antiquitate-,³
1975 1742 2008 1783 ¹⁰

233 1828 360 1901 argutiae
384 1828 472 1884 ullum
494 1828 597 1883 inesset
617 1826 738 1899 pondus,
766 1823 929 1896 aconjugio
956 1822 1066 1893 penitus
1094 1825 1273 1897 susceptores
1292 1828 1351 1881 sive
1369 1826 1525 1898 ἀναδόχους
1540 1827 1569 1882 in
1585 1828 1722 1898 baptismo
1742 1826 1868 1883 adhiberi
1889 1826 1927 1882 ab
1940 1796 2008 1890 fiii:

235 1916 320 1973 fuerit
339 1915 553 1984 abstinendum,
578 1912 734 1970 necessario
761 1911 877 1984 proinde
896 1908 1066 1980 distinguen-
1091 1912 1205 1985 Hygino
1225 1932 1298 1969 anuo
1320 1920 1376 1970 140.
1400 1914 1445 1970 vel
1468 1920 1501 1970 nt
1519 1915 1567 1970 alii
1590 1914 1686 1969 volunt
1711 1931 1784 1969 anno
1807 1919 1864 1969 154.
1883 1912 1926 1968 in·
1940 1902 2008 1992 ³}st

233 2002 299 2057 dum
322 2002 394 2057 iuter
419 2000 614 2071 reverentiam,
646 2001 781 2072 pudorem
806 2016 840 2054 ac
872 1995 1066 2051 verecundiam
1092 2000 1217 2055 stitutum
1237 2000 1300 2063 fuit,
1319 2018 1384 2073 ergo
1401 2002 1429 2056 in
1449 2003 1565 2057 ecelesia
1590 2001 1730 2073 primitiva
1753 1965 2008 2072 apostolieaeiaus

234 2088 395 2145 naturalem
420 2106 454 2144 ex
476 2086 566 2143 carnis
594 2086 802 2158 propinquitate
834 2089 923 2139 ortatu
945 2088 974 2137 et
994 2081 1066 2136 inter
1091 2086 1182 2141 vicina
1193 2093 1257 2142 aute
1268 2087 1457 2160 illamHygini
1465 2088 1687 2145 constitutionem
1696 2088 1926 2159 impedimentum

233 2174 432 2242 reverentiam,
463 2173 597 2244 pudorem
620 2189 653 2228 ac
671 2172 865 2229 verecundiam
880 2170 1015 2224 aroralem
1033 2186 1066 2223 ex
1091 2173 1243 2244 spiritualis
1260 2174 1432 2245 cognationis
1449 2174 1573 2245 ignotum
1590 2174 1651 2231 fuit.
1686 2174 1746 2230 Nec
1760 2174 1927 2245 cumprime

234 2261 364 2334 operibus
382 2260 506 2317 caritatis
519 2266 547 2315 et
563 2260 637 2315 uitae
655 2258 808 2314 communis
822 2255 921 2312 officiis
932 2255 1065 2328 originem
1090 2258 1174 2330 hujus
1199 2260 1318 2315 instituti
1346 2260 1382 2315 de
1409 2260 1613 2331 susceptoribus
1638 2260 1666 2315 in
1690 2260 1830 2331 baptismo
1848 2259 1927 2315 adbi-

236 2364 315 2403 suam
334 2346 498 2415 trahentem,
519 2364 575 2402 non
594 2345 673 2415 haec,
692 2346 742 2401 scd
762 2344 810 2400 illa
829 2344 965 2399 duntaxat
974 2342 1066 2398 matri-
1091 2346 1190 2401 bendis
1219 2347 1326 2417 origine
1356 2347 1483 2401 doctrina
1514 2348 1549 2401 de
1580 2347 1719 2417 spirituali
1759 2347 1927 2418 cognatione

234 2435 325 2491 monio
341 2433 568 2506 impedimentum
593 2432 682 2489 affert.
729 2435 756 2485 2.
774 2432 802 2485 A
824 2431 1023 2486 eaamtadiaa
1040 2437 1066 2483 ct
1092 2433 1297 2488 matrimonium
1315 2434 1387 2489 inter
1404 2440 1591 2505 susceptorem
1619 2441 1647 2490 et
1663 2441 1823 2506 susceptam
1840 2435 1927 2506 impe
1940 2444 2008 2488 aaa

227 2521 451 2590 familiaritate,
477 2536 547 2589 qrtae
571 2520 646 2573 iater
670 2519 892 2589 comaapas'aeos
916 2525 942 2571 ct
963 2517 1067 2585 afflues
1093 2519 1188 2574 dienta
1206 2519 1234 2573 in
1255 2520 1400 2575 ecclesiam
1421 2520 1579 2575 introducta
1597 2528 1652 2589 est,
1672 2522 1720 2576 sed
1738 2521 1847 2591 aliquot
1865 2526 1928 2592 post

235 2624 296 2664 esse
313 2608 403 2667 debet.
438 2603 660 2677 Respondemus:
680 2605 751 2661 inter
763 2604 960 2675 baptizantem,
978 2601 1067 2672 bapti
1094 2604 1235 2661 Christum
1257 2612 1353 2660 natum
1377 2606 1495 2676 seculis,
1519 2607 1595 2662 unde
1628 2607 1711 2663 etiam
1733 2607 1927 2670 Bellarminus,

235 2699 328 2750 satam
352 2698 381 2749 et
406 2692 560 2762 ἀναδόχους
577 2690 714 2747 rarissime
731 2690 822 2745 locum
848 2690 932 2746 habet
951 2687 1068 2761 quotidi·
1094 2692 1143 2763 qui
1177 2692 1281 2764 ubique
1316 2692 1508 2764 antiquitatem
1544 2699 1651 2763 crepat,
1691 2694 1719 2746 iu
1755 2692 1928 2747 adducendis

234 2798 289 2839 aaa
309 2780 358 2836 illa
383 2779 553 2836 consuetudo
580 2785 610 2834 et
626 2776 812 2845 familiarius,
838 2795 896 2847 qua
921 2777 952 2829 ia
970 2777 1068 2831 erdem
1093 2782 1217 2835 ueterum
1236 2778 1377 2851 suffragiis
1396 2778 1441 2833 bic
1460 2778 1548 2851 magis
1567 2784 1660 2832 mutus
1677 2783 1817 2849 estquam
1836 2776 1927 2848 piscis.

236 2870 319 2925 domo
342 2867 468 2923 habitent
492 2872 519 2921 et
542 2866 657 2920 madae
677 2871 761 2918 aoctu
785 2872 811 2918 et
836 2864 961 2918 interdiu
985 2863 1069 2917 umal
1097 2865 1321 2933 Confirmatioais
1339 2874 1543 2921 sacramentum
1568 2865 1646 2921 Alex.
1670 2864 1782 2921 Alcnsis
1809 2872 1883 2935 part.
1905 2870 1928 2919 l.

234 2962 394 3024 uersentur,
418 2954 464 3007 oet
489 2953 587 3007 crebro
609 2959 637 3006 et
652 2954 774 3018 fidenter
801 2951 965 3006 aouaauiaat
983 2958 1009 3004 at
1028 2950 1069 3002 ia·
1096 2971 1120 3023 q.
1139 2958 1181 3008 24.
1202 2957 1254 3008 art.
1272 2958 1295 3008 l.
1316 2969 1365 3007 aee
1379 2970 1397 3005 a
1418 2953 1543 3020 Christo,
1567 2970 1618 3007 aee
1643 2954 1678 3008 ab
1699 2952 1853 3023 apostolis,
1878 2954 1929 3007 sed

235 3042 321 3098 uicem
337 3046 487 3105 maaeaut,
514 3038 617 3110 quibus
636 3036 729 3093 verbis
750 3036 827 3092 illam
852 3035 1067 3091 familiaritatem
1094 3041 1130 3093 at
1146 3040 1264 3094 aecimis
1293 3040 1324 3093 ia
1348 3040 1467 3093 coam‘lio
1486 3040 1630 3093 statana·
1651 3039 1730 3094 circa
1747 3057 1849 3093 aunum
1868 3042 1927 3093 itt.

235 3127 421 3184 Bellarminus
443 3125 589 3191 describit,
613 3124 736 3196 quinimo
754 3124 778 3179 si
803 3123 848 3178 rel
866 3124 984 3179 maxime
1001 3122 1066 3177 talis
1093 3128 1151 3191 fuit
1168 3127 1340 3197 institutum
1359 3126 1497 3197 quomodo
1516 3125 1601 3199 igitur
1618 3126 1775 3198 primitivae
1794 3126 1928 3183 ecclesiae

236 3212 407 3271 consuetudo
436 3211 509 3266 iuter
537 3210 599 3265 illos
625 3210 717 3267 locum
751 3211 918 3282 quandoque
944 3208 1068 3271 haberet,
1094 3219 1189 3269 notum
1208 3228 1268 3268 esse
1287 3213 1380 3284 potuit
1398 3213 1473 3267 istud
1493 3213 1609 3285 dogma,
1636 3214 1710 3285 quod
1733 3230 1767 3268 ex
1783 3213 1927 3269 coufirma-

237 3318 291 3356 non
315 3306 409 3355 tamen
436 3296 561 3368 protinus
587 3297 761 3353 matrimonio
787 3297 1010 3368 impedimentum
1029 3296 1070 3349 in·
1094 3299 1179 3354 tionis
1205 3305 1379 3355 sacramento
1406 3299 1510 3355 oriatur
1531 3299 1681 3370 spiritualis
1704 3300 1843 3370 quaedam
1861 3318 1926 3373 cog·

234 3387 351 3459 jiceret,
381 3384 451 3439 alias
475 3384 559 3438 etiam
582 3383 637 3450 illi,
666 3384 713 3455 qui
736 3383 765 3438 in
791 3383 929 3455 contiguis
954 3382 1070 3439 aedibus
1095 3385 1171 3439 natio
1215 3385 1418 3440 matrimonium
1449 3385 1623 3456 impediens?
1675 3386 1805 3457 Synodus
1830 3386 1926 3452 Quini·

237 3472 372 3540 habitant,
392 3470 437 3524 vel
463 3468 532 3525 alios
550 3469 661 3525 crebros
680 3469 828 3525 instituunt
844 3476 1008 3538 conventus,
1026 3469 1071 3524 vel
1097 3476 1175 3528 sexta
1203 3490 1262 3527 can.
1291 3477 1332 3528 53.
1362 3471 1588 3541 impedimentum
1617 3472 1700 3541 illud,
1731 3480 1869 3544 quatenus
1894 3492 1926 3529 cx

237 3558 335 3631 quouis
352 3556 434 3611 modo
448 3555 666 3611 familiaritatem
684 3555 802 3611 invicem
822 3564 957 3621 exercent,
975 3555 1071 3610 matri·
1096 3558 1233 3629 baptismo
1251 3558 1401 3629 descendit,
1419 3559 1564 3630 approbat,
1582 3558 1632 3613 sed
1646 3560 1927 3632 praeterquamquod

238 3646 330 3701 monio
352 3641 484 3715 conjungi
510 3658 566 3697 non
582 3648 708 3713 possent,
739 3660 801 3699 cum
827 3650 919 3699 tamen
945 3643 980 3699 de
999 3645 1071 3715 ejus·
1096 3645 1193 3701 habita
1216 3650 1258 3700 est
1282 3644 1399 3716 septimo
1417 3644 1527 3700 demum
1554 3645 1659 3708 seculo,
1681 3647 1835 3702 notandum
1855 3648 1927 3720 quod

237 3730 311 3786 modi
337 3729 497 3801 nuptiarum
523 3728 716 3784 conciliatione
748 3728 911 3801 plerumque
944 3730 1071 3801 usurpari
1096 3731 1204 3788 Albert.
1249 3731 1365 3804 Piggius
1393 3732 1420 3784 in
1451 3731 1572 3786 diatriba
1600 3749 1661 3785 cam
1689 3733 1882 3787 adsetmriaam
1903 3743 1927 3787 et

236 3816 324 3889 possit
342 3815 411 3871 illud
430 3819 538 3888 poetae,
1095 3818 1302 3889 supposititiam
1320 3835 1381 3874 essc
1399 3818 1556 3883 contendat,
1571 3818 1754 3873 Bellarminus
1767 3818 1830 3877 libr.
1849 3827 1873 3876 l.
1894 3821 1927 3875 de

1095 3904 1216 3977 pontific.
1228 3920 1253 3959 c.
1263 3910 1302 3960 11.
1312 3902 1338 3979 ξ.
1363 3903 1467 3969 Quodsi
1474 3910 1525 3960 etc.
1532 3913 1695 3974 corruptam
1707 3908 1818 3973 raserit,
1829 3906 1928 3963 Binius

1095 3998 1161 4050 tom.
1189 3998 1213 4047 3.
1240 3991 1336 4046 concil
1361 3997 1432 4062 part.
1455 3997 1476 4047 l.
1504 4009 1531 4062 p.
1553 3998 1609 4047 154.
1629 3994 1782 4047 erraticam
1806 3997 1926 4065 pseudo-

238 4082 265 4131 3.
294 4079 320 4131 Λ
347 4077 442 4131 stadio
472 4076 603 4131 caritatis
631 4075 703 4129 iuter·
728 4082 874 4130 extraneas
893 4077 1071 4130 dilatandae.
1095 4080 1233 4147 spuodum
1250 4077 1381 4149 appellat.
1416 4077 1461 4133 De
1480 4077 1618 4149 spirituali
1635 4080 1799 4151 cognatione
1818 4098 1850 4137 ex
1863 4099 1925 4138 cou-

236 4163 458 4236 Respondemus:
500 4162 553 4218 hoc
582 4168 775 4234 argumentum
807 4162 1004 4232 praesupponit
1033 4163 1070 4227 id,
1095 4163 1256 4220 firmationis
1292 4170 1463 4219 sacramento
1492 4164 1677 4221 descendente
1705 4164 1794 4221 altum
1826 4168 1855 4223 iu
1879 4170 1926 4224 illo

237 4249 312 4321 quod
331 4256 373 4305 ost
398 4249 426 4304 in
455 4248 630 4323 quaestione,
663 4247 794 4302 videlicet
820 4264 870 4318 per
900 4248 1069 4318 spiritualem
1094 4250 1211 4306 concilio
1230 4257 1257 4305 et
1276 4250 1338 4305 aliis
1356 4256 1478 4307 veterum
1496 4251 1605 4322 scriptis
1624 4251 1771 4309 silentium.

236 4335 428 4408 cognationem
461 4336 545 4390 talem
577 4334 643 4389 oriri
672 4333 921 4404 propinquitatem,
957 4341 1069 4405 propter
1130 4343 1188 4393 371.
1223 4341 1247 4393 t.
1270 4338 1403 4391 Evideati
1421 4338 1532 4392 laborat
1549 4339 1733 4392 absurditate.
1773 4339 1884 4397 Etenim
1902 4341 2008 4397 sitti‘l

237 4439 321 4495 quam
347 4438 497 4492 personae,
522 4421 593 4475 inter
616 4436 685 4490 quas
711 4417 807 4474 eadem
826 4418 995 4476 intercedere
1013 4427 1068 4476 sta-
1094 4423 1223 4494 cognatio
1265 4421 1414 4494 spiritualis
1452 4423 1655 4480 matrimonium
1695 4425 1823 4496 impedit,
1856 4398 2008 4491 infermi

236 4508 338 4577 uritur,
369 4524 425 4561 non
451 4505 506 4559 sint
533 4521 583 4577 pro
613 4506 748 4560 extraneis
772 4504 923 4563 habendae.
963 4507 1068 4572 Quodsi
1092 4509 1217 4565 homines
1248 4511 1310 4580 pios
1338 4514 1366 4565 et
1391 4509 1561 4565 Christianos
1590 4528 1645 4566 non
1676 4516 1768 4583 potest
1800 4520 1926 4571 constare
1937 4506 2008 4598 {ff

236 4594 364 4651 absolute
397 4608 431 4647 ac
464 4592 626 4662 simpliciter
658 4592 804 4657 asseritur,
840 4610 894 4648 non
924 4594 978 4649 nisi
1004 4612 1067 4649 cum
1093 4596 1305 4651 matrimonium.
1352 4595 1434 4652 Ratio
1456 4597 1632 4654 connexionis
1655 4603 1710 4669 est,
1739 4599 1808 4672 quia
1830 4618 1925 4658 omnes

237 4679 374 4738 mmaneis
396 4677 601 4735 matrimonium
616 4679 848 4748 contrabendum,
871 4698 934 4735 cum
959 4681 1066 4743 ricinis,
1093 4698 1158 4738 vere
1183 4682 1222 4753 pii
1246 4690 1275 4738 et
1292 4681 1441 4737 Christiani
1464 4700 1481 4738 a
1499 4684 1604 4755 Spiritu
1628 4690 1725 4740 sancto
1743 4702 1795 4757 per
1811 4688 1925 4745 verbum

236 4765 421 4822 familiaribus
446 4771 475 4821 et
495 4764 594 4837 quovis
616 4766 698 4821 modo
718 4766 788 4821 caris
806 4783 861 4822 non
884 4766 980 4823 licebit
998 4766 1067 4821 inire
1095 4776 1123 4825 et
1147 4768 1315 4840 baptismum
1340 4768 1457 4840 regeniti
1489 4788 1573 4824 uuum
1593 4779 1707 4841 parerem
1733 4773 1762 4825 ia
1787 4774 1875 4829 sociis
1901 4782 1926 4827 et

238 4852 405 4925 conjugium.
449 4852 532 4908 Adde
552 4852 627 4923 quod
646 4853 810 4925 propagatio
835 4853 1068 4939 necessitudinum
1093 4875 1176 4910 uuam
1196 4856 1225 4910 ia
1243 4856 1328 4909 terris
1345 4864 1470 4919 asarta-em,
1489 4856 1644 4927 ecclesiam,
1664 4858 1776 4927 habent,
1808 4859 1927 4933 ideoque

237 4941 273 4997 sit
297 4938 359 4994 finis
377 4939 491 5012 quidam
515 4938 725 5004 accidentarius,
751 4956 806 4994 non
829 4940 996 5009 essentialis,
1020 4941 1067 5012 qui
1094 4959 1189 4998 omnes
1218 4941 1335 4996 invicem
1365 4941 1464 4998 fratres
1492 4948 1521 4998 et
1551 4959 1658 4999 sorores
1683 4950 1757 4999 sunt
1806 4945 1926 5004 Atcon·

237 5025 353 5099 proinde
379 5026 428 5081 ubi
457 5028 549 5092 deest,
576 5044 632 5083 uon
650 5032 743 5097 potest
759 5026 932 5081 matrimonio
955 5028 1068 5098 impedi·
1093 5045 1211 5100 sequens
1236 5033 1279 5083 est
1298 5028 1458 5085 absurdum.
1500 5029 1575 5099 Ergo
1599 5035 1628 5084 et
1653 5031 1829 5087 antecedens.
1866 5032 1926 5088 Hoc

238 5120 362 5168 mentum
379 5112 510 5184 objicere.
551 5118 574 5168 t.
593 5114 711 5167 Abuca
729 5114 873 5168 moderato
897 5115 989 5181 officii
1004 5120 1289 5186 cosa-argumentum
1316 5114 1476 5185 cumprimis
1500 5122 1582 5186 urget
1603 5116 1744 5171 Lutherus
1767 5117 1797 5172 in
1825 5118 1875 5174 lib.
1893 5119 1926 5175 de

232 5199 353 5270 jugatas.
402 5200 474 5264 Quia
497 5200 569 5254 euim
587 5208 720 5256 amantur
740 5218 759 5253 a
775 5200 854 5254 aobss
879 5200 938 5269 illi,
964 5218 1033 5271 quos
1052 5188 1165 5273 e'capt
1204 5200 1340 5272 Babylon
1359 5218 1420 5272 cap.
1441 5201 1476 5257 de
1496 5201 1651 5257 matrimou.
1670 5209 1736 5261 tom.
1756 5210 1780 5260 2.
1814 5203 1926 5261 Jenens.

238 5287 377 5359 baptismo
395 5286 574 5356 suscepimus,
592 5288 618 5341 ei
635 5289 791 5342 adderetur
804 5304 884 5341 amor
902 5288 1069 5359 conjugales,
1093 5286 1185 5342 Latin.
1203 5286 1251 5344 fol.
1273 5293 1331 5345 280.
1380 5289 1480 5355 a'uaaa
1509 5287 1620 5359 (inquit)
1647 5289 1716 5343 illae
1743 5294 1925 5361 comparemi-

235 5372 304 5443 pius
322 5372 401 5442 justo
419 5380 555 5426 aresceret
571 5390 651 5426 amor
666 5373 802 5429 casuales.
845 5372 1193 5445 Respondemusatatum,
1233 5374 1516 5457 qommateraitatum,
1547 5376 1827 5446 confraternitatum,
1864 5396 1925 5433 eoa·

238 5458 294 5514 imo
312 5476 377 5515 vero
394 5458 525 5514 honestus
543 5475 626 5527 amor,
647 5459 736 5531 qualis
754 5466 797 5515 est
813 5457 886 5515 inter
897 5462 1278 5589 susceptoresqsororitatam
1303 5469 1329 5515 et
1356 5460 1554 5526 confilietatum
1574 5463 1673 5517 dotem
1689 5480 1810 5533 morasse
1829 5466 1926 5519 asaia·

237 5550 267 5603 et
290 5552 433 5617 susceptos
457 5561 489 5601 ex
513 5544 650 5615 baptismo
679 5546 848 5601 incrementa
873 5546 1012 5616 accipiens
1033 5548 1070 5603 ab
1095 5547 1146 5617 pai
1162 5555 1306 5602 coatrasto
1322 5548 1510 5603 aoatrr'mom'a.
1548 5548 1617 5612 Quis
1636 5551 1709 5604 earm
1726 5550 1810 5605 istam
1827 5570 1924 5622 copma-

324 3937 463 3991 Notitiam
477 3937 641 4005 primosque
657 3939 767 4005 gratius
784 3938 889 4000 vicinia
905 3938 983 3999 fecit.
