4020 6022
253 324 314 385 att
830 312 951 371 Locus
968 309 1170 370 VIGESINUS
1189 312 1358 379 QUINTUS

253 488 314 527 eam
332 476 472 542 receptam
490 486 550 527 esse
568 468 683 540 cogitet,
713 476 745 523 ut
760 470 844 539 juxta
862 467 1006 523 scientium
1026 464 1081 537 ipsi
1092 478 1094 535 ς
1107 482 1132 519 r.
1156 472 1198 522 ιιι
1218 469 1355 523 Μιιιιιιι
1372 468 1441 521 siris
1459 469 1587 523 substitus
1606 486 1665 523 esse
1679 470 1760 538 jubet
1775 468 1804 522 in
1821 468 1948 523 Domino

254 565 385 629 tanquam
402 557 553 625 infirmiori
570 556 632 609 resi
648 553 797 624 cohabitet,
815 571 888 625 quse
905 557 1035 609 ἐπιείκεια
1053 542 1095 627 in}
1108 551 1165 605 sios
1179 563 1298 625 propter
1318 555 1480 617 Dominum,
1500 555 1548 625 qui
1568 554 1675 610 scilicet
1701 555 1730 609 id
1748 554 1948 609 constituitote

254 643 347 715 specie
365 660 382 698 a
399 642 504 697 maritis
522 640 678 713 requiritur,
699 647 721 696 ι.
743 640 816 695 Ριιι.
837 647 860 707 3,
880 659 906 697 r.
925 647 950 696 ιι.
970 640 1264 711 ριοριιι,ριιιιιριι,
1311 656 1383 710 quse
1418 639 1503 695 verbs
1539 640 1696 712 expendens
1730 640 1947 711 chrysostomus

255 729 474 792 deformitatem,
494 726 674 795 sterilitatem,
692 726 860 781 valetudinis
880 726 1082 787 adversitatem,
1094 772 1096 777 ,
1109 723 1200 779 homil.
1220 731 1260 781 20.
1279 726 1308 779 ιι
1328 724 1406 796 epist.
1424 725 1461 779 ad
1478 724 1580 794 Ephes.
1599 725 1709 782 scribit:
1733 727 1767 779 Si
1783 728 1817 785 is.
1837 727 1889 796 qui
1903 728 1948 779 leis

255 821 307 872 oto.
326 815 414 885 ipsam
437 832 492 870 non
514 813 577 869 odio
600 813 713 881 habeat,
736 814 785 869 sed
811 813 901 882 potius
922 828 954 867 eo
974 810 1230 905 nomineqeeternis
1254 812 1383 865 ciuilibus
1407 812 1618 881 mapistrstibus
1640 812 1764 880 resistit,
1791 812 1851 866 Dei
1871 814 1948 866 ordi·

256 916 316 955 sess
333 900 513 955 afflictantem
530 899 714 955 consolatione
734 899 835 969 erigat,
861 896 985 967 exemplo
1003 896 1083 951 Elea·
1095 910 1097 915 ·
1110 898 1221 951 stationi
1238 898 1353 965 resistit,
1371 898 1460 967 multo
1477 900 1569 968 mopis
1580 916 1665 968 neor,
1683 915 1755 968 quoe
1770 901 1877 951 rnerito
1894 915 1947 951 non

257 1004 310 1043 nae
329 992 352 1043 1.
365 986 483 1044 Samuel.
505 992 526 1058 1,
547 1003 572 1038 v.
586 990 608 1041 8.
626 984 764 1040 Homerus
782 984 861 1041 Iliad.
885 991 910 1038 l:
931 984 988 1045 uui
999 984 1084 1036 bonus
1112 982 1268 1053 subjicitur.
1320 984 1369 1037 Sic
1395 989 1472 1038 Deus
1495 985 1582 1039 uoluit
1612 985 1648 1037 ub
1677 985 1768 1040 initio.
1818 983 1947 1055 Cogitant

255 1082 295 1127 ert
316 1082 341 1127 et
352 1076 490 1143 prudenu
507 1073 532 1124 is
549 1080 574 1126 et
592 1072 688 1140 dilipit
701 1080 727 1125 et
742 1073 838 1139 nrnpni
847 1071 919 1135 feroit
932 1069 1085 1138 propriam
1111 1087 1177 1141 ergo
1194 1068 1259 1140 pise
1278 1070 1415 1138 mulieres,
1435 1088 1465 1125 se
1484 1071 1648 1140 obsequium
1667 1070 1737 1125 illud
1754 1089 1811 1123 non
1830 1070 1947 1123 bomini·

220 1193 223 1201 ·
256 1177 408 1230 eorpupem
454 1160 551 1229 Neque
583 1164 675 1213 tamen
707 1158 797 1213 amica
827 1156 876 1210 illa
913 1153 1085 1209 conversatio
1113 1157 1175 1223 bus
1194 1158 1246 1209 red
1264 1158 1326 1210 Deo
1345 1163 1499 1231 proestare,
1524 1157 1590 1254 quie
1608 1156 1724 1212 Deus'
1702 1173 1743 1211 ιιι
1761 1155 1903 1210 ordinarit
1922 1160 1947 1209 ot

256 1247 424 1318 degenerare
456 1245 572 1300 debet
565 1263 593 1298 m
630 1244 728 1300 servile
760 1242 881 1298 studium
916 1200 1231 1313 obsequendilinstltuit
1252 1258 1285 1295 oc
1301 1242 1421 1296 vicissim
1440 1259 1469 1297 se
1487 1260 1542 1298 non
1562 1243 1590 1296 in
1609 1243 1683 1297 viros
1701 1248 1827 1310 tantum,
1850 1241 1947 1297 sedin

256 1332 364 1386 mulieri
389 1333 472 1387 etiam
496 1332 524 1385 in
550 1331 619 1395 illis,
645 1331 673 1384 in
699 1330 799 1401 quibus
824 1329 935 1383 modum
961 1316 1203 1413 debitumlipsum
1223 1326 1314 1381 Deum
1333 1345 1464 1397 peccare,
1484 1329 1508 1383 si
1526 1328 1648 1383 debitam
1668 1327 1745 1382 illam
1762 1327 1947 1382 obedientiam

257 1418 374 1483 excedit,
395 1418 467 1474 sicut
483 1417 611 1473 Clemens
628 1417 780 1471 Alexandr.
807 1415 867 1469 libr.
888 1420 912 1469 2.
932 1412 1087 1484 paedsgcg
1099 1394 1142 1483 let
1155 1413 1354 1482 subjectionem
1372 1414 1478 1468 moritis
1492 1416 1638 1485 denegent
1667 1412 1948 1471 2.'Prunemulieris

258 1520 319 1574 cap.
343 1511 380 1561 10.
398 1509 498 1569 monet,
517 1505 546 1557 in
564 1505 637 1571 lmen
648 1504 763 1556 vestirem
781 1509 807 1554 et
824 1502 1014 1554 ciborumnon
1031 1501 1258 1591 esselformctio.
1296 1499 1377 1553 Hane
1395 1500 1529 1555 rationem
1546 1508 1627 1572 urget
1639 1500 1819 1571 apostolusl
1833 1496 1896 1552 Cor.
1911 1501 1948 1559 11,

258 1591 463 1659 indulpenrlum
482 1590 661 1644 muliebribus
675 1588 865 1642 dceirleriiset
878 1560 1105 1661 cupiditatibus
1116 1602 1141 1640 r.
1161 1593 1189 1640 ι.
1223 1586 1270 1639 Vir
1290 1603 1346 1639 nou
1364 1586 1444 1639 debet
1460 1586 1554 1640 celare
1573 1594 1674 1655 eaput,
1697 1586 1829 1654 quoniam
1856 1585 1947 1652 imcpo

261 1676 392 1731 Graviter
410 1677 483 1730 enim
501 1680 652 1745 peccarunt
674 1673 799 1727 Ademus
817 1671 886 1727 Gen
906 1679 936 1733 3,
954 1689 980 1724 v.
1000 1676 1023 1725 6,
1043 1656 1105 1724 Sel
1117 1678 1144 1724 ιι
1165 1671 1260 1739 picris
1284 1673 1342 1724 Dei
1364 1680 1417 1738 est,
1449 1673 1550 1726 mulier
1578 1682 1669 1725 ostem
1695 1672 1791 1739 plorin
1820 1670 1879 1721 riri
1904 1676 1948 1722 ιιι

260 1764 397 1819 lomoni.
415 1762 484 1834 Reg.
505 1768 544 1828 11,
563 1779 588 1814 ι.
608 1766 632 1817 3.
666 1759 800 1813 Achabus
822 1765 843 1814 1.
861 1758 930 1828 lteg.
950 1762 991 1820 21,
1008 1774 1034 1811 v.
1049 1736 1105 1810 25.
1118 1775 1143 1813 r.
1163 1763 1187 1813 8.
1206 1759 1273 1812 Non
1299 1759 1370 1811 mrim
1397 1759 1441 1811 vir
1460 1775 1493 1811 ee
1510 1760 1625 1837 mulius
1643 1764 1696 1825 est,
1722 1760 1775 1811 scri
1798 1756 1901 1809 nuslier
1919 1771 1949 1807 ez

260 1856 288 1905 et
300 1849 348 1904 alu
361 1849 524 1920 complures,
538 1865 586 1918 qur
578 1847 633 1902 ab
648 1845 779 1900 uxoribus
790 1845 874 1900 rllecu
889 1841 1058 1913 espersuasi
1073 1857 1091 1894 a
1116 1844 1186 1897 ciro.
1218 1862 1242 1899 v.
1259 1850 1283 1899 0.
1314 1845 1426 1899 Etenim
1457 1862 1513 1899 non
1547 1853 1587 1899 est
1622 1852 1732 1899 erectius
1761 1844 1805 1896 sir
1829 1849 1949 1912 propter

196 1952 202 1963 ·
261 1952 358 1991 norms
381 1936 451 2006 legis
469 1934 578 1988 divinae
598 1933 783 1987 discesserunt
802 1938 853 1986 stc.
889 1928 1014 1984 Accedat
1024 1944 1091 1998 ergo
1117 1930 1273 1999 mulierem,
1300 1933 1352 1984 sest
1373 1931 1474 1984 mulier
1495 1940 1616 2003 propter
1640 1932 1740 1987 virum
1769 1948 1795 1985 v.
1817 1935 1857 1986 10.
1880 1929 1949 1982 Ideo

259 2029 284 2079 4.
304 2024 452 2075 moderatu
470 2021 614 2076 correctio.
646 2019 716 2073 Cum
734 2018 806 2073 enim
825 2017 922 2071 marito
940 2014 1091 2068 dominium
1117 2016 1198 2069 debet
1214 2017 1315 2070 mulier
1334 2023 1505 2084 potestatem,
1525 2016 1578 2072 hoc
1592 2016 1772 2073 estvclamen
1791 2016 1819 2069 in
1840 2015 1949 2086 signum

259 2108 287 2163 in
309 2124 421 2163 uxorem
439 2112 587 2177 competat,
608 2105 669 2159 ideo
688 2103 771 2158 etiam
790 2103 842 2173 ipsi
860 2100 995 2157 incumbit
1013 2100 1091 2155 aber·
1116 2101 1296 2171 subjectionis
1313 2102 1415 2156 babere
1440 2121 1530 2172 supra
1548 2112 1634 2172 caput
1653 2122 1742 2157 ιιιιιιι.
1779 2100 1816 2155 Et
1841 2107 1860 2157 1.
1879 2099 1948 2155 Tim.

259 2200 366 2249 rentem
392 2192 489 2249 leniter
513 2210 546 2247 ae
571 2191 722 2261 prudenter
741 2189 877 2260 corrigere
899 2203 1015 2259 eamque
1035 2203 1089 2240 non
1117 2194 1141 2256 2,
1159 2204 1185 2243 v.
1208 2194 1254 2243 11:
1284 2189 1406 2242 ttulieri
1421 2207 1477 2243 non
1493 2191 1626 2259 permitto
1646 2189 1793 2242 dominari
1805 2188 1836 2239 in
1851 2187 1950 2241 cirtem.

260 2279 464 2334 contumeliosis
484 2284 513 2333 et
531 2276 670 2347 injuriosis
689 2274 796 2339 verbis,
814 2273 901 2329 multo
922 2273 1012 2327 minus
1031 2287 1089 2325 ver·
1115 2290 1141 2327 r.
1163 2278 1202 2327 12.
1220 2274 1316 2326 rictum
1329 2276 1400 2328 enim
1414 2277 1527 2342 primus
1538 2277 1744 2343 fornmtuscst,
1756 2276 1862 2327 deiurio
1881 2276 1948 2331 Ero.

259 2364 372 2421 beribus
390 2370 439 2419 aut
455 2362 576 2429 senties,
600 2361 649 2417 sed
674 2361 784 2414 blendis
807 2358 899 2415 verbis
924 2365 953 2415 et
972 2357 1089 2413 benero-
1116 2357 1267 2428 Apostolus
1292 2359 1433 2415 concludit
1458 2360 1509 2415 hoo
1533 2361 1621 2415 modo.
1670 2358 1743 2424 Quis
1768 2359 1869 2414 mulier
1896 2375 1949 2414 non

260 2450 346 2507 lentis
376 2451 532 2506 emendare.
586 2446 750 2517 Exemplum
784 2446 857 2500 illius
894 2442 1088 2499 moderationis
1115 2443 1219 2513 prima,
1238 2445 1287 2499 sed
1306 2454 1370 2515 post
1388 2445 1477 2499 virum
1497 2446 1606 2501 demum
1621 2446 1746 2513 condita,
1764 2444 1832 2515 qnia
1851 2444 1951 2497 mulier

259 2535 422 2607 proponitur
446 2535 474 2589 in
491 2534 598 2590 Jacobs
617 2533 687 2590 Gen.
708 2539 756 2601 00,
781 2550 806 2585 v.
833 2538 856 2586 2.
897 2531 960 2594 Qua
983 2530 1089 2582 ratione
1117 2547 1149 2583 es
1167 2531 1242 2600 uiro,
1265 2548 1321 2586 non
1339 2537 1431 2586 autem
1450 2534 1494 2585 ιιί
1518 2549 1550 2585 es
1571 2533 1688 2585 muliere
1707 2531 1862 2597 formatus,
1884 2529 1950 2601 qnia

260 2623 353 2678 snimu
376 2621 449 2691 regit
472 2626 500 2674 et
524 2620 639 2690 corrigit
662 2636 761 2687 corpus
785 2617 839 2671 sibi
862 2616 1032 2686 subjectum,
1057 2629 1090 2667 eu
1115 2615 1214 2671 mulier
1225 2626 1345 2686 propter
1367 2620 1472 2685 ιιι-ιιι,
1496 2635 1551 2672 non
1577 2623 1670 2674 sutem
1688 2618 1731 2671 vir
1750 2626 1873 2689 propter
1892 2635 1948 2670 mu·

261 2709 366 2763 ratione
386 2706 502 2761 meritus
521 2712 652 2802 regatus
670 2703 792 2773 corrigat
809 2719 933 2771 uxorem,
959 2704 1090 2772 quaeest
1116 2703 1213 2755 liorem
1233 2709 1276 2757 est
1292 2708 1416 2771 orestus,
1434 2704 1496 2759 ideo
1514 2721 1634 2776 aequum
1652 2710 1702 2772 ιιι,
1722 2709 1753 2758 ut
1772 2702 1877 2757 mulier
1891 2704 1949 2758 viro

262 2812 325 2851 caro
344 2800 372 2848 et
390 2809 489 2863 eorpus
508 2791 604 2862 ipsius,
621 2787 749 2858 Ephes'
738 2810 762 2852 s,
781 2806 806 2842 v.
822 2793 859 2843 28
891 2787 980 2857 Atqui
998 2785 1090 2839 enims
1115 2786 1151 2841 sit
1169 2788 1304 2858 subjectu.
1340 2792 1367 2845 3.
1385 2790 1552 2843 Primusque
1575 2791 1809 2859 transpressionis
1829 2790 1948 2843 cesario.

262 2898 317 2936 non
344 2882 383 2934 ita
408 2878 480 2950 regit
504 2895 616 2945 eorpus,
642 2879 673 2929 ut
702 2872 798 2944 flagris
823 2874 892 2927 illud
917 2876 1043 2928 coerceat
1062 2878 1090 2926 et
1115 2872 1194 2928 Haec
1213 2875 1283 2928 ratio
1299 2876 1505 2946 proposituri.
1518 2876 1590 2932 Tim.
1604 2883 1629 2943 2,
1647 2894 1672 2932 v
1694 2883 1739 2931 10·
1758 2876 1949 2930 lluiisrinon

262 2961 384 3059 affliget,
420 2964 444 3014 si
476 2959 625 3015 Bauliticos
659 2959 806 3055 flagriones
844 2954 961 3013 naturae
997 2957 1088 3012 hostes
1113 2960 1243 3028 permitto
1270 2961 1426 3027 dominari,
1450 2963 1517 3031 quie
1539 2965 1634 3016 rislum
1658 2981 1713 3016 non
1745 2972 1785 3016 ιιι
1807 2965 1947 3024 sedocus.

262 3047 397 3118 excipias,
424 3063 489 3118 ergo
514 3046 596 3101 etiarn
621 3044 734 3099 maritus
759 3044 788 3097 in
811 3044 979 3099 correctione
999 3044 1089 3099 uxoris
1116 3045 1221 3101 seilicet
1252 3047 1356 3116 primus
1387 3054 1416 3102 et
1439 3048 1610 3115 immediate,
1638 3048 1740 3103 mulier
1772 3056 1868 3103 amem
1895 3066 1949 3119 per

260 3133 296 3188 ad
330 3132 418 3205 flagra
447 3140 475 3187 ιι
502 3132 618 3187 verbere
645 3149 700 3185 non
734 3130 891 3186 descendat.
940 3130 1090 3184 Famuium
1114 3140 1269 3199 serpentem
1284 3132 1375 3204 prima
1392 3137 1420 3188 et
1438 3134 1595 3188 immediate
1618 3135 1765 3188 seducte'
1752 3153 1782 3188 sn
1799 3136 1947 3205 praecari

261 3221 381 3289 quictem,
401 3219 491 3290 inquit
509 3217 721 3288 chrysostomus
742 3217 767 3272 d.
787 3216 806 3270 l.
823 3216 928 3286 poterit
949 3216 1089 3286 quispiam
1115 3218 1223 3271 catione
1243 3218 1309 3280 fuit.
1350 3220 1553 3291 Argumentum
1571 3221 1688 3291 apostoli
1711 3221 1768 3275 tale
1787 3228 1839 3276 est.
1877 3220 1949 3286 Quia

261 3314 334 3358 motu
351 3304 487 3373 cllipore,
511 3304 566 3356 imo
584 3319 649 3357 uero
668 3320 702 3356 ue
724 3304 804 3356 ilium
824 3303 947 3371 quietem,
966 3304 1089 3366 fortusse
1116 3302 1266 3357 dominium
1286 3304 1408 3359 mulieris
1426 3305 1456 3359 in
1473 3304 1562 3359 virum
1581 3306 1732 3376 pessimum
1749 3306 1850 3362 habuit
1867 3324 1947 3363 even

262 3389 335 3443 enim
352 3390 458 3443 resiliet
476 3397 502 3443 et
519 3389 619 3453 ebibit,
644 3390 718 3441 ‘suae
743 3390 835 3441 autem
851 3388 973 3456 sociam,
990 3388 1089 3441 libero·
1115 3394 1191 3457 tum,
1211 3389 1273 3444 ideo
1292 3407 1347 3445 non
1364 3391 1482 3462 emplius
1501 3391 1571 3445 illud
1588 3382 1641 3462 ipsi
1660 3393 1711 3446 erit
1730 3392 1947 3449 concedendum

261 3494 324 3528 rum
348 3483 464 3529 matrem
493 3483 520 3528 et
542 3491 612 3543 quoe
638 3481 680 3528 est
709 3492 795 3527 ceusu
818 3481 843 3527 et
866 3474 977 3528 occasio
1000 3473 1090 3527 ortuis
1116 3474 1211 3529 Poena
1236 3482 1405 3546 spontaneae
1433 3478 1658 3548 nansgressionis
1680 3495 1713 3533 ac
1733 3479 1895 3550 primaevus
1908 3498 1948 3535 ιι-

146 3572 191 3613 xv.
204 3570 249 3613 too.
261 3562 402 3629 tenuius,
421 3578 477 3615 non
494 3567 602 3629 oportet
621 3568 695 3613 metu
712 3568 738 3613 et
756 3559 839 3613 minis
858 3561 960 3631 lipare,
977 3562 1028 3613 secl
1047 3561 1090 3613 ιιι·-
1116 3561 1253 3615 ductionis
1264 3562 1300 3615 sit
1314 3561 1467 3617 humiliatio
1488 3563 1676 3634 subjectionis,
1695 3582 1767 3636 quse
1778 3564 1870 3636 prims
1882 3566 1947 3621 olim

261 3647 379 3703 lectione
399 3654 425 3700 ot
444 3646 595 3716 affectione.
628 3646 756 3708 Quanam
775 3647 846 3699 enim
859 3647 1001 3715 voluptate
1011 3647 1090 3712 sruc-
1115 3646 1206 3701 fuitin
1224 3647 1391 3712 seductione,
1412 3647 1496 3704 debet
1514 3666 1573 3704 esse
1591 3657 1729 3721 postrema
1748 3658 1777 3707 ιι
1794 3652 1910 3708 inferior
1921 3653 1948 3706 ιι

261 3740 307 3787 tur
322 3735 440 3787 moritus
460 3750 522 3785 oum
538 3748 625 3785 neore
649 3730 781 3785 babitans
806 3740 941 3802 torquem
958 3750 1019 3785 eum
1039 3750 1089 3785 ιιιι-
1117 3734 1310 3790 dominatione.
1354 3740 1377 3791 t.
1394 3736 1562 3805 Apostolieu
1587 3738 1736 3791 ordinatio.
1787 3746 1809 3793 1.
1828 3737 1891 3793 Cor.
1909 3746 1948 3803 14,

261 3820 330 3874 cille
349 3828 375 3873 et
393 3838 449 3873 riou
463 3829 595 3887 tanquam
614 3836 676 3871 oum
695 3818 794 3874 libera.
827 3818 873 3872 Ad
891 3818 959 3872 haec
972 3824 1091 3888 quatuor
1116 3839 1142 3877 r.
1161 3826 1207 3876 34:
1229 3822 1400 3876 Melioribus
1419 3840 1474 3874 non
1488 3824 1660 3891 pcrrm'ttitur
1674 3826 1703 3876 in
1722 3826 1844 3879 ecclesio
1861 3826 1947 3895 loqui,

262 3905 357 3977 capita
380 3906 463 3961 facile
487 3904 582 3961 referri
604 3912 721 3975 possunt
749 3905 832 3959 etiam
863 3905 972 3976 relique
997 3904 1089 3958 meriti
1114 3910 1165 3961 seri
1182 3908 1309 3961 subditas
1321 3925 1379 3962 sese
1397 3909 1469 3961 sicut
1486 3917 1511 3962 et
1529 3910 1573 3961 ier
1591 3909 1670 3962 dicit.
1699 3908 1803 3979 prcs.
1820 3916 1846 3980 5,
1861 3928 1886 3966 r.
1901 3916 1947 3967 22:

261 4008 329 4064 erga
357 4009 469 4046 uxorem
501 3991 608 4061 officis,
636 4008 707 4062 quae
735 3990 771 4045 sb
798 3989 858 4045 aliis
886 3996 1087 4045 enumerantur.
1115 3994 1255 4048 biulieres
1274 3994 1343 4047 viris
1359 3994 1489 4048 substitue
1507 3996 1562 4047 sint
1581 3996 1652 4049 sieut
1670 3996 1803 4051 Domino.
1845 3994 1905 4052 Col.
1925 4004 1947 4063 3,

260 4079 348 4133 tuxts
363 4077 468 4133 scribas
482 4076 672 4132 Hebraeorum
684 4082 791 4147 septem
802 4083 867 4131 sunt
879 4076 968 4131 mariti
983 4074 1088 4131 officia:
1114 4097 1139 4134 r.
1163 4086 1208 4135 ιιι
1226 4079 1362 4134 Srtbditue
1380 4080 1436 4133 sint
1454 4081 1484 4133 iu
1501 4083 1634 4137 Domino.
1673 4088 1695 4137 ι.
1715 4081 1789 4139 Τιιι.
1812 4087 1838 4151 2,
1856 4102 1883 4139 ι.
1904 4088 1947 4139 ll:

263 4168 285 4219 i.
309 4164 342 4217 Ut
355 4182 468 4219 ueorem
484 4172 627 4231 ceprotum
645 4171 739 4232 curet,·
767 4167 793 4218 2.
814 4171 843 4216 ut
861 4163 982 4216 redimat
1001 4164 1088 4232 capti·
1115 4167 1180 4220 Non
1194 4167 1327 4235 permitto
1340 4166 1615 4221 mulierirlominuri.
1645 4166 1777 4236 Titzv.
1791 4176 1822 4225 5:
1841 4171 1946 4225 Adole-

259 4268 342 4319 vum,·
361 4254 389 4307 3.
407 4258 438 4304 ut
462 4250 581 4319 sepeliat
605 4257 759 4318 mortuomJ
783 4253 807 4302 t.
827 4256 857 4302 ut
874 4256 1040 4303 sustentetur
1056 4266 1089 4303 eu
1115 4252 1255 4307 secutulue
1280 4252 1348 4305 uiris
1374 4253 1432 4305 suis
1457 4253 1555 4307 debent
1572 4270 1632 4307 csse
1655 4255 1791 4311 utbditue.
1833 4261 1855 4311 1.
1874 4254 1945 4312 Petu

253 4337 445 4403 facultatibus
464 4338 541 4406 ejue;
558 4342 584 4391 b.
598 4345 627 4389 ut
644 4336 748 4389 babitet
765 4336 795 4388 in
806 4340 889 4389 domo
907 4336 976 4404 ejus,
994 4354 1089 4405 quaru-
1118 4344 1147 4405 3,
1174 4355 1199 4394 v.
1227 4344 1255 4392 1:
1280 4338 1419 4391 Mulieres
1442 4340 1570 4393 subditae
1593 4341 1648 4394 sint
1674 4341 1752 4395 uiris.
1793 4340 1900 4413 Ephes.
1924 4350 1947 4409 5,

260 4424 311 4477 utu
329 4431 369 4477 ert
382 4423 488 4491 riuum·
508 4425 533 4477 b‘.
550 4430 581 4476 ut
594 4423 656 4490 ejus
669 4422 753 4491 filice
764 4429 947 4476 sustententur
964 4438 998 4475 eu
1012 4423 1089 4477 bonis
1117 4443 1141 4478 v.
1167 4430 1213 4479 3οι
1248 4425 1322 4478 err
1348 4426 1478 4477 moritum
1508 4444 1586 4478 seeum
1615 4427 1717 4481 timent.
1744 4433 1784 4489 ,5.
1812 4428 1949 4501 Gonjttpii

245 4510 338 4579 ejus,
371 4511 458 4565 donee
490 4511 708 4579 desponsenturJ
746 4514 768 4563 7.
797 4516 827 4562 ut
859 4508 915 4572 titii
944 4509 1006 4577 ejus
1034 4511 1090 4564 sint
1116 4512 1249 4565 conriitio.
1282 4509 1412 4575 Quamvis
1430 4511 1534 4567 ratione
1543 4511 1615 4582 junio
1628 4514 1819 4583 sopoteststis
1834 4522 1948 4572 mutuae

262 4598 1145 4652 teredenis
1172 4614 1270 4667 corpus
1296 4595 1409 4651 ulterius
1433 4597 1469 4651 sit
1490 4596 1563 4652 inter
1586 4599 1718 4670 conjuges
1735 4601 1885 4697 quaedam
1905 4620 1947 4658 se

132 4692 250 4735 ιιιιοιιι
297 4689 355 4740 tet.
391 4685 419 4738 2.
436 4681 535 4737 Uxoris
551 4681 674 4751 propriu
691 4678 784 4736 officia
802 4680 870 4737 baec
887 4687 963 4735 sunt·
989 4688 1009 4740 ι.
1023 4680 1089 4737 bno·
1117 4683 1243 4755 qualitas,
1266 4688 1286 4737 1.
1306 4682 1429 4738 Corinth.
1452 4690 1480 4748 ι,
1494 4702 1520 4739 r.
1545 4690 1570 4739 ι.
1595 4690 1688 4739 tamen
1715 4685 1775 4740 viro
1801 4687 1947 4786 dignitatis

134 4755 250 4836 mnins-
262 4767 346 4839 ιιγή,
371 4785 441 4837 erpa
463 4768 554 4821 sirum
576 4767 725 4836 mbjeetio,
747 4771 779 4820 ut
802 4766 930 4821 maritum
956 4775 1090 4838 agnoscat
1117 4787 1150 4824 ac
1167 4769 1324 4824 dominatus
1349 4770 1543 4841 praerogativa
1566 4786 1599 4824 ex
1623 4771 1684 4841 ipsa
1701 4771 1827 4844 conjugii
1847 4781 2004 4831 naturam

132 4846 226 4948 ,1·1,1,·11”·
262 4872 341 4909 suum
362 4861 447 4925 caput
472 4871 506 4909 ac
531 4852 671 4908 dominum
690 4852 771 4925 eique
790 4869 846 4906 non
865 4853 953 4907 solum
970 4871 1089 4909 amorem
1116 4854 1250 4911 convenit.
1290 4861 1312 4911 1.
1331 4854 1452 4910 Corinth.
1478 4862 1521 4925 ιι,
1545 4874 1570 4909 r.
1590 4861 1619 4912 3:
1645 4856 1736 4927 Caput
1756 4860 1889 4914 mrslieris
1906 4861 1947 4915 uir

262 4946 290 4995 et
307 4940 506 5010 adjumentum,
523 4940 573 4995 sed
592 4939 674 4995 etiam
694 4937 841 5002 honorem,
861 4938 994 5008 timorem,
1013 4956 1088 4995 rere·
1116 4949 1163 4994 est.
1203 4940 1307 5004 Quodsi
1325 4959 1391 5012 ergo
1409 4942 1530 4996 uxorin
1548 4942 1637 4997 virum
1657 4942 1710 4997 sibi
1729 4952 1843 5016 arroget
1862 4946 1946 5003 domi·

262 5025 377 5082 rentiam
402 5032 429 5081 et
460 5025 621 5098 obsequium
646 5030 776 5095 praestet.
810 5023 893 5081 Unde
918 5023 1090 5097 irrumpere
1115 5026 1205 5090 nium,
1233 5027 1360 5081 turbetur
1389 5027 1511 5098 conjugii
1535 5034 1635 5083 nauus
1659 5035 1687 5084 et
1712 5029 1825 5093 ιῠταξια
1850 5049 1870 5088 ι
1888 5032 1946 5089 Deo

263 5111 369 5183 Spiritu
397 5119 491 5167 sancto
521 5121 634 5167 vocatur
658 5111 737 5168 Rom.
764 5118 794 5176 ι,
822 5128 848 5169 v.
879 5117 902 5165 2.
947 5110 994 5165 Ad
1017 5111 1088 5166 hanc
1116 5113 1249 5169 instituta
1302 5117 1328 5167 ι’.
1359 5113 1466 5168 Cbrssti
1503 5121 1528 5168 et
1566 5115 1699 5171 eeclesiae
1730 5120 1945 5189 praefipurotio.

263 5196 463 5266 subjectionem
497 5215 655 5268 permovere
699 5213 760 5252 eum
795 5194 880 5250 debet
933 5201 957 5252 1.
992 5198 1089 5252 dis-lua
1115 5198 1216 5269 Ephes.
1231 5206 1255 5268 5,
1273 5216 1299 5256 v.
1316 5204 1368 5255 2οι
1393 5198 1442 5254 Vir
1460 5208 1544 5270 eaput
1563 5210 1603 5255 est
1619 5203 1760 5272 mulieris,
1777 5204 1852 5259 ιιιιιι
1870 5204 1946 5261 Obri-

256 5283 359 5352 J'ussio.
388 5282 485 5354 Neque
510 5283 582 5338 enim
604 5284 640 5339 ab
665 5282 806 5338 Abusueri
821 5284 956 5339 muncleto
973 5283 1051 5339 Esth.
1068 5290 1088 5352 1,
1115 5294 1173 5339 stus
1187 5287 1330 5341 eeclesiae.
1348 5304 1374 5341 r.
1394 5291 1435 5342 24.
1454 5287 1515 5342 Sed
1532 5288 1605 5341 sieut
1625 5289 1744 5343 semesis
1762 5291 1894 5359 subjectu
1911 5300 1945 5347 est

261 5386 287 5424 v.
307 5374 348 5423 20.
368 5367 510 5439 dependet
528 5368 576 5422 ills
593 5367 736 5439 subjectio,
753 5368 803 5422 sed
821 5368 1006 5441 exststlongc
1020 5370 1089 5424 anti-
1118 5373 1237 5441 Cbristo,
1254 5373 1296 5427 ite
1312 5380 1339 5427 et
1357 5372 1488 5426 mulieres
1505 5374 1575 5428 viris
1586 5375 1645 5429 suis
1662 5375 1692 5428 iu
1708 5376 1845 5441 οιιιιιιιιιι,
1866 5379 1947 5435 bone

262 5455 353 5526 quius,
370 5454 516 5527 augustius
532 5461 561 5510 et
578 5453 682 5508 firmine
695 5455 776 5508 dcea
788 5461 965 5525 praeceptum
980 5453 1051 5513 Gen.
1065 5461 1089 5524 3,
1116 5458 1165 5510 stis
1191 5458 1297 5513 scilicet
1316 5465 1344 5512 et
1359 5457 1443 5528 justis
1462 5457 1619 5527 mandatis,
1642 5475 1714 5530 quae
1739 5477 1796 5517 non
1820 5472 1948 5539 pugnant

263 5560 287 5599 v.
309 5547 355 5597 tu:
372 5542 439 5615 Ipso
453 5541 643 5595 dontinubitur
659 5542 718 5607 tibi,
736 5542 810 5595 unde
827 5540 931 5596 Psulus
948 5541 1050 5597 Coloss.
1064 5548 1090 5608 0,
1117 5560 1178 5599 cum
1203 5544 1266 5614 lege
1290 5544 1385 5601 dirins
1412 5545 1533 5599 omnium
1559 5545 1727 5617 reliquorum
1752 5550 1948 5611 mandatorum
