4020 6022
188 319 230 375 43
768 303 1115 366 3003311331111113
1132 307 1301 374 QUINTUS

182 465 247 536 fide
261 466 434 520 uttmdentee
458 463 606 535 rps'ritrbue
627 461 733 518 errorir
758 469 784 518 et
801 464 939 518 doominie
956 464 1022 516 dat·
1049 466 1107 518 tum
1134 463 1331 536 perfectionis,
1360 470 1389 521 et
1412 465 1459 537 qui
1482 464 1511 520 iu
1528 481 1561 520 eo
1577 464 1691 532 riruut,
1721 481 1806 537 posse
1822 463 1889 536 plus

187 551 345 608 morior-um
371 569 397 610 r.
418 557 442 608 1.
460 551 669 621 prohibentium
693 550 805 607 nubere.
842 551 897 606 Per
913 549 1022 606 deside·
1048 558 1206 622 praestare,
1236 567 1319 624 quem
1343 551 1421 608 Deue
1443 552 1472 606 in
1495 552 1558 624 lege
1582 549 1739 624 requisivit,
1768 550 1889 607 ethaeo

187 637 259 693 rium
280 637 367 711 igitur
391 637 536 694 mulierum
567 635 733 709 intelligitur
756 652 834 694 emor
857 636 1021 709 coujugulis,
1048 655 1099 693 sue
1121 638 1220 694 merite
1238 637 1309 703 eliis,
1335 638 1384 710 qui
1411 639 1439 692 in
1457 638 1588 711 conjugio
1610 639 1721 708 vivunt,
1743 637 1889 709 epplicure

187 740 272 798 snper
290 742 371 798 quem
396 723 585 780 Antichristus
612 740 668 780 non
687 724 724 779 sit
741 723 946 793 intellecturus,
968 722 1021 778 hcc
1048 741 1142 796 pense,
1160 723 1283 796 quinimo
1302 724 1385 780 etiem
1403 723 1515 780 minime
1532 740 1631 796 opere,
1661 741 1733 796 quee
1751 724 1780 778 iu
1801 723 1889 779 coeli·

186 816 230 866 cst
246 810 315 867 nihil
343 811 460 867 eundem
483 809 608 865 fecturus
634 826 687 866 uec
713 809 878 882 dignitatem
895 812 956 881 ejus
974 824 1021 864 cu·
1047 811 1115 868 butu
1132 811 1211 876 liunt,
1229 811 1291 867 Deo
1308 827 1370 872 esse
1387 810 1544 883 acceptiora
1555 829 1639 883 quem
1657 811 1777 867 maxims
1788 827 1887 882 opere,

187 903 306 953 returns.
342 897 397 953 Per
417 886 512 960 &tit
549 896 622 953 cuim
669 897 781 970 proprie
828 895 1021 968 intelligimtur
1047 913 1120 970 queo
1142 897 1215 953 fiunt
1238 914 1257 953 ιι
1281 897 1451 970 conjugatis,
1480 897 1636 963 cuiusmodi
1659 897 1741 968 pluro
1767 896 1887 953 inferius

187 998 285 1041 uxores
312 982 412 1040 Gener.
436 989 469 1052 4,
495 989 584 1041 313.
612 999 637 1040 3.
656 990 687 1054 t,
709 1001 736 1040 r.
761 991 785 1042 1.
811 999 837 1040 c.
858 988 904 1049 34,
932 987 1020 1040 313.
1047 985 1241 1042 offerentum.
1257 983 1445 1056 Hospitiolum
1458 990 1512 1042 etc.
1527 984 1590 1041 dist
1603 989 1653 1040 et:
1673 985 1826 1039 bibonum
1844 989 1888 1038 ert

187 1070 268 1128 lium.
287 1076 325 1137 14,
342 1089 368 1126 r.
387 1075 412 1126 3.
437 1085 493 1143 quo
510 1070 595 1126 etiem
613 1068 706 1125 Derid
729 1069 833 1126 (13333
851 1069 1020 1142 urgabona-
1047 1071 1192 1126 mutierem
1221 1088 1278 1126 non
1307 1079 1438 1141 torpere,
1466 1071 1572 1124 3331333
1599 1079 1640 1124 eet
1664 1087 1731 1140 erpo
1757 1080 1887 1141 torpere

187 1157 298 1214 thenem
323 1172 418 1212 umore
441 1156 511 1212 dicit
536 1162 560 1212 t.
579 1155 652 1211 Sum
682 1162 713 1226 1,
736 1173 762 1212 r.
789 1161 837 1214 26:
872 1157 1021 1210 Jucundue
1048 1160 1073 1214 4.
1094 1157 1162 1211 Toti
1185 1158 1284 1213 ordini
1306 1157 1493 1211 mcteeiortioo
1519 1157 1652 1225 ooniupio
1678 1157 1887 1226 interdicendo,

186 1244 256 1298 mibi
273 1244 337 1311 suit
360 1261 443 1299 umor
460 1249 523 1297 true
542 1231 639 1316 Elii}
660 1241 789 1322 11ζῖ11311,
820 1258 895 1313 prae
926 1257 1021 1296 amore
1048 1250 1080 1298 ut
1105 1248 1214 1299 constet
1240 1259 1274 1299 ex
1298 1244 1391 1315 praxi,
1421 1243 1450 1297 id
1476 1243 1551 1315 quod
1571 1250 1680 1316 pugnet
1705 1261 1767 1299 cum
1788 1243 1888 1299 dirius

186 1328 349 1399 mulierum,
366 1328 421 1386 hoc
445 1334 488 1386 eet
504 1345 573 1402 pree
587 1343 682 1384 umore
694 1328 851 1401 conjugali,
869 1345 903 1384 ec
921 1325 1021 1383 Euecln
1049 1330 1173 1403 conjugii
1197 1330 1384 1400 institutione,
1416 1346 1488 1402 quoe
1519 1330 1722 1385 matrimonium
1753 1329 1886 1384 omnibu·

188 1421 236 1483 ts,
263 1432 289 1473 r.
312 1421 353 1474 ib.
383 1432 454 1472 uxor
475 1419 592 1472 rotetur
608 1415 715 1494 1131113,
747 1417 921 1471 deriderium
958 1431 1021 1470 ocu·
1048 1417 1180 1489 relinquit
1203 1416 1336 1487 liberum,
1360 1421 1393 1471 ut
1419 1416 1449 1471 iu
1471 1421 1549 1472 tract
1578 1416 1613 1471 de
1631 1415 1733 1471 minist.
1751 1415 1781 1470 iu
1798 1430 1887 1488 quse·

188 1503 296 1569 torum,
320 1505 354 1557 nt
379 1506 489 1558 3333131
514 1519 548 1559 ex
565 1502 714 1560 3311311333
730 1520 758 1561 r.
778 1508 817 1560 13.
852 1501 916 1558 Hoc
932 1501 1022 1574 ipsum
1049 1504 1137 1561 stione
1157 1503 1192 1560 de
1210 1503 1341 1576 conjugio
1355 1502 1529 1559 secerdotum
1547 1503 1630 1558 letius
1642 1502 1697 1558 tuit
1713 1502 1886 1558 demonstre-

187 1589 222 1645 de
239 1588 412 1646 Antichristo
431 1588 593 1644 vaticinium
607 1590 649 1646 ‘in
666 1605 742 1662 pepe
758 1589 885 1646 Remum
903 1587 1023 1660 comple-
1049 1597 1117 1647 tum.
1155 1596 1181 1646 b.
1202 1590 1421 1646 Concubitum
1441 1598 1466 1645 et
1481 1607 1569 1660 rupae
1585 1590 1718 1645 libidines
1736 1590 1767 1663 in
1779 1604 1886 1659 pereo-

186 1681 248 1739 tum
267 1692 342 1746 ense,
367 1679 477 1731 comtat
497 1691 532 1730 ex
548 1675 633 1732 retiis
659 1677 771 1748 injuriis
793 1682 823 1733 et
840 1673 1023 1745 contumeliis,
1049 1681 1094 1733 m'e
1120 1678 1317 1734 33313333ιῆ313
1337 1676 1431 1749 potius
1452 1678 1601 1732 tolerando
1623 1692 1708 1749 quem
1736 1676 1885 1731 honestum

187 1776 262 1836 quet
285 1760 417 1834 conjugio
435 1761 472 1818 ub
499 1761 562 1834 ipsc
586 1766 615 1816 ct
642 1763 703 1833 ejus
725 1762 838 1821 esseclis
865 1763 1024 1834 irrogentur
1050 1764 1210 1837 conjuginm
1229 1764 1296 1836 ipsis
1312 1762 1505 1835 permittendo,
1524 1779 1549 1819 c.
1568 1762 1592 1816 is
1612 1762 1660 1834 qui
1680 1767 1731 1819 etc.
1750 1763 1814 1818 dist
1834 1767 1886 1818 343

188 1854 212 1904 1.
231 1848 438 1905 immunditiem
453 1856 479 1903 31
492 1848 680 1919 pollutionem
697 1849 775 1905 eliud
789 1853 926 1909 coeundo.
957 1848 1023 1906 Siri-
1050 1852 1097 1914 Ie,
1116 1854 1166 1922 oui
1180 1869 1237 1906 333
1254 1851 1335 1904 babet
1351 1865 1466 1906 uoorem
1483 1858 1509 1905 et
1521 1867 1578 1920 pro
1597 1866 1683 1904 ucors
1703 1850 1886 1904 concubinam

186 1937 246 1993 ciue
267 1936 346 2009 epist.
368 1940 391 1992 1.
409 1935 446 1990 ed
460 1933 615 1991 Himerium
633 1952 694 2009 cup.
708 1943 733 1993 3.
750 1936 929 1994 Innocentius
942 1936 1022 2009 epist
1049 1937 1139 2008 babet,
1157 1956 1177 1992 o
1193 1937 1382 1992 communione
1393 1953 1450 1991 non
1460 1937 1626 2007 repellatur,
1640 1943 1732 1990 13333
1748 1943 1781 1989 31
1798 1937 1886 1991 unice

189 2028 214 2083 3.
238 2040 301 2095 cup.
329 2028 350 2079 1.
387 2027 484 2078 contre
509 2022 685 2080 secerdotum
712 2023 874 2097 conjugium
903 2023 1024 2080 efferunt
1048 2025 1176 2080 mutierie
1194 2031 1245 2079 331
1260 2025 1357 2080 ucorie
1379 2032 1430 2079 out
1445 2023 1615 2079 concubinae
1632 2023 1669 2077 eit
1688 2024 1887 2093 emunctione

192 2110 328 2167 dictasslu
341 2108 513 2182 Scripturtet
535 2109 637 2165 Sancti
652 2117 743 2181 estote,
761 2113 830 2181 puio
848 2118 875 2166 et
892 2126 942 2181 epo
958 2128 1022 2165 san·
1049 2119 1209 2182 contentus,
1235 2111 1286 2166 ubi
1316 2110 1410 2182 glossa
1433 2110 1528 2169 rudit:
1560 2111 1687 2166 penuria
1715 2112 1886 2181 quandoque

187 2204 247 2251 ctus
264 2214 333 2251 3333.
366 2195 560 2267 031333ιὴ3313
578 2202 604 2251 31
620 2196 783 2262 infidelibue
798 2197 871 2253 nibet
888 2205 929 2253 est
944 2216 1022 2252 mun·
1045 2200 1113 2271 plue
1130 2199 1210 2268 jurio
1234 2198 1316 2253 labet
1339 2197 1569 2269 promerebitur,
1596 2197 1665 2268 quin
1683 2205 1777 2251 caetus
1791 2199 1886 2268 repet·

187 2285 264 2342 dum.
302 2283 358 2349 1133·
373 2283 405 2337 13
425 2298 512 2337 carne
529 2289 603 2351 sunt,
614 2285 679 2338 Deo
687 2284 806 2354 piorem
821 2302 878 2340 333
893 2292 1022 2355 possunt.
1047 2288 1169 2353 leretur,
1187 2288 1240 2342 sod
1254 2285 1416 2354 fornicator
1434 2301 1499 2340 333.
1517 2301 1541 2341 c.
1560 2283 1716 2340 Christiano
1733 2289 1787 2340 313.
1804 2284 1884 2342 ende

187 2385 211 2429 c.
228 2369 352 2440 Nuptiae
365 2374 417 2425 ecc
434 2368 497 2425 dist
515 2373 555 2426 31.
573 2386 600 2442 q.
616 2374 638 2425 1.
670 2369 821 2442 Scriptura
837 2371 868 2425 in
880 2371 976 2442 primo
995 2376 1022 2425 et
1050 2375 1212 2432 6133311333
1229 2390 1285 2428 non
1302 2372 1410 2427 licitum
1433 2379 1475 2426 est
1499 2373 1573 2426 duur
1590 2372 1674 2426 eimul
1694 2372 1796 2425 tubere
1814 2387 1885 2426 uuo·

188 2455 270 2512 tertio
283 2464 309 2511 et
321 2461 422 2527 puncto
436 2461 465 2511 et
474 2457 570 2527 orsinto
585 2455 749 2512 (1133133313
762 2457 879 2530 expletis
890 2457 1021 2529 operibus
1047 2481 1106 2532 ree,
1130 2463 1186 2517 nui
1206 2476 1292 2514 unam
1313 2466 1421 2514 tantum
1441 2467 1490 2514 331
1508 2475 1630 2527 uuorem,
1652 2464 1703 2513 aut
1725 2465 1798 2513 certe
1818 2459 1884 2515 loco

186 2543 483 2614 rinpuiorumdicrum
494 2534 575 2614 deu,
593 2549 619 2598 et
636 2545 709 2599 cidit
720 2546 810 2612 Deru,
831 2546 909 2616 quod
922 2546 1021 2601 bonum
1047 2548 1144 2604 uuorie
1169 2546 1359 2603 concubinam.
1407 2545 1472 2601 Huc
1495 2544 1640 2602 referende
1665 2559 1719 2599 ror
1741 2543 1884 2617 flugitiosc

185 2639 272 2703 erret,
297 2631 328 2686 io
348 2632 471 2686 coamdo
491 2630 541 2685 die
567 2630 618 2686 boc
638 2631 750 2688 omnino
767 2632 920 2702 eubtrurit,
942 2632 1022 2687 nobit
1048 2634 1205 2708 Campegii,
1234 2632 1328 2699 Hosii,
1354 2631 1432 2687 Eccii
1455 2637 1483 2687 et
1501 2630 1626 2702 Gortcri,
1652 2633 1730 2702 33331
1746 2633 1884 2689 eumden

185 2717 401 2788 iutsiiipcotiam
421 2717 559 2789 tribuens,
591 2735 648 2774 333
669 2735 729 2774 erre
755 2719 855 2774 borum
880 2719 1021 2790 duplicem
1047 2739 1160 2779 uuor-em
1184 2724 1289 2776 ducens
1305 2719 1421 2789 pruoiue
1438 2726 1548 2789 peccet,
1575 2734 1659 2787 quom
1678 2719 1705 2773 ei
1721 2718 1884 2782 fornicetur·

185 2820 344 2877 numerumn,
374 2805 424 2877 put
451 2805 487 2860 ub
513 2807 617 2862 unione
649 2807 763 2862 diuidat
793 2815 820 2862 et
844 2810 1022 2880 praeripuret
1047 2818 1098 2866 331
1117 2808 1197 2864 domi
1212 2806 1390 2864 concubinam
1409 2806 1486 2875 nlot3
1521 2805 1588 2861 item
1605 2805 1680 2878 quod
1697 2804 1883 2862 Bellurmlnus

179 2895 309 2966 foedera
325 2892 505 2964 nuptiarum,
528 2896 604 2949 uode
621 2902 648 2949 et
664 2910 763 2949 areum
782 2895 865 2951 Noae
882 2895 1022 2951 animalia
1049 2898 1084 2953 dc
1100 2895 1193 2956 cleric.
1212 2912 1273 2966 cup.
1299 2900 1341 2952 14.
1358 2893 1494 2965 disputet,
1517 2897 1592 2948 recte
1607 2891 1683 2959 fieri,
1709 2893 1785 2965 quod
1802 2893 1883 2966 dige-

187 2982 283 3039 omoia
314 2996 494 3053 pratumque
530 2982 597 3038 bina
628 2982 845 3053 inprediuutur,
876 2983 1022 3039 immunda
1048 3002 1125 3055 mus,
1141 2983 1194 3040 boc
1215 2989 1257 3039 eet
1276 2981 1324 3055 qui
1343 2981 1496 3037 mcceesire
1515 2980 1586 3036 dues
1603 2979 1704 3035 hebuit
1721 2995 1835 3050 mores,
1865 2997 1885 3036 a

187 3079 265 3140 nent,
291 3070 385 3140 imper
409 3085 541 3125 numeruc
557 3070 678 3124 mundun
697 3077 747 3128 eet.
784 3067 968 3126 Bellsrminns
987 3070 1023 3128 de
1049 3071 1204 3128 3333313113
1225 3069 1380 3142 repellitur,
1405 3084 1461 3123 nou
1487 3072 1580 3124 eutem
1605 3066 1786 3137 fornicarius,
1815 3069 1884 3140 quie

187 3172 302 3214 serrem
333 3161 414 3213 metr.
442 3173 504 3228 cup.
524 3162 554 3212 b:
587 3157 653 3212 Nou
683 3157 759 3212 mule
786 3157 845 3212 dici
865 3167 963 3228 portet
987 3161 1023 3213 de
1049 3158 1138 3233 magis
1171 3156 1353 3230 probibentur
1380 3155 1504 3228 digamia
1537 3171 1620 3228 quem
1647 3154 1815 3210 adulterium
1836 3156 1884 3212 rel

187 3243 365 3314 ooniupatic:
395 3243 445 3313 qui
469 3242 500 3297 in
521 3258 608 3298 corne
636 3250 713 3314 3331,
737 3243 802 3298 Deo
824 3244 943 3314 plooere
967 3263 1023 3301 333
1049 3245 1259 3303 concubiuetus.
1299 3243 1415 3299 Meritus
1439 3242 1541 3298 riduue
1562 3241 1677 3314 perinde
1702 3258 1736 3296 ec
1753 3241 1884 3313 bigamus

185 3339 316 3405 3333331,
343 3347 400 3403 que
423 3329 459 3387 de
477 3346 508 3387 re
527 3329 610 3404 plure
627 3330 692 3387 ride
710 3331 845 3403 nuperius.
882 3335 1021 3404 31333-
1049 3334 1077 3388 iu
1095 3334 1199 3389 clerum
1222 3330 1288 3404 eligi
1313 3330 1475 3402 neutiquam
1498 3334 1598 3401 potest
1617 3346 1641 3386 3.
1666 3327 1804 3400 quomodo
1828 3334 1885 3386 etc.

189 3419 340 3475 dimentum
351 3417 471 3492 pictatio
481 3418 561 3486 311331
566 3421 720 3474 etotuendo.
751 3418 929 3476 Innocentius
943 3420 962 3477 1.
981 3423 1022 3484 d.:
1049 3426 1090 3477 31.
1105 3439 1132 3493 q.
1154 3426 1177 3476 1.
1197 3437 1231 3475 uc
1248 3417 1347 3475 ttde
1362 3418 1466 3490 bigam
1486 3433 1542 3473 nou
1562 3416 1649 3472 ordin.
1669 3415 1719 3470 ted
1737 3420 1885 3489 scortator}

187 3504 298 3562 Pouiuc
311 3509 353 3561 od
370 3504 531 3561 Corinthiun
548 3504 661 3576 ecribit,
677 3505 813 3561 abdinete
830 3522 879 3562 oor
898 3510 940 3562 od
957 3514 1022 3563 tem·
1049 3507 1097 3580 qni
1116 3511 1227 3562 mortue
1243 3521 1330 3562 uxore
1347 3522 1381 3561 ex
1399 3504 1503 3561 ancille
1519 3504 1612 3575 plures
1630 3501 1752 3583 suscepit
1770 3502 1885 3570 liberos,

182 3610 254 3664 pur,
271 3601 303 3648 ut
321 3592 478 3664 inpeditius
501 3593 604 3670 3333113
623 3591 757 3650 orationi.
796 3594 837 3648 Et
853 3593 906 3647 boc
925 3595 1021 3665 utique
1048 3595 1181 3650 diaconus
1212 3591 1272 3648 fieri
1305 3596 1406 3664 petest
1437 3608 1462 3647 3.
1497 3588 1700 3648 Frttemitetis.
1736 3588 1800 3646 dist.
1838 3595 1883 3647 34.

187 3679 274 3734 luicio
288 3679 444 3750 proecepit,
461 3680 548 3734 multo
565 3679 656 3748 mepte
671 3679 760 3750 ipitur
776 3682 948 3751 sacerdotes,
960 3683 1021 3752 qui·
1047 3684 1072 3736 3.
1096 3679 1166 3736 Vota
1184 3679 1337 3735 3331133133
1354 3696 1373 3733 3
1387 3678 1517 3749 pereooie
1535 3679 1577 3731 ad
1589 3694 1651 3730 eum
1663 3676 1754 3731 minus
1770 3676 1885 3731 idoneis

187 3766 237 3820 133
254 3773 282 3820 31
300 3766 405 3821 orandi
414 3773 441 3820 31
451 3765 638 3831 eonificandi
647 3766 720 3836 jupe
738 3766 864 3837 officium
883 3776 932 3838 est,
951 3786 1019 3823 rem·
1047 3769 1182 3838 eripeodo
1200 3785 1235 3821 33
1252 3765 1440 3836 decipiendo,
1459 3780 1515 3837 qun
1531 3763 1638 3820 ratione
1656 3761 1797 3818 efficacem
1816 3779 1885 3821 cau·

183 3869 239 3924 per
252 3853 387 3908 debebunt
401 3852 438 3906 ab
454 3851 770 3922 bujuemodicorssortio
788 3854 975 3909 3331133333.
991 3854 1021 3911 si
1047 3872 1106 3910 sem
1134 3853 1269 3926 praebent
1297 3849 1459 3907 voluntariis
1486 3849 1699 3922 pollutionibus,
1730 3848 1883 3907 libidinum

187 3939 292 3996 Luicus
302 3944 354 3996 etc.
365 3937 428 3995 dist
438 3944 480 3996 31.
514 3938 688 4009 decemper
701 3942 840 3995 orandum
858 3948 899 3995 331
914 3957 1022 4012 eeruper
1047 3941 1181 3998 incendiis
1198 3945 1227 3996 et
1244 3938 1328 3994 variis
1346 3936 1524 4007 criminibus,
1541 3943 1573 3992 nt
1590 3934 1619 3990 iu
1637 3943 1743 4009 quaest.
1763 3936 1799 3994 de
1818 3955 1883 3996 coe·

188 4027 368 4083 matrimonio
381 4027 542 4083 carendum.
568 4042 593 4082 3.
613 4024 759 4082 Couuubie
784 4033 836 4083 etc.
859 4045 883 4083 c.
896 4032 938 4088 32.
950 4046 977 4102 q.
991 4033 1021 4086 2:
1046 4029 1135 4085 libem
1155 4026 1308 4085 docebitur.
1340 4034 1364 4083 7.
1382 4024 1551 4099 Ierpaooria
1566 4024 1685 4094 publicu
1704 4024 1734 4078 in
1752 4026 1886 4098 coujupii

192 4111 1022 4185 Temporesiimquoconjupaiceuctueperuntur,prueeeotio
1049 4118 1171 4171 dedecus
1201 4114 1359 4170 tolerando.
1400 4111 1506 4166 Romae
1530 4109 1560 4164 in
1583 4110 1643 4181 ipso
1664 4110 1803 4183 pontificis
1817 4127 1884 4168 con·

190 4200 317 4271 spiriru
334 4199 428 4255 sancti
442 4218 497 4255 333
518 4199 640 4270 dabitur,
658 4200 768 4254 etiamei
773 4201 916 4272 propbeta
926 4202 1021 4258 uideo-
1048 4207 1145 4276 spectu
1170 4200 1301 4275 publicoe
1324 4198 1387 4255 illue
1410 4197 1613 4270 turpitudinum
1638 4197 1766 4254 officinae
1784 4205 1886 4270 aperte

190 4295 236 4342 tur
254 4303 327 4356 eree,
344 4287 395 4357 qui
412 4288 509 4354 officio
527 4286 716 4357 perorationis
733 4287 899 4359 obsequitur.
918 4288 1022 4346 Beller-
1048 4295 1174 4362 prostent
1192 4295 1221 4344 et
1237 4286 1319 4343 certis
1336 4285 1521 4358 vectigalibus
1539 4285 1568 4341 in
1579 4284 1683 4357 putruti
1699 4283 1774 4339 iliius
1792 4286 1885 4358 putris

85 4379 129 4423 xv.
142 4378 176 4423 33.
188 4373 279 4428 minus
296 4372 346 4433 lib.
370 4371 405 4429 de
422 4372 530 4429 clericis
547 4386 572 4431 c.
591 4376 633 4430 18.
652 4369 681 4448 3.
697 4379 727 4431 4:
750 4379 840 4429 Actus
864 4376 1023 4447 conjupulie
1048 4376 1184 4433 aerarium
1206 4372 1356 4430 inferendis
1379 4371 1528 4429 elocuntur.
1567 4369 1637 4428 (lum
1655 4371 1803 4427 concilium
1819 4370 1884 4427 'lbi-

188 4460 325 4516 bominem
343 4459 441 4514 reddit
464 4467 549 4516 totum
575 4461 718 4515 carnalem
737 4468 764 4514 et
781 4461 905 4533 irreptum
922 4466 965 4518 ad
981 4464 1023 4518 di·
1048 4461 1193 4520 dentinum
1220 4476 1293 4517 anuo
1327 4464 1400 4516 1351.
1431 4458 1617 4516 celebraretur
1646 4457 1765 4524 Romae,
1795 4457 1883 4515 initus

187 4547 262 4602 3133.
282 4562 343 4617 cup.
366 4550 405 4603 te.
422 4552 474 4602 ret
494 4553 523 4602 5:
550 4546 765 4602 Matrimonium
783 4548 953 4606 uehementer
971 4551 1023 4606 im·
1047 4549 1102 4606 tuit
1120 4536 1272 4606 scortorum
1291 4562 1435 4616 uumerus,
1464 4562 1535 4618 quoe
1553 4545 1675 4618 vectigal
1693 4545 1884 4601 meretricium

185 4634 268 4704 pedit
278 4631 377 4704 officio
392 4631 592 4701 eccueiaetioa,
608 4633 727 4704 impedit
738 4636 862 4690 studium
876 4637 1023 4708 oratiomie,
1048 4638 1173 4694 Romano
1188 4633 1314 4709 pontiflci
1338 4632 1411 4707 putri
1429 4638 1540 4704 petreio
1558 4632 1715 4702 solverunt,
1738 4630 1788 4705 qui
1804 4632 1884 4690 ultre

189 4718 349 4785 efficacium
361 4718 605 4789 praedicationir,
631 4736 729 4776 curam
741 4736 910 4793 pauperum.
944 4724 1036 4781 Idem·
1049 4731 1082 4781 11
1101 4722 1187 4780 millio
1210 4720 1367 4797 assurrexit
1408 4718 1885 4800 Β3111ιιιιιίιιιιι111331333ιὶ3.Ι

188 4805 219 4858 in
238 4803 355 4876 praefat
374 4809 441 4860 tom.
457 4809 480 4860 3.
500 4810 623 4862 3331333.
646 4804 744 4863 relicto
770 4809 909 4866 coelibatu
928 4812 1024 4883 conju·
1048 4810 1156 4884 gratim
1175 4813 1204 4864 et
1221 4813 1297 4863 stetu
1315 4806 1424 4879 peccati
1441 4823 1502 4877 cup.
1522 4811 1561 4862 18.
1583 4801 1609 4880 3.
1626 4805 1710 4862 Dicet
1728 4812 1792 4863 etc:
1814 4807 1883 4862 Non

188 4891 266 4964 gium
283 4890 354 4946 inire
372 4890 441 4947 dicit
455 4906 525 4948 ‘esse
550 4891 663 4946 rutum
682 4894 718 4948 de
741 4895 818 4950 coelo
843 4898 960 4963 eodm,
983 4901 1035 4953 od·
1043 4904 1143 4969 peccat
1168 4894 1365 4967 mopietrotue,
1390 4893 1418 4947 ei
1443 4892 1635 4948 meretricetur
1660 4902 1764 4949 certum
1787 4895 1885 4949 iocum

154 4970 156 4974 ’
188 4987 316 5034 ter-renue
334 4977 456 5034 deliciae
480 4986 562 5050 atque
582 4980 626 5033 od
639 4979 754 5050 repotia
780 4981 956 5052 1313333133
976 4938 1482 5085 313-,3311313331333133331131133
1503 4983 1630 5052 33333313
1648 4981 1811 5046 cortoeciut,
1829 4976 1886 5037 itto

187 5066 256 5136 lubi,
274 5066 305 5121 io
324 5081 409 5120 carne
426 5073 453 5120 et
463 5064 600 5137 eorpuine
615 5066 739 5122 33131333
759 5072 811 5124 313.
844 5066 974 5126 Costerue
994 5069 1023 5124 in
1049 5071 1111 5126 loco
1131 5071 1211 5141 iprae
1228 5086 1284 5123 333
1303 5068 1369 5123 bene
1379 5082 1490 5122 usurae.
1518 5067 1615 5123 Potest
1632 5068 1704 5123 enim
1718 5069 1885 5138 permittere

187 5151 290 5212 enchir.
321 5164 383 5225 cap.
418 5157 461 5210 lb:
504 5155 562 5208 Per
592 5154 818 5224 conjunctionem
846 5122 1140 5228 eomupotemimmm
1155 5154 1886 5230 3313333133313331333331133133.3131333313

186 5237 285 5294 animo
301 5237 422 5294 bominis
447 5241 489 5294 od
509 5240 650 5307 iuferiora
675 5242 861 5314 deprimitur,
884 5250 914 5297 ut
930 5244 1023 5299 331333
1047 5249 1099 5301 etc.
1123 5245 1198 5302 decr.
1216 5241 1252 5300 de
1274 5242 1408 5315 sponset:
1432 5240 1601 5312 domuimus,
1625 5250 1656 5297 31
1672 5242 1812 5312 ommibue,
1833 5244 1887 5314 qui

187 5323 305 5381 idoneae
323 5328 361 5381 est
378 5324 510 5382 3331331311
527 5327 714 5382 meditarier
734 5335 868 5384 13331333.
903 5333 932 5388 3.
954 5331 1035 5386 033--
1043 5332 1174 5405 publicae
1185 5330 1361 5387 mulieresdt
1374 5327 1513 5401 lupanari
1520 5329 1689 5405 retraxerint
1702 5337 1730 5384 et
1747 5331 1885 5387 duoedm

187 5406 316 5466 inbutum·
330 5418 392 5468 cu'm
414 5408 583 5468 contumelio
606 5413 735 5485 coujupii
754 5414 912 5474 laudando.
959 5416 1020 5474 Stu-
1046 5416 1076 5473 13
1088 5434 1197 5489 umora,
1214 5419 1291 5489 quod
1308 5421 1404 5487 upuut,
1419 5414 1450 5468 io
1463 5415 1652 5470 remieeionem
1669 5417 1803 5487 proficiat
1813 5429 1886 5488 pec·

186 5503 269 5555 ruunt
285 5499 368 5573 euim,
386 5498 552 5557 coelibatum
570 5514 631 5556 esse
656 5499 874 5559 mtbfuctionem
891 5510 1020 5576 peccato·
1046 5510 1180 5571 catomum,
1199 5520 1233 5561 er
1253 5516 1307 5576 quo
1324 5501 1387 5557 loco
1404 5501 1539 5574 colligunt
1556 5502 1724 5574 3333313133,
1742 5504 1818 5575 quod
1839 5503 1885 5561 lu-

186 5597 246 5642 tum
265 5585 412 5645 murimem
430 5594 459 5645 et
475 5586 603 5645 meritum
620 5588 698 5662 regui
716 5589 863 5664 coelorum,
881 5603 942 5647 esee
960 5598 1017 5649 sm·
1045 5591 1162 5665 penurie
1186 5590 1340 5647 tolerando
1397 5584 1471 5646 Vide
1503 5588 1554 5645 loc.
1586 5589 1622 5643 de
1663 5588 1726 5662 iege
1760 5585 1789 5661 3.
1824 5596 1884 5650 163.
