4020 6022
274 210 336 268 208
835 199 957 258 Locus
977 198 1183 258 vlcusutus
1201 199 1369 267 QUINTUS

273 356 384 412 nonsit
409 353 558 427 prohibitio
584 355 750 425 aconjugio
777 355 940 421 excludens,
967 356 994 410 in
1022 372 1105 427 qnam
1135 355 1228 410 adhuc
1246 362 1289 411 est
1307 357 1424 428 integra,
1444 371 1501 410 nou
1516 371 1577 411 ιιιι
1596 356 1823 426 concedendum,
1841 358 1894 413 sed
1912 376 1978 415 cnm
2001 407 2007 416 .

272 443 438 497 sententiam
457 458 474 495 a
492 441 652 495 consistorio
677 441 796 512 quodam
821 441 1028 512 pronuntiatum
1047 457 1108 497 esse
1134 457 1254 496 canones
1285 443 1320 497 d'e
1335 439 1531 512 'prohibitione
1560 443 1677 498 secundi
1703 449 1732 498 et
1761 445 1839 500 tertii
1866 446 1978 517 generis

272 528 359 583 refert
387 527 527 598 Cypraetrs
553 545 579 597 p.
609 533 666 583 692,
710 528 815 582 Eodem
843 528 925 582 modo
950 544 968 582 a
990 528 1108 598 collegio
1134 527 1278 583 affinitatis
1304 529 1359 583 sint
1374 528 1491 597 aboliti,
1519 545 1640 599 cumque
1663 529 1692 584 in
1710 530 1843 586 adductis
1862 532 1977 587 ratiom·

274 616 394 686 quodam
421 614 627 683 pronuntiatum
653 629 713 668 esse
742 619 782 669 14.
801 615 868 670 Jnn.
890 631 963 669 anno
983 620 1055 670 1599.
1074 631 1107 668 er
1134 612 1187 668 bus
1207 631 1262 669 non
1280 614 1391 668 omnino
1410 613 1479 667 nihil
1497 613 1649 670 desiderari
1666 615 1767 685 possit,
1786 616 1977 689 siscrupulo·

273 699 445 770 autographo
463 698 616 753 sententiae
636 698 702 753 vidi.
740 699 860 765 Quidam
881 716 936 754 non
957 699 1027 770 legis
1048 699 1108 770 qui·
1134 697 1191 752 sius
1221 701 1427 769 examinentur,
1454 699 1518 754 ideo
1541 716 1578 753 an
1607 700 1815 756 matrimonium
1835 703 1976 773 ejusmodi

233 777 240 785 ⁵
273 789 336 841 dem
355 787 472 856 alicujus
497 783 670 854 prohibentis
688 785 867 849 auctoritate,
886 783 994 839 interim
1015 789 1108 839 tamen
1133 789 1304 840 contractum
1327 793 1356 840 ct
1374 791 1594 841 consummatum
1609 786 1817 874 dissolvendum
1837 787 1895 857 sit,
1919 806 1975 844 non

272 871 385 942 publica
412 872 557 924 honestate
586 871 657 925 tales
690 870 803 941 nuptias
833 870 973 941 prohiberi
1002 871 1107 924 volunt
1134 868 1271 925 immerito
1290 870 1485 926 dubitaverim.
1636 926 1639 933 ,

276 957 406 1012 Βιιιιιιιιι
427 956 462 1010 ιιι
479 972 610 1025 ιροιιι.ι.
586 962 670 1011 ι.53
691 974 718 1026 p.
739 962 796 1012 240.
816 973 872 1010 non
888 955 941 1010 nisi
956 957 1106 1026 magistro·
1168 960 1228 1010 354.
1263 954 1339 1011 Huic
1357 956 1513 1056 quaestioni
1532 962 1653 1028 cognata
1673 962 1732 1025 est,
1751 964 1777 1015 4.
1795 959 1844 1012 An
1858 961 2003 1013 ereneus.

272 1053 317 1098 tus
349 1043 560 1111 dispensatione
593 1042 729 1111 ejusmodi
765 1041 879 1112 nuptias
913 1041 1106 1097 concedendas
1132 1041 1249 1095 uiduam
1268 1042 1400 1106 defuncti
1422 1042 1470 1095 eui
1496 1043 1627 1111 priuigni
1658 1046 1761 1098 ducere
1788 1046 1897 1114 possit,
1928 1036 2006 1110 vel„

272 1128 419 1183 existimat.
448 1127 635 1197 Cypraeusp.
646 1133 705 1183 694.
721 1144 768 1182 ιιι
787 1128 985 1197 improbandas
1004 1132 1106 1195 censet,
1132 1126 1181 1197 qui
1206 1126 1281 1181 idem
1298 1126 1403 1198 gradus
1423 1132 1480 1194 est,
1503 1147 1542 1182 on
1566 1143 1687 1183 nouerca
1710 1131 1797 1184 viduo
1817 1125 2007 1214 defensuri

270 1215 295 1269 si
314 1231 358 1268 res
375 1213 467 1267 adbuc
493 1214 529 1267 ιιι
555 1212 679 1283 integra,
703 1214 746 1267 sin
773 1230 875 1284 sponsa
892 1213 1043 1269 concubitu
1060 1212 1106 1268 de
1131 1229 1200 1266 sune
1225 1215 1377 1283 pririqnae
1408 1215 1511 1267 nubere
1533 1214 1649 1282 poerit!
1692 1215 1825 1271 Beustius
1846 1232 1909 1286 cap.
1930 1222 1971 1272 53
1983 1227 2004 1264 1

271 1306 382 1371 turpata
401 1300 611 1353 comessatione
622 1300 794 1368 domefacta
812 1301 1004 1370 delinquentes
1021 1300 1105 1353 eccle
1129 1315 1183 1367 per
1209 1295 1445 1368 ddpeneationem
1468 1300 1652 1369 magestratue
1672 1300 1741 1355 tales
1760 1301 1876 1371 nuptias
1906 1317 1971 1356 con·
1983 1278 2006 1377 f,

270 1387 402 1440 siasticae
439 1386 648 1452 satisfactionis
685 1393 712 1438 et
746 1385 938 1455 poenitentiae
971 1387 1106 1456 publicae
1131 1383 1192 1438 cedi
1211 1401 1293 1453 posse
1309 1385 1458 1449 existimat,
1478 1401 1541 1439 cum
1559 1384 1597 1439 sit
1616 1384 1738 1441 affinitas
1757 1385 1875 1442 secundi
1889 1403 1971 1457 geue

48 1530 63 1555 ‚
155 1491 199 1534 xv.
212 1490 258 1533 ιιι.
271 1473 451 1526 ιιαιιιαιιιιοι
472 1471 597 1538 judicet.
640 1470 795 1541 betraeus
819 1471 848 1524 in
868 1471 935 1526 Lev.
960 1488 1026 1542 pag.
1045 1476 1104 1527 412.
1132 1469 1182 1537 ris,
1207 1469 1257 1523 sed
1277 1470 1435 1524 Mentaerns
1455 1471 1490 1525 de
1507 1473 1619 1542 conjug.
1637 1490 1664 1541 p.
1680 1477 1724 1528 82.
1743 1472 1848 1529 ιιιιιιιι
1866 1472 1971 1536 statuit,

271 1558 365 1614 Simon
384 1556 465 1611 Pauli
484 1556 514 1610 in
532 1556 586 1611 loc.
614 1557 650 1610 de
672 1558 783 1628 conjug.
808 1556 949 1611 Zehnerus
974 1556 1010 1611 de
1026 1557 1104 1629 grad
1132 1555 1244 1610 easdem
1265 1571 1325 1610 esse
1342 1556 1558 1627 improbandas,
1577 1558 1651 1628 quod
1670 1558 1806 1628 probatur
1828 1565 1851 1614 t.
1871 1577 1892 1611 a
1904 1576 1971 1628 per·

270 1663 298 1714 p.
323 1649 377 1698 120.
396 1642 487 1713 Major
503 1642 612 1712 collega
630 1648 725 1696 noster
742 1641 919 1697 honorandus
937 1642 967 1697 iu
980 1642 1052 1712 disp.
1070 1642 1105 1696 de
1131 1659 1268 1696 sonorum
1286 1644 1509 1696 contrabentium
1526 1644 1695 1697 conditione.
1736 1644 1814 1699 Intcs
1843 1660 1891 1698 eas
1912 1662 1971 1714 per·

271 1735 349 1799 nupt.
373 1745 434 1798 cap.
462 1733 502 1782 ιιι
528 1745 554 1798 q.
573 1734 597 1782 2.
621 1728 732 1798 penitus
757 1743 803 1782 eas
829 1727 1002 1799 improbant,
1030 1727 1105 1782 unde
1131 1745 1228 1793 sonas,
1253 1744 1325 1798 quae
1352 1733 1417 1781 suut
1444 1721 1500 1782 irbi
1525 1728 1644 1783 invicem
1677 1728 1738 1784 loco
1761 1736 1911 1799 parentum
1938 1747 1970 1784 ac

269 1815 384 1886 regulae
411 1813 466 1882 illi,
498 1814 573 1884 quod
603 1814 631 1866 in
655 1813 777 1868 secundo
799 1820 827 1868 et
852 1813 933 1868 tertio
958 1813 1104 1868 affinitatis
1130 1813 1257 1883 liliorum,
1274 1815 1389 1884 nuptiae
1408 1818 1473 1867 sunt
1487 1813 1650 1883 prohibitae
1682 1813 1721 1869 At
1739 1815 1857 1870 vitricus
1869 1816 1971 1871 viduae

270 1917 371 1973 genere
390 1917 446 1954 non
466 1901 548 1955 detur
561 1898 710 1970 prohibitio
723 1899 876 1969 impediens
889 1899 1103 1966 matrimonium,
1130 1900 1252 1972 privigni
1269 1906 1313 1954 est
1330 1899 1417 1953 instar
1434 1899 1536 1969 patris,
1562 1899 1629 1970 quia
1652 1899 1737 1954 vidua
1759 1900 1811 1955 illa
1829 1918 1896 1957 cum
1917 1902 1970 1974 pri·

269 1988 377 2042 addunt
393 1986 465 2041 hanc
491 1986 698 2050 limitationem,
720 1986 779 2039 nisi
800 1986 906 2040 seilicet
916 2002 1056 2057 perronae
1074 1985 1105 2038 in
1130 1987 1214 2057 vigne
1239 2002 1271 2039 ex
1301 2001 1385 2039 uxore
1404 1983 1494 2038 vitrici
1517 1990 1583 2038 nato
1608 1989 1637 2038 et
1655 1984 1696 2041 sic
1715 1985 1767 2040 filii
1786 1986 1850 2042 loco
1868 1987 1970 2044 cousti-

269 2075 347 2128 lineu
368 2080 446 2127 recto
464 2073 695 2126 odscermentium
716 2089 751 2124 ae
771 2073 995 2125 descendentium
1013 2071 1104 2125 ionem
1130 2078 1191 2127 tuto
1220 2071 1297 2125 tacta
1325 2076 1367 2124 est
1393 2085 1449 2123 una
1475 2085 1552 2139 caro,
1586 2070 1795 2142 itamnoverca
1817 2071 1970 2128 defunctae

270 2160 436 2229 emnpteant.
496 2158 676 2230 Argumentis
714 2156 783 2213 baec
820 2157 959 2212 sententia
991 2156 1103 2227 probari
1130 2156 1275 2227 privignae
1289 2155 1373 2209 viduo
1391 2161 1434 2209 est
1445 2155 1533 2209 instar
1543 2156 1649 2220 ιιιιιιιιι,
1670 2157 1736 2227 quia
1755 2174 1819 2212 cum
1837 2159 1970 2229 privigna

270 2251 362 2316 potest
385 2244 521 2314 ejusmodi
550 2250 570 2299 ι.
597 2261 630 2297 ιι
655 2244 716 2311 leqe
748 2251 875 2297 ιαιιιιαι.
918 2242 971 2298 Jus
988 2248 1103 2298 naturae
1130 2259 1163 2296 ex
1182 2243 1273 2313 priore
1290 2241 1388 2295 marito
1407 2240 1504 2310 genita
1526 2247 1554 2295 et
1579 2240 1619 2293 sic
1645 2240 1720 2296 filiae
1738 2243 1798 2299 loco
1816 2245 1970 2299 constituta

270 2331 366 2398 docet,
386 2346 441 2383 non
460 2346 520 2384 esse
538 2329 706 2384 matrimonii
724 2329 837 2384 ineundi
857 2334 1035 2400 potestatem,
1055 2327 1102 2382 nbi
1129 2328 1220 2382 factus
1239 2332 1282 2382 est
1299 2343 1355 2381 una
1372 2341 1445 2381 caro.
1478 2329 1504 2381 2.
1524 2328 1552 2379 A
1573 2327 1725 2380 liberorum
1743 2345 1777 2382 ex
1795 2330 1854 2382 teli
1869 2333 1969 2384 mutri-

269 2423 312 2471 est
330 2417 454 2487 proxima
471 2415 561 2470 carnis
575 2415 776 2487 propinquitas.
805 2415 928 2469 Atinter
945 2414 1103 2485 privignum
1129 2415 1222 2466 monio
1240 2420 1431 2481 nceeeptornm
1446 2414 1619 2482 cognatione.
1649 2413 1771 2482 Quanam
1784 2431 1968 2486 personarum

269 2509 298 2558 et
313 2518 468 2564 novercam,
487 2502 559 2556 inter
575 2502 732 2572 privignam
750 2509 778 2555 ιι
788 2501 916 2556 vitricum
937 2507 980 2554 est
997 2501 1102 2556 ratione
1128 2500 1209 2554 liberi
1240 2516 1296 2553 non
1325 2502 1444 2569 possunt
1473 2498 1619 2569 conjungi,
1648 2499 1713 2554 illae
1746 2501 1825 2571 ipsae
1854 2519 1969 2574 quoqne

269 2589 412 2644 affinitatis
430 2587 555 2658 proxima
580 2587 785 2658 propinquitas,
809 2586 972 2642 continuata
993 2586 1066 2640 enim
1085 2604 1103 2640 a
1129 2585 1261 2657 conjungi
1280 2591 1429 2656 nequeunt.
1461 2585 1501 2638 At
1518 2584 1598 2639 liberi
1618 2585 1716 2650 vitrici,
1735 2604 1806 2658 quos
1817 2589 1919 2658 genuit
1932 2607 1964 2645 ex
1983 2602 2010 2640 ιι

268 2691 389 2729 noverca
415 2674 459 2727 vel
487 2672 585 2726 vitrico
615 2689 665 2742 per
694 2673 865 2744 subsequens
897 2672 1102 2726 matrimonium
1128 2672 1249 2743 privigni
1270 2676 1369 2739 matre,
1395 2680 1451 2725 non
1470 2677 1588 2742 possunt
1610 2673 1744 2744 conjungi
1769 2673 1867 2728 liberis
1888 2675 1968 2730 istius

269 2760 384 2830 copula,
408 2758 674 2824 continuatasimul
697 2757 751 2812 fuit
775 2765 899 2812 matema
916 2773 1050 2821 novercae
1070 2774 1103 2812 ac
1128 2757 1245 2823 viduae,
1269 2774 1338 2828 quos
1358 2773 1391 2811 ex
1412 2756 1539 2828 privigno
1564 2757 1694 2829 suscepit.
1728 2759 1800 2814 Item
1817 2759 1902 2815 liberi
1922 2779 1969 2816 no

268 2853 386 2918 paterna
400 2843 489 2898 vitrici
507 2842 706 2913 propinquitas.
744 2844 818 2914 Ergo
832 2849 856 2898 2.
870 2860 903 2896 cc
915 2845 977 2913 tege
995 2845 1102 2911 diuino,
1128 2859 1240 2913 vercae,
1266 2859 1337 2914 quos
1354 2843 1478 2914 suscepit
1496 2859 1529 2896 ex
1549 2844 1694 2914 privignae
1711 2850 1808 2916 patre,
1829 2862 1888 2902 non
1906 2865 1968 2919 pos·

269 2933 296 2986 in
324 2947 380 3001 qua
406 2929 587 3000 prohibitum,
614 2945 649 2983 ne
674 2928 819 2999 privignus
844 2928 930 2983 ducat
947 2945 1101 2998 novercam,
1128 2935 1194 2984 sunt
1223 2928 1355 2999 conjungi
1387 2945 1449 2984 cnm
1482 2928 1576 2984 liberis
1607 2930 1680 2985 illius
1706 2931 1801 3000 vidui,
1831 2949 1904 3003 quoe
1934 2951 1968 2989 ex

269 3033 320 3072 nec
337 3015 465 3087 privigna
483 3014 571 3069 nubat
590 3013 703 3082 vitrico,
721 3013 790 3070 Lev.
813 3019 853 3083 18,
871 3032 898 3070 v.
917 3019 941 3070 8.
959 3015 1044 3070 Anna
1062 3022 1104 3070 est
1128 3015 1258 3087 privigna
1283 3015 1388 3085 genuit,
1432 3015 1507 3086 Ergo
1530 3015 1644 3069 vitricus
1669 3023 1698 3071 et
1723 3017 1810 3073 vidua
1835 3019 1969 3091 privigni,

268 3101 511 3165 noverchaerii‚
531 3100 723 3170 siquidemest
737 3117 946 3156 nnacarocnm
958 3101 1036 3172 cajo,
1054 3102 1101 3173 qui
1129 3117 1248 3155 noverca
1276 3106 1305 3155 et
1335 3100 1436 3154 viduus
1464 3100 1610 3172 privignae
1642 3102 1777 3173 conjungi
1814 3113 1968 3177 nequeunt

267 3206 330 3244 cum
351 3203 483 3260 germana
510 3185 612 3241 Maeuii
637 3191 725 3241 matre
748 3185 913 3260 Sempronia
936 3187 1030 3242 itidem
1049 3187 1103 3241 fuit
1129 3193 1156 3241 3.
1175 3189 1203 3240 Α
1219 3185 1355 3256 paritatis
1373 3186 1491 3239 rodone.
1527 3185 1677 3258 Privignus
1688 3204 1744 3241 non
1756 3195 1851 3258 potest
1865 3191 1968 3247 ducem

268 3292 325 3329 una
344 3288 417 3327 caro.
461 3271 545 3341 Ergo.
569 3276 593 3326 3.
613 3272 641 3325 A
657 3274 735 3342 puri.
775 3274 802 3328 A
821 3275 903 3344 cujus
928 3273 979 3327 viri
998 3274 1102 3343 nuptiis
1129 3273 1218 3328 vitrici
1250 3272 1293 3327 ιιιι
1319 3270 1430 3325 viduam
1459 3287 1492 3325 ac
1519 3272 1648 3343 privigna
1670 3290 1725 3327 uon
1747 3279 1840 3345 potest
1862 3277 1968 3332 nubere

269 3358 465 3413 abstinendum
497 3362 540 3410 est
573 3373 650 3411 meae
686 3358 787 3427 sorori,
824 3357 860 3412 ab
896 3358 1020 3427 ejusdem
1051 3359 1103 3413 viri
1129 3373 1265 3414 novercae
1284 3374 1351 3412 suae
1371 3356 1484 3423 marito,
1503 3363 1535 3410 ιιι
1553 3357 1581 3411 in
1601 3358 1785 3428 praecedente
1803 3363 1969 3432 quaestione

198 3468 201 3474 .
269 3461 354 3499 uxore
372 3443 456 3498 etiam
472 3442 539 3497 mihi
558 3442 763 3513 abstinendum,
780 3445 852 3498 ratio
867 3450 918 3509 ιιι,
939 3444 1104 3515 quiasrater
1131 3446 1243 3500 dictum.
1291 3443 1366 3515 Ergo
1396 3443 1479 3498 etiam
1509 3442 1626 3498 vitricus
1652 3461 1709 3499 nou
1738 3451 1830 3515 potest
1866 3448 1967 3504 ducere

270 3538 299 3587 et
316 3547 392 3584 soror
409 3534 475 3584 sunt
494 3528 522 3581 in
537 3529 645 3598 aequali
664 3528 766 3598 gradu,
792 3546 826 3583 ec
845 3529 887 3583 vir
905 3535 934 3584 et
953 3547 1021 3585 uxor
1039 3535 1104 3584 sunt
1115 3563 1117 3569 ·
1129 3531 1241 3585 viduam
1260 3529 1397 3599 privigni,
1416 3545 1449 3583 ac
1467 3545 1587 3583 noverca
1603 3547 1658 3584 nou
1678 3537 1771 3600 potest
1788 3532 1897 3590 nubere
1912 3536 1967 3606 pri·

270 3632 325 3671 una
343 3632 415 3670 caro.
457 3614 545 3684 Atqui
564 3614 587 3666 ιι
607 3613 732 3667 Maevius
752 3613 869 3669 haberet
887 3632 1009 3670 sororem
1028 3614 1103 3671 Mae·
1132 3617 1234 3686 riguae
1251 3631 1318 3669 suae
1337 3615 1443 3669 marito.
1472 3613 1556 3668 Ratio
1569 3621 1620 3684 est,
1638 3615 1706 3687 quia
1717 3616 1746 3669 in
1758 3616 1833 3672 linea
1851 3621 1967 3677 adsem-

268 3703 351 3772 viam,
368 3701 417 3755 illa
436 3717 491 3754 nou
508 3706 601 3769 posset
614 3700 718 3755 nubere
728 3700 797 3770 Cajo
816 3701 922 3759 vitrico.
956 3701 1032 3773 Ergo
1050 3720 1102 3758 uec
1130 3703 1213 3758 dente
1231 3709 1259 3757 et
1281 3701 1464 3756 descendente
1483 3707 1526 3755 est
1543 3697 1668 3773 aequalis
1687 3703 1847 3772 probibitio,
1867 3724 1921 3764 nec
1937 3709 1965 3763 ιιι

268 3789 393 3844 Maevius
420 3793 512 3858 potest
538 3787 639 3842 ducere
663 3787 784 3855 Annam,
803 3789 865 3858 Oaji
885 3789 1005 3858 viduam,
1023 3806 1102 3843 suam
1128 3787 1362 3860 prohibitionibus
1388 3787 1535 3841 discrimen
1554 3804 1635 3842 sexus
1661 3787 1822 3845 attenditur.
1865 3797 1890 3850 4.
1921 3797 1966 3849 Ee

269 3892 424 3932 novercam.
454 3877 478 3927 4.
491 3874 536 3926 Ab
549 3873 682 3930 absurdo.
719 3874 799 3929 Unus
815 3875 945 3945 idemque
962 3875 1102 3929 masculus
1129 3876 1199 3944 lepis
1223 3874 1315 3928 ciuilis
1339 3873 1533 3942 dispositione.
1557 3873 1576 3925 l.
1600 3871 1663 3929 Non
1686 3872 1769 3930 facile
1796 3882 1820 3931 4.
1841 3874 1873 3949 ξ.
1907 3878 1964 3934 Hos

268 3979 324 4017 non
344 3965 435 4031 potest
455 3959 556 4014 ducere
575 3967 690 4014 matrem
709 3966 737 4014 et
764 3960 850 4030 ipsius
869 3960 955 4015 liliam
975 3961 1040 4015 Lev.
1063 3967 1101 4024 18,
1128 3961 1223 4031 itaqua
1251 3965 1275 4016 t.
1298 3957 1328 4012 ff.
1351 3959 1387 4013 de
1417 3959 1460 4013 rit.
1486 3965 1580 4028 nupt:
1613 3959 1668 4022 Qui
1693 3961 1852 4028 affinitatis
1880 3982 1965 4019 seruo

267 4063 293 4104 v.
316 4053 355 4102 17.
375 4047 433 4101 sive
453 4045 489 4100 sit
505 4044 563 4099 filia
583 4045 704 4112 uterina,
722 4045 781 4098 sive
801 4045 931 4116 privigna
946 4046 1021 4101 filiae
1039 4046 1101 4101 loco
1125 4052 1277 4116 parentum
1303 4045 1510 4112 liberomemque
1540 4044 1603 4099 loco
1620 4044 1769 4114 ιαιιιιιιι,
1799 4063 1850 4102 eos
1868 4051 1965 4105 metri·

267 4132 429 4195 constituta,
465 4129 535 4184 alias
574 4130 655 4184 unius
687 4131 867 4202 ejusdemque
897 4131 949 4185 viri
976 4132 1101 4186 relictam
1127 4132 1221 4186 monio
1239 4130 1382 4200 repedari
1395 4130 1480 4197 neJ‘ae
1498 4136 1546 4183 eet.
1573 4130 1591 4185 l.
1610 4146 1723 4185 uxorem
1750 4137 1790 4187 15.
1815 4132 1849 4190 ff.
1869 4137 1906 4193 de
1923 4137 1964 4191 rit.

174 4270 187 4285 ,
267 4219 380 4272 viduam
407 4223 435 4270 et
459 4232 618 4286 germanam
644 4214 730 4270 filiam
753 4215 875 4272 ιιιιιιιιι.
918 4216 994 4288 Ergo
1018 4218 1101 4272 etiam
1127 4222 1221 4287 nupt:
1248 4217 1366 4270 Uxorem
1392 4217 1535 4284 quondum
1554 4216 1682 4285 priuiqni
1705 4218 1846 4288 conjungi
1866 4216 1965 4277 masrs‘-

268 4321 324 4359 una
341 4304 495 4374 eademque
524 4300 629 4356 femina
655 4318 710 4356 non
733 4307 824 4370 potest
847 4301 951 4358 nubere
974 4304 1048 4373 patri
1073 4310 1102 4358 et
1128 4304 1222 4356 monio
1250 4302 1347 4355 uitrici
1377 4319 1433 4354 non
1463 4308 1590 4370 opertu,
1621 4317 1672 4355 nee
1697 4302 1728 4356 in
1753 4306 1965 4362 matrimonium

267 4392 329 4460 ejus
347 4389 413 4456 filio,
431 4388 490 4442 sive
510 4388 547 4441 eit
558 4403 707 4458 germanus
720 4385 802 4456 filius,
821 4387 879 4442 sive
891 4388 1036 4458 privignus
1049 4389 1100 4443 filii
1126 4389 1274 4444 conuenire
1304 4403 1452 4440 novercam
1481 4387 1556 4455 ejus,
1586 4389 1635 4458 qui
1662 4389 1817 4458 prioiqnm
1846 4395 1966 4448 musitae

265 4477 327 4531 loco
356 4475 534 4542 constitutus,
568 4471 637 4526 aliae
665 4473 746 4526 unius
775 4473 957 4544 ejusdemque
981 4473 1101 4531 feminae
1125 4476 1193 4540 suit.
1226 4481 1250 4528 5.
1269 4473 1311 4527 Ex
1328 4474 1504 4541 ιοιιιιιιιιιιιι
1523 4475 1690 4531 turbatione.
1726 4474 1755 4532 si
1774 4474 1852 4532 enim
1872 4497 1964 4550 super

266 4560 397 4615 maritum
414 4566 443 4614 et
460 4574 621 4630 germanum
641 4557 729 4611 filium
747 4558 869 4616 duceret.
908 4559 963 4612 Sed
982 4560 1006 4613 si
1024 4561 1100 4615 Mae·
1127 4565 1219 4616 essent
1236 4557 1316 4614 liberi
1328 4575 1362 4612 ex
1379 4559 1470 4629 priore
1488 4558 1663 4614 matrimonio
1681 4559 1783 4631 vireu,
1800 4562 1860 4619 illis
1880 4567 1965 4620 ιιιιιιιι

266 4647 327 4700 vius
353 4647 466 4701 duceret
483 4646 699 4723 Annambtunc
726 4644 808 4698 Anna
834 4643 952 4700 nuberet
975 4646 1101 4715 ejusdem
1127 4651 1199 4700 esset
1215 4645 1278 4699 loco
1296 4644 1397 4699 sororis
1413 4650 1525 4714 propter
1538 4643 1742 4701 matrimonium
1755 4663 1820 4702 cnm
1836 4651 1967 4723 privigno

266 4731 397 4800 feminae,
425 4730 605 4800 Semproniae
629 4730 749 4794 scilicet.
774 4731 873 4786 marito
899 4730 969 4801 Cajo
993 4737 1022 4786 et
1039 4750 1100 4803 ger·
1127 4732 1274 4795 defuncto,
1306 4747 1368 4785 cum
1399 4748 1454 4802 quo
1484 4731 1539 4786 tuit
1563 4749 1620 4787 uua
1643 4749 1708 4788 caro
1734 4738 1764 4788 ct
1781 4733 1846 4791 loco
1871 4740 1967 4794 ιιιιιιιιι

267 4833 348 4871 mano
367 4816 423 4871 lilio
442 4816 561 4880 Macrin
580 4815 624 4870 vel
642 4816 717 4886 quod
730 4816 803 4870 idem
818 4823 868 4885 est,
888 4816 1006 4873 nuberet
1024 4818 1099 4888 patri
1126 4823 1239 4888 propter
1262 4833 1363 4873 novum
1385 4816 1589 4873 matrimonium
1617 4835 1681 4872 cum
1702 4818 1815 4890 sitrico,
1837 4823 1863 4877 si
1886 4825 1968 4881 liberi

266 4900 334 4970 Cajo
358 4907 386 4955 et
412 4902 469 4956 lilio
495 4901 622 4972 privigno
645 4900 762 4955 Maevio.
811 4908 836 4956 5.
861 4904 906 4954 Ab
930 4904 1100 4956 ιιιιιιιιιιιιι
1126 4908 1303 4974 superessent
1320 4920 1353 4959 ex
1373 4903 1465 4972 priore
1484 4904 1657 4959 matrimonio
1676 4904 1793 4976 vidus,
1811 4907 1873 4965 illis
1890 4911 1967 4965 ritri-

265 4993 389 5041 υιιιιιιιιι
405 5005 550 5042 canonum
590 4985 625 5040 In
643 4986 796 5041 canonibus
819 4986 1017 5042 vetustioribus
1035 4967 1113 5051 antei
1126 5007 1175 5045 eus
1193 4994 1266 5043 esset
1284 4989 1345 5043 loco
1358 4990 1528 5060 aripropter
1540 4990 1745 5046 matrimonium
1757 5009 1825 5049 cum
1844 4995 1968 5069 privigni

265 5072 376 5127 concilii
403 5072 599 5129 Laterancnsis
629 5073 771 5128 decretum
803 5072 942 5145 editis,in
974 5076 1098 5127 seeundo
1125 5079 1214 5129 matre
1223 5081 1252 5129 et
1267 5075 1327 5130 loco
1346 5075 1507 5147 parentibus
1520 5082 1635 5149 propter
1643 5095 1744 5134 novum
1757 5081 1967 5139 matrimonium

265 5175 366 5227 genere
389 5158 533 5213 affinitatis
553 5158 704 5230 probibitio
729 5165 843 5214 extensa
868 5158 922 5213 fuit
947 5176 1037 5230 usque
1064 5160 1098 5213 ad
1124 5177 1187 5214 cum
1204 5160 1324 5231 privigni
1343 5163 1437 5218 vidua.

265 5247 387 5315 pradum
407 5253 554 5313 quartum,
573 5246 601 5298 in
620 5247 703 5300 tertio
721 5246 873 5310 affinitatis
890 5261 991 5314 penem
1010 5262 1099 5316 nsque
1159 5252 1216 5301 355.
1252 5246 1400 5311 Quaeritur
1417 5255 1442 5303 5
1478 5249 1526 5301 An
1546 5251 1667 5303 duorum
1683 5251 1812 5314 frum
1828 5253 1876 5310 sd
1897 5260 1990 5335 ‹bea-
1977 5245 1994 5284 ἃ

265 5331 307 5383 ad
331 5334 454 5398 gradum
482 5333 647 5398 aecsrndum,
679 5335 710 5384 ut
740 5330 867 5399 superius
897 5330 1097 5390 admonuimus
1124 5350 1187 5386 rum
1203 5352 1334 5389 sororum
1355 5335 1398 5387 uel
1415 5335 1522 5398 fratris
1547 5342 1574 5388 et
1591 5337 1700 5390 sororis
1723 5337 1812 5391 liberi
1828 5297 1997 5439 ιιιιιὶιιιιςιῗΙ

264 5415 360 5487 Atque
372 5416 424 5472 hae
438 5416 558 5471 rationes
572 5417 699 5486 probant,
716 5416 996 5482 talematrimonium,
1014 5417 1094 5474 sires
1121 5421 1255 5488 possint!
1297 5420 1340 5473 De
1358 5418 1435 5474 bisce
1454 5418 1541 5473 tribus
1559 5422 1734 5494 cognationis
1750 5427 1905 5496 speciebus
1923 5400 1992 5487 esti

1975 5514 1998 5555 ,,
