4020 6022
273 118 332 179 162
847 108 971 170 Locus
987 108 1191 169 uouemus
1210 110 1380 179 QUINTUS

268 266 429 323 munuum
455 265 621 321 sumnum
652 282 679 321 v.
703 272 727 321 t.
752 280 804 335 per
828 265 985 319 nuditatem
1007 263 1176 339 patrisjtur
1199 265 1374 323 Muensterus
1392 266 1422 322 in
1441 272 1534 323 snnot.
1555 265 1630 339 quod
1656 266 1766 336 podas
1788 263 1820 319 in
1839 260 1965 318 Iaeritico

270 352 426 425 intelligere
446 352 514 408 velit
538 356 653 407 matrem
677 367 696 406 s
720 356 804 422 putre
825 350 863 407 sd
882 346 1285 459 cognoscendumiprohibitos
1314 368 1376 409 esse
1406 357 1539 409 suerunt.
1590 352 1636 407 De
1668 348 1768 405 iisdem
1797 348 1840 405 sie
1869 346 1965 404 ruebit

271 439 439 494 denudatam
459 455 492 493 se
517 456 541 494 v.
563 443 602 493 ts.
630 436 786 491 nuditatem
802 437 902 506 putrui
924 454 1037 492 uxorem
1055 436 1234 509 pse-rFegius
1247 438 1277 493 in
1293 455 1318 495 c.
1338 445 1379 495 18.
1397 437 1502 496 luerit:
1530 438 1632 494 Plaeet
1652 439 1698 492 bio
1721 437 1810 492 obiter
1826 434 1964 500 indicare,

271 525 327 579 trui
345 524 381 580 ad
400 524 621 595 cognoscendum
639 521 675 577 ab
689 538 723 578 eo
740 521 907 578 denudatum
922 538 956 577 uc
969 521 1104 578 denudari
1130 526 1269 594 monsedo
1292 526 1419 578 Hebraei
1440 525 1509 579 istos
1529 526 1689 597 pretium
1720 524 1831 594 predas
1851 536 1964 575 consen

272 628 443 678 concessam,
462 626 631 680 consequens
648 607 735 677 foret,
756 625 793 664 nc
812 608 925 680 quidem
943 608 1019 665 filine
1039 624 1102 663 cum
1130 612 1277 679 puinitatis
1301 610 1461 681 intellipant
1485 619 1567 682 atque
1585 610 1724 681 explicent
1744 616 1795 665 ete.
1821 607 1896 663 sieut
1914 625 1967 661 non

168 764 171 769 y
272 706 351 768 petre
367 695 413 751 vel
429 701 529 766 patruo
555 695 668 766 nuptias
694 694 831 766 expreesis
847 694 941 749 verbis
961 712 1022 751 esse
1041 690 1197 771 pro-ilieet
1220 697 1281 751 oiro
1306 699 1407 751 ducem
1424 704 1605 751 materteram
1628 715 1726 765 suum,
1753 696 1796 749 ita
1825 693 1965 747 nonlicet

272 783 374 837 hibitus
391 799 424 836 sc
441 782 556 853 proinde
572 786 653 851 juxte
669 783 763 837 detsm
775 781 942 853 hypothesin
953 797 1103 837 concessos.
1115 784 1119 835 ἶ
1130 784 1245 838 mulieri
1260 784 1363 837 nubere
1382 784 1520 838 uusmeulo
1538 801 1605 850 suo,
1622 783 1672 853 psi
1689 789 1730 835 est
1739 783 1841 849 frater
1860 780 1967 846 mamm,

274 874 299 925 t.
325 870 352 923 A
378 876 499 922 ueterum
525 869 708 937 auctoritate,
738 867 788 923 ubi
812 867 901 939 primo
926 869 1104 939 producimus
1133 872 1200 941 peria
1216 871 1269 923 bue
1284 887 1425 938 personas
1439 858 1651 924 iubenturloeo
1664 875 1826 939 pareatum.
1856 867 1967 919 Euslem

271 964 385 1025 putres,
410 954 531 1011 secundo
554 956 675 1010 rubinos.
723 953 887 1009 Ambrosius
911 955 991 1024 epist.
1011 960 1051 1010 66.
1070 955 1243 1019 adnuimus
1270 956 1356 1009 etiam
1377 955 1564 1025 probibentur
1590 972 1693 1024 mapna
1712 954 1800 1008 amita
1820 960 1846 1005 et
1863 968 1967 1019 maana

274 1041 425 1096 Paternum
442 1048 507 1096 tom.
527 1043 551 1095 3.
570 1055 615 1110 op.
637 1040 690 1097 col.
713 1046 776 1096 tte:
798 1040 843 1093 Tu
867 1041 1000 1110 eopulure
1014 1036 1293 1131 parasimutertera.
1339 1040 1377 1095 Et
1395 1045 1508 1111 postest:
1537 1040 1653 1095 Ser-ibae
1675 1038 1841 1093 mulieribus
1859 1038 1890 1089 in
1907 1036 1968 1105 lepe

274 1126 364 1192 filium
388 1134 466 1181 tuum
494 1134 520 1179 et
546 1133 654 1195 neptem
673 1142 706 1180 ee
723 1126 800 1194 iilia,
821 1125 855 1178 id
880 1134 968 1179 estut
985 1125 1108 1195 accipiat
1131 1128 1281 1199 prohibitis
1303 1128 1395 1182 adbuc
1416 1126 1515 1197 plures
1536 1127 1644 1196 speeies
1661 1126 1851 1191 addidemmt,
1873 1123 1998 1191 nempe¹

277 1213 386 1267 sororis
401 1212 585 1280 suue,filium
603 1213 716 1266 diuersa
730 1212 794 1266 lieet
805 1218 894 1265 rmus
911 1227 995 1279 orsam
1012 1226 1109 1264 socrus
1134 1216 1244 1287 ripr'ori,
1261 1222 1288 1268 er
1304 1222 1368 1267 snos
1386 1214 1473 1268 utne.-
1494 1218 1517 1268 1.
1530 1214 1628 1266 Mater
1644 1212 1746 1265 matrs's
1764 1225 1844 1274 suae,
1865 1212 1893 1265 2.
1912 1226 1968 1261 ma·

276 1300 368 1352 editus
395 1299 432 1351 sit
463 1304 514 1353 etc.
563 1298 734 1353 Praeuree
761 1297 792 1351 in
819 1297 876 1350 tuis
899 1295 1003 1364 literis,
1033 1297 1110 1366 quod
1136 1310 1178 1357 ter·
1192 1300 1288 1371 patris
1304 1301 1492 1369 matrissuae,
1510 1303 1640 1358 emmer
1659 1299 1752 1368 putris
1770 1296 1823 1365 sui,
1841 1300 1868 1351 d.
1881 1301 1968 1348 mater

272 1384 442 1453 permissum
467 1386 518 1439 boe
546 1383 641 1437 diuino
664 1384 730 1451 y'ure
757 1382 922 1437 connubium
949 1382 1125 1491 huiusmodi&
1131 1388 1228 1456 patrio
1240 1387 1338 1456 patris
1354 1387 1409 1455 rui,
1427 1389 1453 1442 5.
1471 1403 1542 1441 uuor
1554 1386 1652 1456 patris
1673 1384 1769 1455 patris
1789 1382 1845 1449 sui,
1863 1384 1969 1435 ducor

272 1469 442 1539 pipnoribus
462 1470 648 1534 criminetur,
668 1485 700 1524 eo
713 1471 790 1539 prod
808 1486 863 1523 non
880 1470 918 1523 rit
930 1469 1110 1539 mobibuum.
1122 1500 1125 1525 ι
1132 1473 1229 1543 patris
1247 1473 1347 1525 matris
1366 1489 1442 1537 suae,
1462 1474 1485 1528 7.
1496 1489 1568 1526 emor
1585 1472 1692 1536 fratris
1709 1471 1803 1539 petris
1822 1486 1857 1523 ee
1872 1475 1970 1535 matre,

279 1558 343 1627 Epo
363 1565 455 1611 uatem
473 1564 499 1610 et
510 1556 684 1625 prohibitum
701 1572 811 1625 assem,
831 1556 899 1625 quic
918 1572 980 1608 eum
1003 1554 1110 1609 leniora
1122 1530 1126 1591 i
1137 1564 1160 1614 8.
1178 1576 1248 1611 sinor
1266 1557 1372 1622 fratris
1389 1558 1491 1611 matris
1512 1558 1570 1611 siue
1587 1574 1620 1611 ee
1636 1565 1721 1628 putre
1746 1556 1804 1610 sire
1822 1571 1858 1609 ee
1873 1560 1969 1618 matre,

278 1645 430 1697 interdictu
464 1644 522 1697 sint
553 1645 589 1697 de
618 1643 795 1713 partuelibus
829 1640 986 1710 fratribus,
1023 1640 1110 1694 mmto
1137 1649 1163 1700 9.
1180 1662 1268 1698 nurus
1285 1644 1348 1714 filii
1371 1645 1417 1697 sui
1436 1651 1464 1697 et
1482 1662 1569 1697 nurus
1586 1643 1648 1713 filii
1663 1642 1970 1712 filiisui,10.nurus

279 1730 369 1797 mapis
386 1730 445 1794 troo,
463 1730 541 1799 prod
557 1729 690 1783 arctioris
702 1735 743 1782 est
755 1729 874 1797 plenum
891 1726 1111 1794 amaritudinis,
1137 1732 1215 1798 filiae
1232 1747 1307 1800 roae,
1326 1735 1366 1786 11.
1380 1731 1444 1795 filio
1456 1730 1540 1801 filiae
1548 1730 1612 1798 filii
1630 1729 1684 1793 rui,
1702 1730 1746 1781 12.
1756 1728 1827 1797 fitia
1843 1727 1901 1791 filii
1911 1726 1971 1795 filii

281 1816 460 1870 interdictum
477 1815 609 1870 arbitror.
654 1814 709 1877 Qui
727 1814 800 1868 euim
827 1813 935 1867 leuiora
952 1812 1112 1881 adstrinpit,
1138 1820 1195 1887 roi,
1218 1820 1261 1873 13.
1276 1817 1341 1886 filia
1363 1817 1443 1881 filiae
1463 1817 1541 1883 filiae
1559 1833 1644 1885 suae,
1669 1818 1710 1868 14.
1735 1815 1799 1883 filie
1814 1814 1878 1883 filii
1894 1814 1971 1881 filiae

281 1902 416 1973 puriora
434 1920 490 1955 nors
504 1902 600 1969 soluit,
622 1902 675 1954 sed
693 1899 804 1969 allipat.
845 1898 954 1961 Quodsi
968 1900 1032 1952 icles
1047 1915 1112 1969 per·
1138 1922 1215 1971 meae,
1233 1906 1277 1961 15.
1294 1904 1358 1970 filia
1374 1904 1454 1969 filiae
1470 1903 1527 1971 ptis·
1544 1902 1641 1956 uxoris
1659 1899 1878 1969 suae,16.liliu
1894 1899 1972 1963 filiae

281 1988 394 2041 missum
409 1996 509 2059 putes,
529 1988 597 2056 quia
615 1985 776 2055 rpeoiatiter
794 2002 850 2037 non
867 1992 907 2037 est
925 1984 1001 2039 illud
1015 1984 1111 2054 probi·
1137 1992 1217 2059 filiae
1236 1990 1333 2045 ororii
1355 2007 1438 2059 mor,
1470 1994 1513 2047 17,
1529 1997 1619 2043 ‚omer
1644 1988 1745 2042 matris
1759 1986 1859 2056 patris
1876 1985 1971 2040 uxoris

282 2075 376 2143 bium
394 2091 444 2127 -ueo
462 2074 538 2128 iliad
551 2074 724 2143 prohibitum
742 2086 868 2125 serrnone
891 2070 962 2139 lepis
980 2072 1113 2139 reperies,
1137 2094 1219 2147 suae,
1250 2079 1291 2135 18.
1321 2084 1410 2131 mater
1439 2077 1534 2146 patris
1563 2077 1660 2146 patris
1691 2074 1789 2128 uxoris
1819 2089 1903 2141 suus,
1930 2074 1973 2126 19.

281 2176 316 2213 ne
339 2167 423 2229 pater
446 2161 536 2225 filium
557 2177 637 2213 ereum
662 2157 787 2226 accipiat
811 2172 932 2210 imorem.
968 2156 1115 2225 Numquid
1140 2170 1228 2217 motor
1252 2164 1354 2219 mot-rio
1377 2164 1477 2218 morrr'r
1500 2164 1596 2217 neoris
1619 2177 1702 2231 miae,
1731 2162 1778 2218 20,
1805 2168 1898 2215 muter
1919 2177 1973 2228 pa-

281 2247 346 2299 ideo
365 2246 438 2315 ls'oet,
459 2247 593 2314 quianon
606 2252 647 2298 est
660 2242 853 2313 prohibitum!
870 2242 990 2300 minime.
1021 2243 1112 2296 Inter·
1139 2251 1193 2304 trio
1210 2251 1309 2303 proprio
1325 2250 1421 2304 ororii
1441 2267 1518 2304 runo.
1559 2246 1702 2303 Hwtonus
1721 2247 1771 2303 illi.
1809 2253 1834 2303 5.
1849 2245 1975 2301 Accedat

281 2334 388 2389 dictum
408 2332 480 2387 enim
498 2339 539 2403 est
551 2332 621 2401 jure
639 2339 774 2399 naturae,
795 2329 972 2383 interdictum
987 2338 1027 2383 est
1045 2329 1113 2398 ispe,
1140 2336 1352 2403 pontificiorum
1369 2352 1526 2390 corrourio,
1561 2333 1694 2389 Tortotur
1711 2332 1825 2402 emerit,
1844 2331 1875 2387 in
1895 2331 1975 2387 Lori·

281 2436 352 2489 quae
377 2427 418 2473 est
443 2420 472 2473 in
497 2418 630 2473 cordibus
654 2417 842 2486 singulorum,
868 2414 1047 2469 interdictum
1074 2422 1114 2468 erl
1139 2422 1196 2477 tioo
1214 2421 1354 2493 prohiberi
1365 2438 1383 2475 a
1394 2422 1454 2493 pori
1468 2420 1672 2477 matrimonium
1683 2419 1787 2490 patrui
1801 2436 1865 2473 eum
1884 2427 1976 2489 nepte,

280 2508 441 2561 inviolabili
461 2505 685 2577 praescriptione
704 2504 837 2576 pietatis,
864 2502 944 2557 tbulo
968 2502 1114 2555 necessitu-
1141 2508 1212 2563 riout
1237 2507 1400 2580 prohibetur
1422 2506 1625 2562 matrimonium
1651 2505 1754 2561 amitae
1777 2521 1842 2559 oum
1866 2512 1977 2577 nepotc,

282 2594 366 2647 dinis.
411 2594 525 2655 Quanta
548 2592 711 2661 hujusmodi
736 2590 857 2645 invenies
882 2606 938 2641 non
964 2587 1115 2640 interdieta
1141 2611 1204 2651 oum
1232 2595 1269 2647 rii
1298 2595 1373 2649 idom
1399 2594 1545 2663 utrobique
1574 2589 1827 2660 oomaopniniiatis
1855 2593 1976 2659 prorius.

281 2680 343 2749 ispe
368 2696 422 2749 per
448 2679 569 2747 Moysen
587 2679 673 2747 mita,
699 2684 725 2730 et
754 2684 844 2730 mmor
872 2675 1025 2728 interdieta
1051 2680 1115 2726 wei
1141 2680 1238 2735 Potest
1268 2684 1297 2734 et
1324 2679 1377 2735 hoc
1404 2685 1501 2733 contre
1523 2676 1685 2733 Pontificius
1712 2676 1821 2747 urgeri,
1853 2684 1876 2733 t.
1902 2676 1978 2749 quod

283 2768 409 2835 prussiam
426 2781 491 2819 voce
509 2765 647 2819 staturae!
686 2763 723 2818 Et
737 2768 852 2834 postet:
875 2762 909 2817 Si
924 2760 1008 2815 eliam
1026 2761 1060 2814 ab
1079 2759 1115 2814 e't‘s
1142 2766 1257 2838 vulgata
1273 2765 1378 2835 versio,
1405 2782 1477 2835 quae
1498 2763 1565 2835 ipsis
1580 2762 1674 2834 vigore
1694 2762 1798 2817 decreti
1817 2760 1977 2819 Tridentini

283 2871 335 2907 nos
350 2851 628 2921 reuocatapostolue‚
647 2867 719 2919 puae
732 2848 960 2917 nonaeds'fieant,
978 2847 1116 2916 quomodo
1144 2860 1186 2909 ort
1203 2851 1375 2917 authentice,
1405 2850 1494 2908 licvit.
1521 2855 1567 2919 2⁰,
1595 2867 1620 2903 r.
1643 2854 1684 2904 20.
1708 2854 1808 2920 patruo
1830 2849 1977 2921 conjungit

277 2939 447 3008 faciendum
464 2946 605 3007 putarem,
623 2939 701 3006 quod
718 2945 744 2991 et
755 2935 893 2990 nonlicet
912 2926 983 3002 lepis
1002 2933 1117 2987 oraculo
1143 2938 1318 3007 auunculum,
1337 2938 1417 3009 cujus
1438 2938 1467 2991 in
1484 2942 1562 2992 textu
1574 2934 1704 2991 Hebraeo
1721 2951 1778 2989 non
1793 2933 1827 2989 fit
1847 2950 1975 3007 expresse

287 3033 313 3079 et
329 3042 386 3078 non
403 3025 521 3093 edificat
546 3024 724 3093 discrepante
747 3023 864 3092 pietatis
890 3021 1011 3075 ordinet
1045 3019 1118 3089 (Bel-
1145 3023 1255 3079 mentio.
1296 3024 1336 3077 At
1359 3022 1382 3076 si
1401 3038 1533 3093 personas
1558 3026 1665 3077 tentum
1684 3038 1739 3075 non
1758 3028 1851 3077 eutem
1871 3021 1974 3094 gndus

288 3110 419 3166 luminu
436 3109 499 3164 libr.
519 3109 555 3163 de
572 3109 691 3165 mettim.
710 3123 771 3179 esp·
783 3114 825 3164 tt.
846 3106 921 3174 dicit.
940 3105 1119 3161 Ambrosium
1145 3109 1292 3182 prohibitio
1310 3112 1463 3179 spectaret,
1487 3123 1543 3162 non
1561 3107 1698 3178 potuisset
1720 3108 1851 3163 avunculi
1876 3123 1974 3163 nomen

287 3198 422 3251 memoria
445 3214 503 3250 esse
521 3197 632 3267 tmuium
655 3196 685 3248 in
703 3211 749 3264 eo,
774 3196 851 3263 prod
872 3200 968 3263 nepot,
992 3207 1119 3264 euperem
1145 3195 1273 3266 interjici.
1308 3201 1333 3250 2.
1351 3194 1433 3260 Quod
1450 3193 1633 3249 Bellerminus
1650 3195 1748 3248 statuit
1765 3210 1829 3265 csp.
1847 3198 1889 3250 28.
1907 3190 1935 3268 §-
1952 3200 1973 3250 2.

286 3283 431 3354 prohiberi
440 3284 469 3336 in
480 3282 541 3351 lepe
560 3282 721 3351 eonjupium
733 3282 831 3350 patris
844 3299 905 3336 cum
921 3280 991 3345 filia.
1017 3278 1073 3336 Sed
1091 3278 1120 3332 in
1146 3284 1218 3337 inter
1237 3283 1438 3336 adscendentes
1462 3289 1489 3333 et
1512 3282 1708 3333 descendentes
1729 3279 1826 3334 omnia
1843 3280 1974 3350 eoniupio

292 3370 334 3438 iis,
353 3383 425 3439 quse
444 3368 473 3423 iu
495 3372 518 3422 3.
538 3367 660 3422 membro
678 3366 761 3437 hujus
779 3364 808 3439 §-
826 3367 902 3423 dicte
919 3372 984 3421 suut
1001 3364 1119 3419 Ambro·
1139 3371 1209 3440 jure
1225 3376 1344 3421 naturae
1364 3384 1422 3421 esse
1435 3368 1596 3436 prohibita,
1615 3382 1678 3420 cum
1697 3370 1791 3421 umen
1808 3365 1975 3421 enumeratio

290 3455 331 3510 sio
349 3460 478 3526 puratum
496 3453 752 3524 estpstrooiuium.)
781 3453 954 3524 Augnutiuus
973 3452 1119 3523 inquuest.
1146 3455 1346 3529 prohibitorum
1372 3453 1509 3525 graduum
1534 3452 1608 3507 ultre
1635 3452 1787 3508 secundum
1806 3453 1836 3507 in
1854 3452 1976 3509 Levitico

290 3558 350 3613 sup.
369 3540 459 3597 Levit.
481 3558 509 3613 q.
526 3545 569 3597 59.
587 3544 652 3595 tom.
671 3546 695 3596 4.
715 3540 764 3595 coi
785 3545 850 3595 221:
872 3540 990 3595 Videtur
1005 3539 1121 3607 Moyses
1147 3560 1177 3599 oo
1195 3560 1251 3598 non
1269 3540 1409 3597 extendat.
1442 3545 1466 3597 3.
1485 3539 1566 3603 Quod
1585 3539 1658 3595 idem
1677 3555 1700 3595 c.
1716 3544 1759 3595 ts.
1780 3534 1809 3615 ἢ.
1830 3545 1855 3598 3.
1876 3539 1977 3607 scribit,

289 3637 395 3683 tantum
408 3626 587 3699 prohibuisse
598 3644 722 3680 sororem
740 3628 874 3681 moltero
886 3636 1006 3696 parente
1019 3643 1119 3694 eopna·
1148 3632 1240 3700 ipsam
1265 3636 1396 3683 naturam
1421 3630 1536 3696 dooere,
1563 3628 1640 3698 quod
1651 3627 1821 3696 parentibus
1840 3634 1868 3680 et
1887 3644 1977 3681 conse·

290 3723 349 3770 tam
366 3724 391 3769 et
412 3714 638 3785 praemisisse
662 3729 786 3767 sororem
808 3728 841 3766 ee
863 3721 979 3783 utroque
993 3720 1120 3783 parente.
1147 3723 1262 3786 menter
1289 3715 1358 3770 aliis
1380 3713 1594 3783 consanpuineis
1625 3720 1651 3768 et
1681 3713 1819 3783 affinibus
1845 3714 1977 3768 debeatur

294 3804 395 3858 Verum
412 3800 476 3870 puis
492 3817 548 3855 non
567 3800 676 3865 uideat,
701 3799 786 3853 etium
802 3800 854 3853 lsoe
870 3798 1042 3869 prohibitum
1062 3815 1120 3853 esse
1143 3802 1301 3876 peculiares
1329 3802 1502 3871 reuerentia,
1532 3800 1579 3854 eui
1600 3807 1739 3870 repupuat
1767 3800 1890 3854 mueime
1917 3818 1977 3855 eon·

289 3890 375 3943 multo
393 3886 533 3941 manime!
569 3885 604 3940 Si
621 3886 693 3939 enim
716 3903 772 3939 non
793 3885 859 3939 licet
876 3887 983 3939 sororis
1001 3887 1120 3957 turpiu-
1141 3888 1255 3959 jupalis
1272 3895 1360 3945 notus.
1403 3885 1491 3958 Atqui
1509 3885 1578 3941 hece
1602 3884 1757 3941 reverentie
1775 3902 1833 3940 non
1849 3884 1979 3941 tumim-

290 3975 385 4030 dinem
411 3972 539 4027 revelare
562 3987 596 4025 ee
613 3972 736 4040 quolibet
751 3980 871 4042 parente
890 3980 994 4037 natae,
1018 3978 1121 4041 planto
1147 3981 1193 4031 tur
1212 3974 1240 4030 in
1258 3974 1382 4046 personis
1398 3972 1486 4027 Levit
1508 3978 1546 4029 te.
1560 3971 1705 4043 expressis,
1724 3970 1774 4027 sed
1793 3970 1832 4026 ed
1848 3971 1978 4045 ecqurlee

289 4063 379 4130 mapis
398 4076 432 4115 en
449 4065 574 4129 utroque.
600 4075 627 4129 q.
648 4064 688 4113 te.
707 4064 773 4113 tom.
791 4064 815 4115 4.
839 4057 891 4115 col.
911 4064 976 4114 225:
1002 4056 1120 4119 Quioun-
1148 4060 1250 4134 gradus
1268 4078 1298 4115 se
1315 4059 1445 4116 extendit.

291 4166 344 4219 pue
379 4147 528 4200 dormierit
562 4162 624 4200 eum
659 4154 779 4214 cepnata
814 4164 883 4215 ssia,
918 4144 1121 4213 trispitudinem
1182 4153 1242 4205 rte.
1278 4144 1452 4217 Opponenda
1469 4144 1538 4201 hoec
1565 4150 1632 4201 sunt
1660 4153 1681 4201 1.
1698 4144 1823 4200 Judaeis
1846 4146 2000 4202 recentio'·

291 4233 465 4303 copnatiouir
489 4248 558 4285 sisae
575 4234 786 4305 revelavit-ete.
833 4232 996 4298 Quaeritur,
1022 4248 1122 4300 prous-
1148 4236 1236 4304 ribus,
1254 4233 1301 4304 qui
1319 4231 1454 4287 referente
1472 4231 1631 4287 Chemnicio
1654 4249 1682 4301 p.
1704 4237 1729 4289 3.
1747 4230 1799 4289 loe.
1816 4231 1852 4287 de
1872 4232 1981 4303 conjug.

290 4337 341 4391 que
370 4320 407 4374 sit
433 4318 618 4388 intellipendu
644 4320 701 4372 ieta
726 4320 869 4389 coeundo,
898 4336 959 4372 oum
984 4334 1017 4371 ee
1038 4318 1122 4386 lonpo
1148 4339 1176 4392 p.
1201 4326 1261 4375 545.
1287 4316 1444 4387 disputsmt,
1464 4333 1642 4386 quaesitoque
1664 4333 1807 4387 personae
1835 4336 1895 4373 ηοη
1920 4323 1981 4371 suet

290 4411 385 4479 produ
415 4408 499 4461 liceat
530 4406 624 4475 utique
654 4408 784 4474 accipere
819 4422 933 4460 urrerem
962 4421 1123 4477 semperque
1150 4420 1311 4476 expressae,
1347 4419 1444 4456 eorum
1480 4402 1594 4473 nuptias
1629 4422 1685 4458 non
1720 4419 1778 4458 esse
1813 4404 1980 4473 prohibetur.

291 4495 412 4550 licuerit.
461 4494 521 4548 Sed
547 4492 760 4560 intellipendum
786 4500 826 4546 est
853 4508 886 4545 ee
909 4491 952 4545 bis
976 4493 1122 4561 prodibus,
1150 4496 1176 4546 2.
1198 4489 1357 4553 Pontifioiis
1376 4490 1543 4557 quibusdam
1560 4488 1677 4543 eandem
1695 4487 1865 4559 hypothesin
1882 4489 1980 4545 urenti·

292 4598 361 4651 oreos
375 4580 520 4649 probibuit
538 4597 593 4633 uon
611 4579 697 4632 licere
715 4579 903 4632 etsecundum
919 4578 996 4647 ipsos
1009 4578 1123 4637 dietum.
1149 4579 1209 4633 bus.
1247 4572 1397 4645 Cejeteuus
1423 4575 1453 4629 in
1475 4592 1536 4646 cop.
1558 4582 1597 4632 te.
1622 4576 1711 4630 Levit
1729 4573 1875 4632 Cornelius
1894 4594 1910 4632 e
1927 4574 1979 4631 Le·

292 4668 447 4737 quiersnoue
474 4664 621 4719 dormierit
644 4681 705 4718 oum
729 4660 849 4732 oopnuta
866 4681 933 4731 sua,
961 4664 1010 4718 ubi
1026 4672 1052 4719 et
1069 4664 1123 4719 ali·
1150 4664 1215 4736 pide
1231 4660 1300 4719 ibid.
1326 4667 1355 4716 et
1376 4661 1560 4717 Bellerminus
1588 4663 1623 4717 de
1648 4661 1766 4718 matrim.
1794 4679 1857 4733 csp.
1877 4668 1919 4720 24.
1942 4662 1980 4717 sic

292 4771 348 4823 qua
374 4771 430 4807 non
460 4758 676 4807 commemoratu
699 4750 884 4820 intellipenda
911 4748 1031 4821 dimisit,
1052 4752 1124 4806 uras
1151 4750 1274 4806 disserit:
1298 4749 1413 4817 Moyses
1435 4750 1466 4803 in
1488 4749 1611 4804 levitico
1635 4766 1659 4805 e.
1684 4752 1726 4806 18.
1752 4750 1888 4820 praefinit
1912 4751 1981 4804 duos

292 4858 416 4895 sororem
440 4843 475 4894 de
497 4848 614 4908 utrumne
635 4846 768 4907 parente,
794 4838 866 4891 sicut
889 4853 1002 4892 ueorem
1018 4839 1123 4902 fratres
1150 4839 1259 4906 prades
1291 4844 1413 4901 tantum,
1442 4836 1568 4905 primum
1600 4836 1730 4890 videlieet
1761 4843 1787 4889 et
1821 4838 1982 4891 seeundum.

292 4928 405 4992 matris,
435 4928 469 4980 id
494 4934 535 4981 ert
564 4925 704 4979 aoreneuli.
752 4926 828 4977 Nam
854 4926 890 4977 ‹le
916 4940 1002 4977 unere
1023 4926 1126 4992 putrui
1151 4922 1300 4977 Probibuit
1319 4922 1436 4976 enimin
1453 4921 1793 4991 reetulineueonp'upium
1804 4924 1906 4992 patris
1922 4939 1982 4977 esan

288 5014 412 5085 primum
428 5012 585 5081 probibuit,
605 5011 731 5080 peremnis
749 5010 817 5065 boec
836 5027 893 5063 non
911 5010 1055 5077 coenatio,
1073 5011 1126 5063 sed
1151 5010 1214 5077 filiu
1238 5017 1264 5063 et
1283 5025 1345 5063 oum
1366 5016 1449 5079 nepte
1477 5016 1502 5062 et
1526 5007 1656 5062 similiter
1680 5007 1781 5061 matris
1797 5026 1863 5064 eum
1879 5010 1941 5076 filio
1957 5014 1983 5063 el

293 5100 421 5170 sissinitas
434 5099 605 5168 perhibetur.
634 5097 763 5168 Lyrunus
781 5095 811 5150 in
824 5112 848 5153 e.
864 5094 999 5152 18.Lev.:
1015 5096 1125 5150 Eodem
1152 5113 1213 5149 oum
1244 5103 1358 5165 nepote,·
1392 5096 1423 5148 in
1455 5102 1617 5149 transuersa
1641 5093 1790 5164 probibuit
1822 5097 1984 5168 conjupium

293 5188 377 5239 modo
405 5204 460 5256 qno
477 5186 580 5251 fratris
603 5185 681 5249 tilius
701 5184 817 5237 amitam
835 5184 936 5237 ducem
953 5180 1125 5251 prohibetur,
1151 5181 1255 5247 fratris
1273 5200 1334 5237 oum
1351 5198 1447 5236 sorore
1463 5181 1520 5233 siue
1538 5197 1570 5234 ee
1585 5198 1656 5247 uno,
1674 5183 1731 5235 siue
1749 5198 1783 5235 ee
1799 5189 1921 5254 utroque
1933 5201 1985 5258 pa·

294 5273 378 5326 etium
384 5272 549 5343 prohibetur
560 5271 767 5324 matrimonium
779 5270 853 5324 inter
864 5269 1126 5335 fratremetfiliam
1152 5277 1242 5336 rente,
1268 5276 1294 5324 et
1324 5267 1433 5337 nepotis
1459 5282 1522 5320 eum
1547 5267 1636 5321 umdo
1662 5268 1706 5323 ocl
1734 5275 1908 5340 malma,
1933 5288 1985 5325 m

293 5359 433 5429 ejusdem,
454 5359 522 5430 puio
540 5360 615 5413 idem
637 5360 746 5426 proclus
773 5366 821 5414 est.
859 5356 903 5411 De
920 5354 1024 5411 rabinis
1041 5362 1125 5413 testu·
1155 5365 1247 5413 tunmn
1265 5355 1411 5426 probibuit
1434 5353 1593 5423 eonjupium
1618 5371 1633 5408 e
1659 5356 1804 5411 cornerio
1823 5358 1932 5428 patrui
1944 5356 1986 5413 rei
