4020 6022
226 312 287 371 ²64
817 302 939 363 DOCUS
956 301 1160 361 VIOESIMUS
1177 303 1346 369 QUINTUS

227 460 368 515 devotiore
388 434 529 514 erectione
546 460 635 514 debiti
658 461 832 531 conjupabis,
853 460 920 530 quia
942 460 984 515 eis
1000 454 1196 561 non'ridere,
1213 460 1266 513 scd
1288 460 1384 529 potius
1412 460 1541 515 debemus
1570 468 1675 532 tepere,
1705 462 1779 516 sicul
1795 461 1920 518 uidemus

227 549 379 601 semndum
393 547 540 616 imperium
553 547 705 617 praecipit,
724 549 776 602 sed
786 549 938 601 semmdum
950 544 1074 623 ueniamq
1087 546 1179 599 Deum
1198 546 1293 599 Adam
1312 553 1338 599 et
1356 546 1448 601 Ευαη
1458 548 1551 602 nudos
1560 554 1628 620 port
1641 554 1790 618 pusaeus
1802 548 1921 602 cutibus

228 634 354 687 concedit
370 635 521 706 apostolus,
538 643 568 687 ut
587 635 670 689 etiam
679 642 796 705 praeter
814 652 928 689 causam
942 638 1185 704 praere-itenere,
1204 635 1234 686 et
1252 632 1281 686 in
1298 648 1396 687 comm.
1419 648 1443 689 c.
1464 636 1505 687 te.
1529 630 1638 688 Gemi.
1659 636 1724 688 382:
1751 630 1920 705 Goniuqium

228 720 301 774 andi
318 721 373 774 sibi
388 722 564 787 misceantur,
581 722 634 775 etsi
644 739 690 776 eos
703 721 792 792 praed
808 738 898 775 mores
916 722 957 774 ad
975 720 1061 774 talem
1071 696 1074 781 i
1082 724 1149 787 past
1168 717 1280 787 lapsum
1296 725 1338 772 est
1356 719 1441 787 quasi
1456 718 1662 783 umbraculum,
1680 736 1735 789 quc
1754 718 1874 783 multae,
1890 726 1920 773 ut

110 808 155 852 XV·
170 805 399 861 memsubtum
416 806 577 879 impellunt,
603 809 719 878 nuptiae
744 815 836 862 tamen
863 807 899 860 ab
916 804 1059 861 adulterio
1086 805 1127 857 sic
1147 805 1253 869 dicam,
1272 805 1418 859 maritales
1433 803 1556 874 ineptiae
1575 812 1717 875 teprmtur,
1735 813 1767 859 ut
1783 806 1920 861 credenti-

228 907 279 947 seu
305 893 494 956 fornicatione
525 895 690 958 defendunt.
745 896 843 964 Neque
880 894 954 947 enim
985 892 1062 947 etna
1086 890 1204 943 bmnon
1219 891 1399 960 imputentur.
1429 893 1455 947 2.
1474 890 1617 945 Neuesint
1632 891 1788 956 fomitesct
1800 892 1920 963 flabella

223 987 343 1049 propter
370 981 485 1049 nuptias
514 982 689 1045 admittitur,
720 983 773 1035 sed
791 986 910 1052 prepter
946 978 1060 1048 nuptiae
1082 994 1240 1047 morarum
1269 978 1564 1048 concupiscentiarum.
1612 977 1753 1035 iubentur
1780 978 1839 1048 illi,
1873 979 1919 1050 qui

227 1066 388 1135 iquoncdur.
432 1068 542 1123 Debent
565 1084 632 1139 erqo
649 1069 705 1122 sibi
726 1067 875 1138 conjupati
896 1083 952 1120 nan
970 1065 1060 1121 selum
1086 1063 1271 1119 confessiones
1296 1070 1416 1119 secretus
1437 1064 1574 1135 sudiunt,
1599 1064 1669 1120 telee
1692 1064 1920 1137 interrogationes

227 1152 316 1221 ipsius
333 1169 415 1206 semes
437 1152 483 1206 sui
502 1155 699 1208 commiscendi
723 1156 806 1218 fidem
826 1154 977 1209 liberorum
992 1168 1061 1222 pra·
1086 1166 1239 1221 proponere
1258 1151 1429 1223 conjugatis,
1459 1167 1574 1223 quomm
1601 1152 1672 1208 bene
1696 1150 1805 1219 multis,
1833 1168 1870 1206 ue
1891 1152 1919 1207 in

226 1240 413 1293 creandorum
431 1257 532 1303 carisa,
564 1242 617 1293 sed
639 1240 724 1295 etiam
749 1238 924 1308 infirmitatis
946 1238 1061 1293 inuicem
1087 1243 1205 1292 mentem
1224 1237 1337 1309 quidem
1360 1255 1482 1309 unquam
1502 1236 1579 1293 venit
1605 1238 1639 1294 de
1659 1237 1855 1294 commixtione
1873 1237 1920 1293 ills

227 1324 410 1394 accipiendae
441 1328 482 1380 ad
509 1326 626 1381 illicitos
654 1326 813 1380 concubitus
841 1326 985 1380 eedandos
1003 1342 1061 1378 mu·
1087 1324 1331 1394 prsetemeturuli,
1359 1342 1377 1379 e
1401 1343 1456 1395 qus
1481 1325 1543 1395 ipsu
1566 1332 1667 1381 ustus
1694 1332 1722 1381 et
1740 1324 1789 1379 lux
1805 1323 1920 1379 reticuit

226 1419 304 1465 mann
322 1414 527 1481 quodanrmodc
554 1414 718 1468 seruitutem.
759 1411 797 1467 Et
822 1416 933 1483 pestes:
961 1410 1061 1480 Cenju·
1086 1408 1178 1464 adhuc
1199 1409 1306 1480 relique
1328 1409 1470 1481 obhorret,
1495 1411 1632 1484 cogitare,
1655 1411 1684 1466 id
1714 1411 1790 1482 quod
1814 1410 1921 1482 ubsque

226 1498 303 1567 palis
314 1500 474 1553 concubitus
485 1501 580 1569 qratia
597 1501 755 1568 qenercndi
770 1517 827 1554 non
841 1499 922 1553 babet
934 1499 1062 1568 culpam·
1087 1494 1219 1549 scnndnlo
1237 1495 1296 1551 fieri
1322 1496 1368 1550 vix
1391 1498 1503 1566 poterit.
1545 1496 1601 1554 Sed
1624 1504 1653 1553 et
1674 1496 1824 1553 merificat
1843 1504 1919 1553 extra

229 1587 467 1655 concupiscentiae
484 1602 549 1640 uere
567 1587 730 1654 satiandae,
754 1588 806 1639 sed
822 1593 914 1639 tamen
925 1602 986 1638 cum
998 1600 1063 1639 con·
1087 1581 1248 1654 eonjugium
1266 1582 1295 1635 in
1313 1587 1409 1637 coacto
1429 1582 1568 1638 coelibatu
1581 1583 1705 1639 viventes
1715 1582 1821 1638 talibus
1838 1582 1919 1639 iuter·

222 1672 308 1741 jupe,
330 1680 451 1743 propter
479 1675 563 1735 fidem
581 1673 638 1727 tori
664 1672 800 1725 venialem
825 1672 905 1725 babet
933 1671 1062 1741 culpam,·
1088 1668 1276 1739 rogationibus
1295 1674 1385 1723 cernis
1404 1685 1470 1724 nee
1481 1669 1604 1741 pruritus
1623 1669 1744 1725 excitent
1762 1686 1797 1724 ec
1815 1668 1921 1725 infim-

230 1756 401 1811 adulterium
419 1775 484 1813 uero
495 1758 607 1812 letalem
624 1758 705 1812 babet
717 1758 838 1830 culpam.
856 1773 917 1826 esp.
939 1763 968 1811 t:
989 1757 1063 1820 ριιία
1088 1760 1178 1818 ment,
1203 1770 1323 1825 cumque
1342 1758 1454 1810 exterrm
1473 1771 1556 1826 opere
1572 1773 1628 1811 uon
1644 1756 1766 1826 possint,
1792 1755 1920 1812 interiore

230 1844 398 1898 continentia
416 1845 518 1898 illaob
536 1846 765 1899 amniconcubitu
783 1844 927 1897 meritiest
944 1844 1062 1917 amplie-
1089 1840 1180 1894 cordis
1198 1839 1335 1896 desiderio
1358 1840 1535 1897 fornicentur.
1579 1840 1715 1913 Disputat
1734 1842 1919 1898 Belimiune

229 1930 280 1999 ris,
294 1932 413 1984 reddere
430 1948 496 1984 uero
513 1931 634 1985 debitum
651 1931 801 2000 conjupale
810 1930 917 1985 nullius
929 1929 1062 1997 criminin,
1090 1926 1136 1981 lib.
1158 1926 1192 1983 de
1211 1927 1302 1982 cleric.
1319 1943 1380 1998 esp.
1399 1933 1438 1984 lt.
1454 1934 1505 1984 ret.
1526 1934 1549 1983 5.
1567 1929 1728 1999 coniupium
1742 1932 1921 1985 sacedotum
1932 1938 1968 1980 rt.
1979 1934 2002 1977 tt

231 2016 339 2085 eripere
356 2024 448 2070 autem
474 2017 550 2071 ultro
573 2018 729 2087 pencrandi
756 2016 946 2070 incestitatem
964 2015 1064 2084 crdpae
1089 2015 1226 2084 impedire
1251 2015 1409 2079 efficaciam
1426 2016 1664 2087 praedicationis,
1684 2019 1825 2087 mornado
1851 2016 1922 2072 edm

230 2102 365 2172 venialis,
387 2103 534 2167 fornicari
549 2103 593 2156 cel
611 2103 753 2157 moecliari
775 2102 913 2172 puniendi
929 2100 1064 2169 oriminis,
1089 2100 1244 2165 efficaciter
1259 2101 1370 2173 (inquit)
1394 2102 1584 2157 eubortabitur
1608 2103 1709 2159 uiduae
1733 2111 1760 2157 ct
1786 2102 1920 2175 airpinet,

231 2204 328 2242 cauae
346 2189 424 2243 debet
444 2190 551 2242 caritas
571 2189 746 2259 conjnqabis,
771 2205 804 2241 ne
825 2190 891 2241 dum
909 2188 964 2241 sibi
983 2204 1064 2257 qnae·
1089 2186 1140 2254 qui
1167 2186 1264 2239 liberis
1288 2186 1426 2257 perpetuo
1457 2191 1509 2242 dat
1537 2192 1671 2259 operam!
1721 2189 1776 2245 cni
1811 2196 1922 2261 prester

207 2345 209 2350 Ι
231 2274 278 2341 rit,
296 2276 371 2329 unde
390 2274 513 2345 amplius
537 2275 701 2336 bonoretur,
725 2274 841 2344 conjupi
852 2274 965 2343 saciat,
991 2275 1065 2326 unde
1089 2270 1270 2341 terrestrum
1291 2290 1324 2328 ex
1349 2272 1542 2345 chrysostomo
1566 2276 1637 2331 hom.
1657 2281 1697 2333 10.
1715 2277 1746 2331 in
1766 2282 1791 2333 1.
1808 2276 1881 2333 Tim
1899 2283 1923 2333 3,

232 2362 386 2415 damnetur.
417 2377 478 2431 esp.
505 2366 535 2417 δι
576 2358 743 2415 Concubitus
772 2363 945 2416 necessarius
976 2378 1064 2414 casua
1091 2358 1221 2430 petitam,
1239 2360 1376 2431 quomodo
1397 2362 1543 2433 episeopus
1563 2363 1791 2434 patresfamiliae,
1815 2381 1923 2431 uxores,

229 2448 387 2517 peuerandi
408 2447 601 2519 inculpabilis,
626 2453 653 2501 et
677 2448 753 2501 solus
778 2448 839 2518 ipse
863 2446 998 2517 nuptialis
1016 2454 1064 2499 cst.
1090 2443 1205 2513 liberes,
1231 2462 1325 2501 servos
1352 2448 1395 2502 sui
1418 2448 1566 2505 admonere
1588 2451 1676 2520 possit
1694 2448 1794 2520 officii,
1821 2451 1872 2523 qui
1895 2450 1922 2506 in

228 2532 287 2587 ltte
304 2541 397 2587 autem
408 2534 546 2603 qniultru
562 2534 647 2587 istam
664 2535 854 2588 necessitatem
867 2532 1064 2605 propreditur,
1090 2530 1249 2586 oeconomis
1270 2531 1368 2586 herum
1397 2533 1471 2589 vitae
1501 2534 1628 2590 ordinum
1656 2536 1773 2592 virtutes
1801 2540 1830 2593 et
1856 2535 1923 2591 vitis

225 2620 291 2690 jam
306 2637 362 2674 non
380 2620 500 2686 rationi,
523 2622 574 2674 sed
598 2619 714 2673 libidini
732 2619 899 2688 obsequitur.
937 2620 976 2673 Et
992 2618 1065 2671 brine
1090 2633 1145 2671 non
1163 2617 1247 2687 vidit,
1261 2634 1352 2689 neque
1368 2618 1397 2673 in
1415 2620 1545 2691 conjugio
1563 2638 1685 2694 uuquam
1702 2621 1794 2676 vixit?
1815 2624 1923 2694 reponi·

230 2714 321 2760 tantm
338 2725 394 2761 non
412 2707 537 2776 ccipere,
562 2707 615 2759 sed
632 2706 752 2759 reddere
769 2705 897 2775 coniugi,
922 2722 955 2759 ne
971 2704 1064 2767 forni-
1089 2720 1150 2757 mus
1168 2703 1221 2759 hoc
1244 2704 1304 2760 loco
1323 2705 1406 2774 illud,
1437 2723 1494 2777 qus
1518 2706 1609 2763 fronte
1633 2706 1752 2763 coelibes
1776 2706 1923 2765 sacrificuli

232 2794 324 2847 cande
350 2792 551 2846 damnabiliter
576 2799 685 2861 peccet,
710 2793 751 2845 ad
767 2806 920 2864 pesonam
940 2791 1064 2862 pertinet
1089 2789 1158 2845 tulis
1176 2807 1194 2844 u
1211 2790 1369 2862 conjugatis
1388 2792 1529 2863 exquirere
1542 2792 1704 2864 jubeantur,
1720 2794 1794 2866 quae
1811 2794 1923 2852 edeon·

231 2879 415 2950 coniuqalem.
465 2878 499 2932 es·
521 2886 615 2932 andem
639 2878 719 2933 ambe
751 2880 807 2934 tali
827 2878 1065 2948 concupiscentiae
1086 2875 1161 2947 jugit
1178 2877 1264 2947 adyto
1281 2883 1416 2947 spectent,
1434 2894 1486 2934 nec
1502 2879 1539 2935 ed
1556 2879 1672 2934 alierum
1690 2896 1774 2950 quam
1789 2883 1922 2955 conjuge·

232 2967 449 3035 subjunpuntur,
479 2982 538 3019 rem
565 2966 676 3028 faciunt
705 2982 762 3019 non
787 2966 870 3035 plene
894 2966 1063 3036 nuptiarum.
1090 2968 1181 3018 terum
1199 2980 1378 3035 personarum
1403 2963 1530 3019 notitiem
1547 2964 1706 3036 pertinent?
1743 2966 1817 3023 Item
1834 2970 1923 3040 quod·

233 3052 397 3125 Fulgentius
416 3054 452 3108 de
470 3051 534 3107 deb.
553 3053 665 3123 conjug.
689 3051 768 3122 epist.
792 3056 820 3105 l:
846 3050 1020 3121 Conjuqatus
1039 3052 1066 3105 si
1090 3066 1154 3104 nem
1175 3049 1293 3120 apostoli
1310 3050 1355 3105 vel
1374 3051 1475 3106 veteris
1493 3052 1624 3107 ecclesiae
1642 3051 1769 3108 doctores
1783 3054 1923 3113 adducere

233 3142 291 3194 tori
303 3142 390 3209 fidem
415 3158 470 3194 non
488 3142 614 3208 deserat,
636 3140 688 3193 sed
717 3140 747 3192 in
765 3156 850 3193 unere
866 3156 920 3193 ersa
936 3139 1066 3194 naturali
1091 3136 1196 3207 possint
1207 3137 1372 3208 exemplum,
1389 3138 1465 3209 quod
1481 3139 1617 3208 ejusmodi
1635 3138 1854 3212 quaestionum
1868 3143 1923 3213 pri·

233 3227 371 3280 duntaxat
398 3245 449 3280 iesu
478 3227 687 3296 aliquantulum
715 3227 916 3295 intemperatus
942 3228 1064 3289 secedat.
1091 3228 1157 3279 vute
1176 3222 1359 3295 exomologesi
1380 3222 1575 3280 confitentibus
1600 3227 1815 3296 proposuerint?
1849 3228 1923 3285 Vnde

231 3328 288 3366 non
312 3313 402 3365 solum
426 3314 631 3383 generationem
655 3329 807 3383 quaerens,
831 3315 883 3366 sed
908 3312 1065 3382 adunanda
1090 3311 1143 3367 loc.
1163 3310 1200 3365 de
1216 3312 1317 3383 poenit
1335 3308 1363 3383 ξ.
1384 3316 1441 3367 loe.

231 3396 348 3451 libidini
365 3399 459 3451 carinis
482 3400 621 3467 obediens,
637 3400 688 3453 boc
705 3401 816 3468 quidem
831 3400 891 3452 sine
908 3398 993 3469 culpan
1009 3417 1066 3453 non
1125 3403 1185 3453 stt.
1219 3397 1367 3462 Quaeritur
1387 3396 1531 3467 hocloco,
1554 3416 1592 3453 an
1609 3400 1771 3469 coniupatis
1787 3403 1873 3459 lutat
1892 3408 2002 3462 tuM

232 3484 322 3551 facit,
346 3486 413 3538 talis
436 3492 527 3539 auum
545 3486 630 3555 culpa
647 3487 729 3539 citius
752 3486 816 3540 bene
834 3486 965 3554 operanti
983 3485 1065 3554 atqise
1090 3491 1184 3539 mutuo
1213 3501 1348 3538 conuentu
1377 3501 1474 3539 norme
1500 3492 1667 3556 perpetuam
1705 3463 2002 3556 continentiamiffl

233 3570 329 3625 oranti
344 3571 504 3636 remittitur,
523 3572 591 3640 quia
609 3572 668 3644 spei
684 3573 800 3641 conjuqi
813 3579 907 3626 emeat
924 3573 1065 3626 maritalis
1092 3568 1228 3625 Pontificii
1246 3568 1392 3625 affirment.
1429 3570 1560 3636 Quemvis
1579 3572 1652 3627 enim
1670 3574 1842 3643 concedunt,
1859 3578 2002 3673 mimi

233 3657 339 3713 comtos
358 3658 455 3722 fidem,
479 3658 508 3710 iu
529 3676 585 3727 qua
604 3676 661 3711 non
673 3665 767 3730 potest
786 3659 929 3711 maritatis
948 3659 1064 3723 infirmi·
1091 3674 1149 3712 rem
1167 3656 1227 3712 sine
1245 3673 1381 3712 consensu
1400 3657 1451 3712 viri
1470 3674 1526 3712 nen
1543 3675 1624 3728 posse
1641 3674 1742 3715 verme
1758 3670 2002 3735 perpetuemur:

231 3751 277 3799 tas
292 3745 433 3798 untedire
447 3745 614 3816 temperiem.
645 3744 681 3798 Et
700 3752 810 3816 postes:
831 3746 899 3798 Etsi
906 3748 1064 3815 prassinum
1092 3743 1302 3813 continentiam,
1333 3751 1361 3800 et
1390 3744 1450 3800 vioe
1475 3761 1554 3800 verse
1581 3745 1670 3801 vuum
1696 3746 1757 3802 eine
1786 3765 1925 3808 consensu
1937 3722 2002 3766 ω

231 3831 432 3886 concumbendi
464 3832 576 3884 modum
610 3832 729 3895 eamd,
766 3840 858 3885 tamen
888 3833 1065 3902 conjuqalem
1091 3830 1183 3884 uxoris
1201 3830 1296 3886 itidem
1320 3846 1374 3885 uon
1401 3847 1483 3901 posse
1510 3830 1566 3886 tale
1583 3836 1679 3887 votum
1696 3834 1836 3905 emittere,
1861 3854 1926 3893 cum

232 3918 380 3972 terminum
405 3934 461 3969 non
479 3919 600 3985 excedit,
628 3925 653 3972 et
682 3918 746 3972 licet
772 3919 920 3973 contrabat
938 3920 1064 3973 carnales
1092 3922 1189 3973 neuter
1205 3918 1305 3971 babeat
1323 3920 1449 3987 corporis
1466 3919 1513 3972 rui
1524 3926 1689 3989 potestatem
1703 3925 1724 3976 l.
1737 3919 1800 3977 Ger.
1816 3929 1841 3989 7,
1860 3932 1926 3980 ub.

234 4005 383 4074 infirmitas
412 4003 540 4073 mutant,
564 4003 697 4074 impetrat
723 4012 816 4058 tamen
841 4006 977 4074 nupticdis
996 4006 1065 4059 inte·
1091 4005 1190 4059 acriter
1213 4010 1307 4061 temen
1329 4007 1511 4069 contendunt,
1537 4025 1569 4059 eu
1592 4016 1685 4061 mutue
1704 4026 1843 4065 concensu
1860 4029 1926 4069 con-

232 4090 323 4159 pritas
336 4090 453 4145 ueniam
490 4089 585 4160 Atque
609 4090 681 4144 hunc
700 4090 915 4146 moderationem
936 4097 964 4145 ct
982 4092 1063 4147 intel·
1088 4092 1173 4162 juges
1200 4091 1227 4145 id
1251 4091 1343 4147 secere
1367 4109 1463 4163 posse,
1492 4094 1566 4148 unde
1595 4093 1781 4151 Bellurminus
1806 4096 1870 4153 libr.
1890 4100 1927 4156 de

157 4240 160 4245 ⁴
233 4194 311 4231 nescu
329 4175 517 4230 adhibendum
537 4192 597 4231 esse
623 4175 733 4247 probari
758 4182 850 4247 potest
873 4193 905 4232 ex
924 4177 985 4248 ipso
1000 4180 1065 4249 jure
1092 4178 1215 4234 monach.
1240 4196 1300 4250 esp.
1326 4184 1365 4234 37.
1389 4185 1470 4234 voest
1494 4197 1619 4235 errorem
1642 4182 1928 4253 impudentissimum,

233 4261 375 4330 canonico,
397 4279 421 4316 e.
457 4262 509 4317 Vir
535 4278 597 4315 cum
618 4262 737 4333 propris.
757 4268 797 4317 33.
821 4281 848 4335 q.
870 4268 892 4319 4.
913 4280 948 4318 ex
966 4263 1064 4337 Greg.:
1090 4267 1118 4318 si
1136 4266 1198 4334 quis
1214 4266 1248 4318 id
1269 4282 1372 4335 neqare
1393 4267 1468 4322 uelit.
1506 4266 1563 4323 Nos
1589 4267 1786 4340 distinguimus
1811 4276 1835 4327 1.
1854 4272 1928 4328 iuter

235 4349 270 4403 Si
286 4349 349 4417 quis
367 4365 421 4401 sua
439 4348 557 4417 conjupe
571 4366 626 4401 non
644 4349 776 4418 cupidine
793 4350 947 4421 uoluptatis
958 4358 1066 4419 captus,
1091 4352 1287 4405 scrutinentiam
1309 4354 1350 4405 ad
1371 4360 1478 4422 tempus
1501 4361 1526 4407 et
1545 4361 1639 4407 uotum
1654 4356 1845 4412 continentiae
1860 4378 1927 4429 per·

231 4434 1066 4506 sedsolummodeproereandorumliberorumqratiautitur,
1088 4446 1199 4507 petuae.
1235 4438 1430 4504 concedimus,
1458 4456 1541 4511 posse
1557 4442 1690 4512 conjuges
1708 4442 1744 4496 ed
1762 4450 1876 4517 tempus
1891 4464 1928 4503 ex

234 4523 292 4591 ipse
299 4521 440 4590 profecto,
450 4519 549 4572 eiusde
558 4520 685 4587 inpressu
694 4521 837 4591 seruum,
847 4523 1066 4577 siuedcsumen·
1092 4530 1187 4579 mutuo
1204 4540 1339 4579 consensu
1356 4522 1509 4591 abstinere,
1539 4525 1587 4581 sed
1606 4543 1753 4600 negemus,
1773 4530 1842 4601 ipsis
1862 4550 1928 4589 eua-

233 4609 271 4661 do
290 4607 437 4661 Dominici
452 4607 789 4678 corporissanpuiuisque
799 4609 937 4679 mysterio,
956 4626 1007 4663 site
1026 4618 1065 4663 eet
1092 4610 1226 4679 dendum,
1255 4609 1298 4664 vel
1318 4611 1529 4676 consulendum,
1559 4613 1604 4667 rel
1621 4614 1865 4686 praecipiendum,
1894 4626 1930 4675 ut

228 4694 341 4761 judicia
352 4694 562 4762 relinquendus,
573 4694 668 4762 quiea
681 4694 978 4764 nobieprobiberinon
988 4697 1065 4750 debet
1092 4704 1184 4752 votum
1223 4701 1374 4767 perpetuae
1414 4697 1601 4754 continentiae
1644 4706 1748 4758 temere
1785 4703 1927 4762 emittent.

233 4780 367 4848 accepere,
388 4781 438 4848 qui
448 4779 553 4849 inique
564 4780 674 4850 positus
692 4782 778 4834 nescit
797 4784 905 4836 ardere.
934 4781 1066 4837 Albertus
1093 4790 1116 4839 2.
1144 4782 1348 4855 Distinguimus
1378 4783 1449 4839 inter
1473 4794 1640 4856 perpetuam
1669 4789 1870 4845 continentiam
1900 4801 1928 4847 et

233 4865 262 4919 in
280 4870 304 4919 t.
323 4872 392 4921 sent.
414 4866 477 4923 cist.
498 4873 539 4923 31.
559 4867 671 4921 statuit:
692 4868 774 4921 Niln'b
792 4884 985 4938 eorumquae
1005 4871 1066 4938 opit
1090 4876 1182 4923 uotum
1197 4875 1351 4939 perpetuae
1369 4870 1566 4940 continentiae,
1585 4889 1618 4927 ec
1638 4879 1662 4929 3.
1680 4873 1752 4930 inter
1767 4878 1930 4949 sumptum

232 4952 350 5005 moriem
370 4971 431 5005 cum
458 4971 542 5007 usare
569 4962 681 5008 seruato
699 4971 763 5007 uase
781 4955 887 5023 debita,
915 4958 1065 5009 secumdum
1091 4957 1235 5025 quoddam
1260 4957 1382 5025 meelate
1406 4973 1534 5028 expresso
1552 4957 1606 5013 Dei
1624 4959 1709 5016 verbo
1728 4961 1929 5035 approbatum,

232 5053 262 5091 se
279 5045 319 5091 est
343 5046 486 5108 peccatum
516 5040 644 5094 mortale.
679 5040 716 5095 Et
742 5057 848 5094 summu
873 5041 999 5112 angelice
1030 5043 1065 5097 de
1090 5048 1118 5097 et
1137 5043 1263 5111 reputem
1280 5044 1446 5111 peneralem.
1480 5044 1670 5114 Concedimus,
1689 5047 1847 5119 exemplum
1863 5067 1929 5123 per·

231 5122 275 5177 his
294 5141 340 5194 qq.
366 5123 457 5178 addit:
484 5127 549 5179 Non
568 5126 774 5197 praecipitabis
797 5128 974 5195 sententiam,
997 5129 1065 5199 quia
1090 5134 1190 5199 petuas
1213 5129 1398 5185 continentiae
1425 5132 1543 5203 proponi
1573 5131 1602 5186 iu
1624 5132 1714 5189 Muris
1736 5140 1765 5188 et
1789 5134 1930 5209 losepho,

231 5226 302 5264 uuor
315 5209 502 5277 permittitur,
524 5221 554 5264 ut
572 5212 652 5266 bomo
671 5212 824 5266 delectetur
848 5213 878 5267 in
897 5229 931 5266 ea
944 5221 1064 5283 propter
1090 5212 1191 5285 quibus
1207 5214 1284 5270 Deus
1309 5217 1411 5272 donum
1431 5219 1616 5275 continentiae
1638 5236 1671 5275 ex
1693 5220 1805 5291 specinli
1831 5228 1930 5296 mein

225 5295 448 5365 fornicationem
458 5297 611 5354 uitandam.
643 5300 782 5356 Lntherns
795 5300 978 5372 pulcherrime
997 5300 1065 5356 dicit
1090 5301 1168 5357 dedit
1186 5302 1213 5357 in
1231 5303 1291 5374 ipso
1310 5304 1450 5376 conjugali
1468 5305 1594 5374 vinculo,
1612 5308 1661 5363 sed
1678 5325 1827 5379 negemus,
1847 5322 1929 5371 certo

232 5384 261 5438 in
286 5400 309 5439 c.
331 5388 354 5437 t.
377 5380 448 5437 Gen.
475 5382 493 5438 f.
521 5390 568 5439 bt:
601 5385 677 5440 l'itia
696 5396 723 5442 et
747 5389 948 5458 turpitudinem
975 5388 1064 5455 illam,
1091 5387 1184 5461 aliquo
1201 5396 1266 5444 voto
1290 5407 1337 5445 eos
1362 5406 1422 5447 sese
1446 5390 1638 5461 obstrinxisse,
1659 5395 1704 5450 vel
1726 5394 1853 5467 reguum
1872 5400 1927 5455 eli·

232 5486 304 5539 quae
316 5486 372 5537 per
394 5477 542 5539 peccatum
572 5472 613 5524 ad
637 5474 804 5527 creationem
833 5476 892 5529 Dei
919 5475 965 5543 (ed
994 5491 1063 5545 opus
1090 5491 1174 5546 quem
1193 5476 1352 5547 generalem
1378 5478 1415 5531 ad
1442 5476 1622 5535 imitationem
1646 5480 1676 5536 in
1700 5481 1799 5537 ceteris
1825 5487 1928 5559 eenJ’u·

232 5554 427 5627 generationis)
452 5556 582 5621 accurit,
608 5574 664 5612 non
691 5560 820 5615 debemus
846 5562 989 5631 mapitarc
1014 5567 1064 5614 anst
1092 5560 1176 5631 gibus
1199 5561 1323 5633 proponi.
1367 5562 1507 5636 Urgemns
1531 5564 1604 5621 enim
1632 5571 1654 5623 1.
1678 5582 1838 5638 supressum
1853 5586 1927 5641 apa·
