4020 6022
196 292 255 351 1¹10
773 284 896 343 Locus
913 280 1118 342 uouemus
1135 281 1304 348 QUINTUS

194 445 311 512 pugnat
356 438 435 505 Quae
465 441 500 497 de
513 439 728 511 particularibus
749 439 917 513 quibusdam
934 438 1115 525 Besaelcum
1133 439 1354 507 cansanpuineis,
1363 440 1518 510 peccabant
1527 440 1607 495 baud
1624 440 1707 493 dubie
1722 440 1753 494 in
1765 437 1883 507 sinpsslis

193 526 224 581 in
258 526 306 581 illo
346 526 416 581 libro
458 527 557 582 emtis
602 526 696 592 addit,
741 527 778 581 sd
820 542 869 582 nos
914 523 1152 581 minimetconsra
1163 525 1216 594 jus
1233 528 1395 581 naturaest
1412 526 1478 580 ideo
1494 527 1593 581 merita
1605 526 1811 596 puniebantur,
1838 525 1887 578 ubs'

194 613 340 683 pertinent
1052 616 1148 665 tamau
1160 609 1362 666 observandum
1379 628 1441 667 esse
1451 612 1527 677 dicit,
1541 628 1674 683 peccasse
1691 612 1806 682 puidam
1821 626 1884 679 pess-

65 718 137 771 mu-
231 704 288 757 211.
330 698 383 755 His
410 699 451 754 ita
479 699 637 772 praemissis
666 699 844 771 producimus
873 694 1026 752 sententiae
1052 703 1092 749 tes
1110 697 1144 751 in
1162 698 1303 765 ejusmodi
1317 699 1457 769 conjups'is
1474 699 1687 769 conuabsndis,
1705 699 1824 752 sednon
1842 699 1885 751 ita

67 776 159 864 32⁸¹}ss
195 790 305 841 nostrae
324 784 511 841 fundamenta.
554 785 678 840 Primum
703 784 822 856 petimus
849 800 881 837 ev
899 780 1190 857 penerali,praviter,
1214 791 1245 836 ut
1263 791 1384 854 propter
1405 785 1464 843 stt·
1476 784 1635 854 ejiciendae
1658 791 1750 838 essent
1768 791 1884 845 atoma

66 880 159 917 ”³²0⁰-
195 870 288 941 lepum
305 872 502 927 Mosaicasum
530 872 708 940 oblipctione.
744 869 931 940 Quaecunque
950 866 1025 938 leges
1038 862 1109 927 {ista
1121 870 1193 922 enim
1204 886 1298 938 poena
1310 872 1431 940 proprie
1448 871 1564 939 respicit
1581 871 1687 925 orinsen
1700 870 1884 925 idololatriae

67 928 236 1027 iiim-iss
252 956 378 1029 obligant
396 963 510 1029 gentes,
531 963 564 1012 ut
586 964 700 1029 propter
719 973 815 1011 carum
832 954 1025 1027 mmsgressio·
1052 961 1079 1007 et
1096 955 1240 1009 adulteria
1257 973 1292 1010 ac
1317 956 1428 1025 stapits'a
1453 957 1626 1025 prodipiose
1650 974 1713 1011 msm
1737 956 1833 1011 bestiis
1857 964 1884 1009 st

68 1026 143 1131 ,m
195 1058 258 1098 uem
281 1044 444 1114 puniantur,
471 1043 535 1099 illae
561 1059 618 1097 uon
646 1047 712 1097 sunt
737 1058 812 1098 merc
840 1041 963 1097 forenses
987 1039 1025 1094 ad
1051 1042 1192 1095 masculis.
1238 1040 1307 1096 diem
1325 1044 1396 1097 enim
1415 1043 1567 1113 Scriptura
1593 1043 1676 1108 dicit,
1701 1043 1884 1098 smniabam

67 1132 152 1173 Μ·
195 1126 343 1184 ludaicam
357 1134 464 1184 tantum
485 1127 611 1200 politiam
630 1133 796 1199 specstantes,
816 1128 865 1183 sed
886 1126 1190 1249 pertiuentpsccsrunt,
1214 1145 1271 1181 non
1295 1129 1429 1197 intellipit
1451 1137 1557 1183 tantum
1582 1130 1717 1199 conjupia
1735 1132 1767 1183 in
1784 1130 1882 1198 prndi-

68 1192 154 1285 liiiss.
194 1214 230 1269 sd
255 1214 303 1285 jus
329 1214 457 1293 naturale
482 1231 516 1270 sc
544 1214 656 1271 morale.
702 1215 794 1286 Leges
821 1214 857 1270 de
877 1212 1101 1301 prohibitis,bsss
1116 1213 1281 1284 prohibitis,
1299 1218 1351 1270 sed
1368 1215 1462 1270 amnia
1484 1217 1592 1271 molera
1616 1234 1705 1286 supra
1729 1216 1882 1270 nominata.

69 1288 140 1328 ‘¹⁰⁸⁹’
193 1302 366 1373 matianis
385 1301 520 1374 gradibus
539 1301 579 1356 ite
598 1300 724 1373 obligant
741 1305 846 1374 gentes,
865 1307 896 1356 ut
912 1301 1113 1370 propterlNec
1128 1301 1211 1368 dicit,
1229 1318 1286 1370 per
1306 1302 1420 1371 ampula
1434 1309 1554 1371 peccata
1576 1301 1666 1364 fuisse
1684 1303 1787 1369 dmnos
1805 1301 1881 1368 illos,
1895 1308 2000 1353 11..

192 1405 287 1443 earnm
305 1387 552 1460 transgressionem
568 1388 726 1459 puniantur.
761 1388 846 1459 Ergo.
864 1387 1024 1441 Assumtum
1050 1386 1101 1456 pui
1117 1403 1132 1440 e
1150 1395 1229 1440 terra
1248 1396 1453 1451 monerentur,
1476 1390 1527 1441 sed
1541 1396 1663 1459 propter
1680 1389 1788 1452 omnia,
1814 1389 1882 1457 puio

192 1474 328 1545 probatur
339 1492 373 1531 ex
385 1474 495 1531 disertis
508 1472 600 1529 verbis
617 1490 637 1529 a
649 1473 809 1528 nomotheta
822 1471 1024 1544 legumbarum
1050 1474 1182 1527 nimirum
1202 1474 1273 1527 inter
1292 1474 1348 1528 illa
1360 1474 1455 1528 omnia
1467 1483 1548 1529 erant
1561 1477 1702 1545 msaedam
1713 1474 1882 1545 pravissima

193 1554 406 1631 promulgationi
432 1559 590 1629 praemissis
613 1566 642 1615 et
657 1558 771 1614 macris
789 1560 857 1616 Les.
879 1564 924 1630 ts,
942 1577 968 1615 v.
990 1564 1021 1613 2:
1050 1565 1076 1612 et
1099 1559 1234 1616 anomia.
1276 1559 1359 1614 Hanc
1374 1559 1537 1616 solutionem
1565 1577 1625 1616 esse
1647 1577 1756 1631 serem,
1783 1559 1883 1616 contir-

193 1648 256 1715 Epo
288 1647 426 1701 Dominus
453 1649 533 1701 Deus
563 1654 651 1700 vestm
677 1662 703 1700 s.
722 1652 747 1701 3.
773 1649 923 1700 seeundum
954 1662 1025 1715 opus
1050 1644 1119 1698 mari
1136 1661 1217 1714 posse
1235 1645 1303 1700 dicit
1322 1646 1455 1718 exemplis
1477 1647 1712 1717 patriarcharum,
1737 1652 1770 1701 ut
1785 1645 1882 1713 Jacob,

191 1741 284 1789 terrae
309 1732 445 1801 Aepppti,
472 1732 503 1785 in
520 1748 576 1801 pua
602 1732 761 1797 babitasts‘s,
787 1749 843 1785 non
864 1732 979 1798 facietis
998 1739 1025 1785 st
1049 1727 1126 1785 luda
1144 1738 1172 1785 et
1189 1735 1316 1795 Amsam,
1345 1732 1393 1803 qui
1422 1733 1452 1786 in
1480 1734 1617 1803 praelibas
1639 1733 1792 1803 probibitio
1819 1750 1881 1786 con·

191 1820 342 1875 secuudum
360 1836 430 1888 opus
442 1827 534 1874 terrae
547 1817 674 1887 Canucn,
693 1821 734 1873 ael
747 1836 831 1889 paam
844 1835 893 1887 epo
911 1820 1023 1872 adduco
1035 1774 1039 1853 Ι
1051 1822 1196 1870 traxerunt
1220 1826 1246 1871 et
1270 1826 1362 1872 tamen
1381 1836 1400 1871 a
1425 1820 1488 1873 Dea
1512 1820 1606 1888 puniti
1627 1837 1684 1873 non
1706 1826 1786 1887 sunt,
1815 1819 1882 1889 puio

77 1936 80 1941 ·
191 1923 248 1969 aas,
278 1922 333 1960 nan
359 1906 481 1969 facietis.
510 1922 537 1962 s.
563 1912 587 1961 1.
616 1904 738 1958 Judicia
765 1920 828 1957 mea
852 1904 967 1967 facietis
998 1912 1024 1957 et
1050 1901 1181 1957 videlicet
1197 1920 1254 1957 non
1273 1912 1387 1973 tunore,
1413 1907 1466 1959 sed
1484 1923 1546 1959 cum
1562 1907 1674 1959 ratione
1700 1906 1883 1973 infecerunt,

191 1999 297 2053 masta
313 2008 377 2046 mea
394 1992 547 2060 seruabam,
565 2008 635 2061 puae
653 1992 765 2056 faciens
782 1991 880 2055 borno,
900 1991 972 2045 vivet
989 1990 1020 2044 in
1049 2005 1136 2057 nepus
1161 1991 1203 2043 ad
1223 1991 1280 2045 ista
1308 1992 1441 2060 conjupia
1466 1993 1657 2061 arijuwerunt
1684 1999 1808 2061 quatum
1827 1991 1882 2046 illa

192 2079 240 2135 ais.
280 2077 318 2133 Et
340 2082 440 2148 postea
455 2095 481 2133 s.
499 2082 548 2133 24:
571 2079 616 2132 Nc
630 2076 805 2147 polluamini
830 2077 859 2129 in
877 2076 921 2129 bis
937 2076 1024 2130 omni·
1049 2076 1171 2144 scelera,
1195 2077 1228 2130 ab
1251 2093 1323 2146 puae
1352 2086 1446 2146 pentes
1466 2079 1586 2147 proprie
1608 2080 1729 2147 punitae
1751 2082 1881 2144 tuerunt.

191 2166 250 2228 bus,
266 2164 335 2234 puio
351 2165 381 2217 in
399 2164 524 2218 carnibus
543 2164 587 2218 bis
603 2164 768 2233 polluerunt
784 2180 814 2217 se
832 2170 934 2231 pentes,
952 2180 1023 2230 puas
1049 2160 1274 2233 Respondemus:
1295 2168 1316 2218 1.
1334 2162 1545 2219 fundamentum
1564 2163 1750 2235 responsionis
1767 2163 1882 2221 Jesuiti·

192 2268 243 2319 epo
263 2249 346 2320 ejicio
371 2268 391 2304 a
415 2251 544 2313 faciebus
569 2250 681 2314 vestrm,
707 2266 733 2303 v.
755 2254 794 2304 25.
824 2256 849 2302 et
870 2248 976 2320 polleat
993 2263 1023 2301 se
1050 2263 1099 2304 cae
1116 2248 1198 2303 unice
1221 2248 1347 2303 consistit
1369 2248 1398 2303 in
1419 2249 1552 2319 exemplis
1575 2250 1811 2320 patriarcharum,
1833 2248 1882 2319 qssi

192 2345 270 2391 terra
289 2344 316 2390 et
333 2336 446 2391 visitavi
464 2335 637 2404 iniquitatem
653 2336 715 2403 ejus
732 2351 817 2404 super
837 2351 899 2388 eam
917 2342 944 2387 et
963 2350 1022 2388 evo·
1050 2334 1078 2387 in
1098 2334 1233 2405 gradibus
1253 2332 1401 2405 prohibitis
1418 2342 1622 2407 contraxerunt,
1642 2336 1796 2407 dequibus
1814 2335 1881 2407 quid

192 2423 262 2479 muit
278 2432 356 2477 terra
366 2422 539 2477 habitatores
556 2439 636 2489 suos,·
654 2439 680 2476 r.
694 2426 735 2477 26.
754 2429 780 2475 st
797 2420 960 2474 custodietis
975 2437 1023 2473 vos
1049 2420 1226 2476 statuendum
1244 2420 1297 2489 sit,
1315 2426 1413 2491 postes
1428 2420 1594 2490 videbimus,
1620 2421 1673 2477 boc
1690 2422 1751 2477 loco
1770 2421 1881 2477 unicum

193 2516 300 2564 stema
316 2525 377 2561 msa
394 2515 422 2562 et
440 2508 552 2575 jssrlics'a
569 2524 632 2561 mea
648 2515 675 2561 et
690 2506 873 2573 nonfacietis
892 2522 925 2560 ec
936 2505 1023 2559 omni·
1049 2504 1119 2560 illud
1137 2522 1276 2577 urgemus,
1295 2507 1369 2577 quod
1387 2523 1442 2561 non
1455 2523 1488 2561 ec
1506 2508 1638 2578 esemplis
1652 2510 1688 2562 ds
1706 2509 1815 2580 reputa,
1826 2510 1883 2561 sed

193 2594 244 2651 bus
274 2593 524 2649 abominationibus
554 2592 616 2647 istis
638 2598 691 2649 etc.
723 2609 748 2645 v.
770 2598 810 2648 27.
834 2591 902 2661 puin
931 2607 1025 2645 omnes
1052 2608 1084 2644 ev
1104 2592 1203 2661 rapula
1221 2594 1401 2662 deesemplis
1419 2592 1456 2648 sit
1469 2593 1662 2663 judicandum.
1696 2600 1721 2650 2.
1740 2593 1881 2649 Bellarmi·

193 2679 413 2737 abominationes
439 2680 509 2733 istas
534 2680 664 2744 fecerunt
690 2678 813 2733 bomines
842 2686 948 2740 tenue,
975 2678 1026 2747 pui
1049 2694 1101 2731 nus
1126 2677 1201 2733 nude
1228 2678 1341 2747 asserit,
1364 2678 1441 2734 nulla
1465 2686 1557 2734 autem
1577 2685 1684 2737 retrone
1707 2680 1822 2751 probat,
1847 2682 1880 2735 ab

192 2773 258 2823 mss
274 2783 338 2832 vos,
359 2773 386 2821 u
401 2765 508 2835 polluit
525 2781 555 2818 se
574 2772 667 2834 terra,·
690 2783 716 2820 r.
735 2770 777 2822 28.
798 2772 826 2819 et
844 2782 900 2819 nan
917 2772 1024 2818 evomat
1048 2771 1140 2818 certas
1162 2767 1300 2833 quasdam
1334 2766 1558 2819 circumstantias
1581 2771 1731 2841 praecepta
1754 2763 1880 2822 buitim

192 2860 270 2911 suro
287 2870 348 2919 vos,
377 2853 445 2905 dum
468 2851 724 2907 contaminaveritis
741 2868 818 2920 eam,
846 2853 1024 2920 mumadma
1048 2849 1108 2905 lieri
1126 2849 1324 2922 dispensabilis
1342 2869 1375 2906 uc
1393 2852 1765 2924 matrimoniniuprohibitis
1782 2853 1879 2922 pracli·

194 2943 260 2997 dum
278 2940 397 2994 evomuit
412 2946 526 3008 pentem,
545 2956 616 3009 quae
629 2946 693 2993 ante
709 2956 764 2995 vas.
795 2938 863 2994 Les.
879 2943 920 3003 20,
937 2953 963 2992 s.
977 2942 1021 2993 22:
1050 2938 1099 2991 bus
1126 2944 1271 2991 contracta
1298 2954 1331 2992 ea
1362 2939 1581 2993 ufrsumuamiu
1606 2938 1774 3008 quibusdam
1797 2940 1880 2993 bane·

193 3026 364 3083 &modulis
383 3025 477 3079 omnia
492 3032 598 3080 statuta
616 3033 716 3080 meast
727 3025 841 3094 judicia
854 3040 917 3078 mea
934 3032 960 3077 et
974 3024 1022 3090 fa·
1048 3023 1127 3079 stari.
1175 3023 1234 3080 Nos
1262 3033 1359 3080 eontra
1390 3026 1430 3081 sic
1462 3024 1662 3081 concludimus.
1709 3024 1790 3089 Quae
1816 3026 1880 3096 jure

191 3112 271 3169 sistis
289 3129 332 3182 ea,
352 3120 378 3167 et
395 3128 452 3165 nan
469 3119 571 3165 momet
585 3115 833 3166 absterrenti
854 3110 1023 3164 lstaomm'a
1049 3110 1168 3166 naturali
1202 3117 1268 3165 sunt
1295 3111 1448 3181 prohibita,
1474 3111 1551 3166 nulla
1578 3110 1784 3167 circumstantia
1811 3110 1882 3167 {lunt

192 3198 406 3271 (prohibitarum
419 3196 654 3253 abominationum
663 3199 776 3268 general
791 3198 919 3259 fecerant
929 3204 1023 3264 pentes
1048 3196 1125 3250 licita
1148 3203 1176 3251 et
1199 3196 1329 3263 bouesta,
1352 3197 1419 3267 quia
1435 3198 1582 3253 naturalia
1601 3205 1664 3251 sunt
1683 3199 1877 3253 immutabilia.

192 3293 219 3340 et
241 3287 391 3339 detestatus
417 3301 477 3337 sum
505 3300 562 3337 eas.
597 3283 632 3337 In
657 3282 786 3338 Hebraeo
809 3288 852 3337 est
874 3280 933 3354 ΕΞ,
952 3284 1022 3359 γῆς
1050 3279 1078 3355 §-
1103 3282 1152 3336 sed
1178 3283 1319 3337 naturalia
1344 3282 1431 3337 instit
1457 3282 1492 3339 de
1511 3284 1568 3353 jur.
1594 3290 1649 3337 nat
1671 3289 1749 3354 gent.
1774 3290 1805 3338 et
1828 3284 1880 3338 cis.

191 3388 325 3427 narmeam
344 3388 378 3425 ac
395 3370 545 3433 fastidium
561 3370 648 3422 babai
663 3370 694 3423 in
713 3368 787 3437 illis,
807 3366 892 3439 Terg.
914 3377 941 3423 et
957 3370 1022 3423 aba·
1048 3369 1205 3422 Naturalia
1216 3370 1303 3437 jura,
1329 3386 1400 3439 punc
1419 3371 1499 3438 apud
1516 3386 1608 3424 amnes
1629 3378 1724 3437 pentes
1738 3387 1881 3440 peraeque

193 3458 328 3513 mimum
353 3464 393 3510 est
421 3456 531 3508 cubum
554 3472 644 3509 meum
671 3455 745 3509 illos.
785 3453 969 3509 Bellarmiuus
988 3455 1023 3510 de
1049 3455 1238 3521 observantur,
1259 3455 1356 3508 divina
1375 3457 1500 3523 quadam
1515 3456 1698 3524 providentia
1717 3458 1882 3520 confirmata

193 3543 309 3599 matrim
332 3559 355 3596 c.
382 3547 423 3597 27.
449 3540 560 3612 regerit,
588 3545 610 3595 1.
635 3540 802 3610 responderi
815 3556 909 3609 passe,
926 3542 1022 3594 Deum
1049 3555 1157 3608 semper
1181 3540 1264 3603 firma
1291 3549 1375 3610 atquc
1399 3542 1585 3596 immutabilia
1605 3550 1778 3611 permanent.
1816 3543 1881 3599 «lem

188 3630 424 3703 punirevoluisse
442 3629 561 3697 pentiles
574 3645 629 3681 non
644 3635 763 3697 propter
775 3629 1024 3695 transpressionem
1048 3642 1113 3682 sero
1130 3632 1281 3697 praecepte
1304 3628 1340 3681 de
1360 3628 1494 3699 gradibus
1521 3628 1693 3699 cognationis
1718 3634 1785 3683 suut
1801 3634 1880 3684 uatu-

188 3722 402 3790 praeceptarum
419 3716 454 3769 de
469 3714 606 3781 praelibas
626 3713 817 3782 eopnationis,
840 3716 893 3769 sed
905 3722 1023 3783 propter
1048 3713 1131 3777 ralia,
1155 3718 1187 3767 ut
1212 3711 1313 3783 probat
1338 3720 1462 3768 nostrum
1482 3722 1691 3786 argumentum,
1717 3730 1769 3769 nec
1789 3720 1881 3786 potest

192 3802 347 3870 adelinia,
367 3807 486 3873 propter
505 3800 678 3855 caumsbitum
705 3818 766 3855 oum
782 3800 917 3855 mosculis
934 3808 961 3854 st
973 3800 1023 3869 ju·
1048 3799 1204 3854 omnimode
1216 3796 1333 3853 inficiari
1344 3798 1537 3871 Bellarminus,
1554 3801 1593 3855 sic
1611 3801 1684 3856 enim
1703 3800 1755 3856 boc
1775 3801 1837 3870 ipso
1851 3801 1879 3855 in

192 3890 290 3947 mests's
312 3896 338 3942 et
359 3894 476 3960 propter
501 3887 711 3951 idololatriam,
734 3904 819 3956 quam
840 3894 934 3955 pentes
953 3888 1022 3942 illae
1048 3886 1109 3940 loco
1126 3885 1236 3941 scribit:
1259 3885 1424 3955 Propositio
1450 3887 1504 3942 illa
1525 3888 1666 3955 pancratis
1686 3889 1752 3945 Lev.
1774 3891 1814 3941 18.
1839 3889 1880 3941 ad

193 3975 353 4031 meabant
370 3990 431 4027 cum
449 3972 528 4027 idolo
546 3973 671 4040 Molocb,
690 3972 758 4042 pus'a
776 3974 944 4027 muneratis
962 3973 1022 4027 illis
1045 3971 1205 4041 prozimum
1223 3972 1371 4040 sanpuinis
1386 3973 1433 4026 sui
1447 3990 1527 4027 nemo
1544 3976 1675 4043 acpcdat,
1692 3974 1739 4041 jus
1757 3982 1879 4027 natusne

191 4060 341 4117 mensibus
376 4058 561 4127 subjiciuntur
595 4073 712 4127 paenae.
763 4056 817 4114 Sed
849 4058 928 4114 addit
962 4059 1022 4128 ipse
1048 4058 1253 4127 complectitur,
1276 4067 1304 4112 et
1328 4058 1393 4113 ideo
1417 4058 1502 4111 etiam
1527 4059 1557 4111 in
1575 4060 1695 4127 einpuis's
1721 4062 1881 4132 praeceptis

191 4146 376 4203 Bellarminus
400 4145 471 4197 baruc
497 4144 661 4199 solutionem
688 4161 744 4198 non
771 4144 864 4198 videri
889 4143 1021 4213 solidam,
1048 4146 1187 4213 repetitur
1210 4145 1373 4198 vocabalum
1398 4145 1555 4213 turpitudo,
1579 4146 1647 4213 puin
1663 4153 1745 4213 turpe
1763 4154 1804 4200 est
1819 4164 1881 4201 cum

192 4249 255 4290 cum
280 4230 395 4287 medem
418 4245 524 4300 poenam
541 4229 571 4284 in
591 4230 701 4284 eosdem
727 4229 846 4300 gentiles
864 4229 1021 4284 immediate
1049 4238 1168 4299 eopnata
1183 4231 1391 4285 matrimonium
1411 4231 1589 4293 contrahere,
1615 4248 1677 4285 cum
1695 4239 1799 4286 nutura
1818 4234 1881 4301 ipsa

192 4325 255 4391 post
272 4316 471 4390 prohibitiones
487 4314 624 4387 graduum
640 4314 813 4386 cognationis
831 4314 1021 4387 subjiciantur.
1049 4317 1146 4381 dictet,
1171 4316 1352 4371 reverentiam
1369 4318 1513 4386 eumdum
1531 4317 1592 4371 illis
1610 4318 1722 4384 debere,
1746 4335 1809 4371 cun
1825 4336 1881 4388 pua

193 4404 260 4463 tes.
279 4412 321 4462 20.
350 4409 374 4461 2.
393 4402 488 4466 addit,
511 4403 678 4470 responderi
699 4421 718 4455 a
737 4403 911 4471 pssibssedam,
929 4404 1022 4456 Deum
1046 4410 1156 4473 pupnct
1179 4403 1283 4473 copula
1306 4402 1446 4470 carnaim,
1474 4410 1500 4459 st
1523 4403 1592 4471 quia
1614 4411 1708 4471 pestes
1729 4404 1799 4458 illae
1822 4405 1881 4457 sisse

188 4492 331 4562 punivisse
356 4497 450 4560 pentes
472 4488 506 4543 ob
528 4487 661 4556 conjupia
687 4487 716 4540 in
730 4488 828 4555 primo
846 4490 941 4557 praclu
959 4507 1022 4543 con·
1048 4489 1108 4544 ullo
1132 4488 1241 4543 delectu
1267 4488 1454 4542 miscebantur
1478 4490 1707 4559 eosnanpus'nsia,
1728 4490 1881 4559 peccabam

191 4577 398 4645 saspuinitatis,
417 4590 490 4646 quas
508 4580 572 4627 sunt
590 4581 689 4628 contra
706 4574 794 4641 lepem
812 4583 945 4640 nausrae,
965 4593 1022 4629 nvn
1049 4575 1127 4629 based
1143 4574 1226 4628 alubis
1245 4573 1276 4629 in
1292 4573 1413 4642 simpatia
1429 4576 1507 4641 (notu
1526 4574 1555 4630 in
1571 4573 1700 4645 singulis)
1718 4583 1817 4629 contra
1830 4577 1881 4644 jus

191 4672 282 4719 auum
299 4664 333 4719 ob
352 4663 486 4733 conjupia
499 4661 529 4715 in
547 4660 615 4714 aliis
633 4662 777 4728 proditus.
811 4661 867 4719 sed
886 4679 937 4719 nec
950 4662 1022 4717 bauo
1048 4669 1167 4717 naturas
1184 4661 1299 4716 otides
1323 4661 1422 4714 merito
1441 4662 1641 4730 puniebantur.
1677 4660 1756 4717 Haec
1775 4661 1878 4717 Bellat-

191 4750 356 4805 solssts'onem
373 4749 497 4803 solidam
513 4763 574 4803 esse
592 4746 735 4819 agnoscit,
751 4764 814 4803 cum
831 4756 895 4819 post
912 4765 1022 4805 enume-
1048 4747 1146 4803 minus.
1193 4752 1217 4801 3.
1235 4747 1279 4801 Ex
1301 4745 1438 4801 concessis
1465 4763 1483 4802 a
1508 4747 1676 4803 Bellarmino
1701 4747 1817 4804 ulterius
1841 4749 1880 4803 sic

191 4842 265 4893 ratos
296 4834 398 4906 gradus
434 4835 499 4890 Les.
532 4838 573 4890 20.
603 4832 788 4904 subjiciantur
818 4834 887 4891 baec
922 4836 1021 4892 verba:
1048 4832 1198 4890 inferimus.
1243 4831 1355 4889 Nullius
1386 4833 1576 4889 ceremonialis
1602 4832 1673 4905 legis
1698 4834 1880 4905 transgressio

193 4922 294 4978 Omnia
312 4921 381 4975 baec
391 4921 525 4988 suerum
541 4928 650 4990 pernes,
670 4936 821 4991 quaecum
839 4922 896 4977 sint
913 4922 1022 4976 univer·
1048 4919 1165 4993 gentiles
1185 4917 1273 4973 efficit
1290 4917 1416 4988 peccati,
1432 4919 1489 4975 irae
1508 4937 1541 4975 ac
1555 4936 1662 4991 poenae
1681 4919 1793 4975 divinae
1811 4938 1880 4983 reos.

192 5009 269 5075 salis,
287 5023 342 5062 uon
363 5011 480 5076 possunt
496 5005 626 5078 restringi
643 5005 679 5061 ad
705 5006 894 5078 canaanque
911 5008 1021 5063 scelera.
1048 5007 1115 5077 quia
1133 5005 1199 5075 ipsis
1217 5021 1272 5060 uon
1290 5009 1334 5058 est
1351 5004 1416 5060 lata
1455 5007 1508 5060 Ubi
1524 5015 1618 5061 autem
1636 5024 1692 5059 nass
1709 5014 1752 5059 est
1770 5008 1825 5067 lec,
1843 5007 1882 5061 ibi

192 5100 216 5151 3.
227 5092 355 5151 Tandem
373 5091 459 5164 igitur
476 5108 553 5148 suam
572 5092 679 5163 profert
696 5092 910 5163 responsionem,
929 5096 1023 5148 omnio
1047 5109 1098 5148 nec
1120 5091 1304 5159 tranaprsssio
1321 5090 1400 5146 Rom.
1418 5097 1448 5155 1,
1475 5110 1499 5149 s.
1521 5098 1560 5149 15.
1595 5092 1684 5164 Atqui
1710 5092 1881 5165 singulorum

190 5182 246 5239 12111
251 5186 408 5251 praecepta
424 5179 460 5232 de
474 5179 608 5245 pastun
621 5179 794 5249 copsationie
807 5195 865 5232 esse
877 5182 1023 5235 naturalia
1048 5179 1146 5233 horum
1167 5181 1375 5247 praeceptorum
1402 5178 1583 5249 transgressio
1600 5179 1718 5249 gentiles
1736 5179 1803 5233 tecit
1821 5194 1881 5235 reos

190 5268 288 5339 utiquo
306 5267 405 5327 modo,
422 5263 555 5317 nimirum
578 5266 605 5318 ss'
621 5267 696 5320 nude
714 5284 748 5319 ac
765 5265 893 5319 sotuarts
910 5284 1020 5321 mosas·
1048 5262 1273 5337 peccati‚ireeac
1289 5262 1524 5335 poenasdisinse.
1542 5264 1674 5334 Ergoetc.
1691 5265 1881 5322 sensurum

190 5358 238 5407 sss
262 5352 372 5423 prasius
398 5350 575 5420 copnatiom's
605 5351 664 5403 sine
692 5351 922 5416 circumstantiis,
951 5369 1022 5421 puae
1048 5358 1099 5417 est,
1116 5350 1190 5420 quod
1209 5348 1393 5405 bellarminus
1409 5348 1497 5417 addit,
1512 5350 1629 5417 pentilus
1637 5368 1771 5420 peccasse
1783 5361 1882 5407 contra

190 5436 338 5505 aspiciam
362 5439 403 5491 ad
429 5436 611 5491 matrimonia
637 5437 667 5490 in
693 5438 753 5492 illie
779 5438 916 5506 praelibas
941 5438 1022 5493 bane·
1043 5438 1096 5506 jus
1121 5443 1243 5489 naturas
1266 5435 1295 5487 in
1319 5434 1510 5489 contrahendo
1533 5436 1664 5503 auniupio
1683 5437 1715 5491 in
1731 5436 1881 5509 prohibitis

190 5527 308 5589 amdan
330 5526 397 5594 4¹45ss
419 5530 513 5595 semes
535 5524 595 5578 sine
619 5523 679 5578 ullo
702 5523 811 5577 delectu
837 5525 1022 5579 miscebantur
1052 5522 1188 5593 praelibas
1206 5538 1262 5575 non
1279 5520 1458 5589 sinspliciter,
1476 5522 1529 5574 sed
1546 5523 1613 5589 puio
1631 5523 1691 5576 sine
1710 5523 1817 5579 delectu
1835 5524 1879 5578 mi·
