4028 6030
827 326 880 383 ΒΕ
896 326 1096 385 consuete.
1748 340 1807 399 137

104 479 173 537 riori
193 486 249 537 stc.
276 498 310 537 ae
331 482 448 553 proinde
474 482 546 539 inter
568 481 768 553 impedimenta
782 482 948 539 matrimonii
977 492 1130 553 perpetuae
1155 486 1341 541 continentiae
1359 493 1400 541 est
1419 485 1540 553 licitum,
1557 494 1685 541 mactum
1702 496 1729 541 et
1747 488 1812 542 Deo

106 573 237 638 respectu
255 567 341 624 animi
364 574 441 625 recte
465 574 644 624 numerantur
653 570 784 638 fatuitas
801 586 837 623 ac
849 571 950 638 furor,
976 571 1180 639 pretiatimum.
1215 574 1295 642 Erpa
1318 575 1485 627 ceruendum
1503 580 1558 639 eet,
1577 591 1639 627 cum
1660 574 1812 641 Scriptura

108 654 238 725 quamvis
259 660 338 709 certa
362 656 471 713 ratione
493 656 590 711 eadem
618 656 653 711 ad
682 656 880 727 impedimenta
906 674 948 712 re·
975 658 1072 711 dieat:
1101 658 1136 713 st
1162 659 1233 727 quid
1256 659 1358 713 oossiati
1379 661 1454 727 Deo,
1482 678 1517 713 na
1541 660 1660 714 moreris
1680 662 1811 724 reddere,

108 746 209 811 spectu
231 740 355 811 eorporis
373 741 469 797 referri
488 742 608 813 possint,
634 759 697 797 cum
720 760 834 813 pravum
852 742 948 798 bumo-
974 741 1171 799 Deuteronom.
1190 748 1232 799 23.
1267 744 1307 797 A:
1323 746 1410 797 retuli
1432 762 1488 798 nou
1503 752 1595 815 pateat
1613 752 1706 801 votum
1722 747 1810 799 eonti-

108 840 170 880 rum
190 842 226 881 so
253 826 401 897 spirituum
424 826 586 882 animalium
613 828 642 881 in
659 846 774 899 corpore
793 828 947 899 dispositio·
975 830 1207 896 sandaserion,
1226 830 1406 899 puiuuorcm
1426 832 1517 895 ducit,
1536 848 1598 885 cum
1617 838 1744 887 tenentem
1763 834 1812 887 ilii

108 928 173 967 nem
190 911 246 967 sibi
272 930 380 983 semper
403 913 526 969 babeant
546 914 734 983 conjunctam.
786 914 946 970 Notandum
972 917 1079 985 petenti
1106 916 1228 970 debitum
1257 918 1383 969 reddere.
1427 918 1653 989 Respondemus:
1680 919 1748 989 quid
1774 918 1924 973 doxam.

110 1005 211 1059 nmen,
225 999 302 1069 quod
316 1000 444 1071 ruperim
459 1000 542 1055 stiam
561 1000 718 1056 monuimus
729 1017 791 1071 cap.
805 1006 830 1057 t.
843 1007 909 1055 sect.
923 1006 947 1056 2.
974 1007 1039 1055 voto
1057 1002 1183 1073 perpetui
1202 1001 1358 1057 coelibatu
1379 1004 1570 1074 statuendum,
1588 1018 1638 1059 suo
1657 1003 1719 1060 loeo
1737 1005 1811 1061 inira

111 1084 281 1141 afatuitste
304 1087 341 1140 ad
365 1090 518 1140 extremum
543 1087 661 1157 gradum
686 1087 823 1156 perducto
851 1086 947 1141 distin·
976 1087 1145 1157 dispicietun
1164 1086 1210 1142 bic
1227 1088 1348 1143 breviter
1359 1089 1565 1160 respondemus,
1582 1090 1631 1161 qui
1646 1095 1810 1161 perpetuam

111 1170 250 1243 gnendnm
268 1188 329 1227 esse
346 1173 585 1241 leocmpuamlum
600 1174 798 1243 desipientiam
810 1192 844 1226 ne
859 1174 950 1227 ‹snisui
976 1172 1177 1228 continentiam
1195 1180 1343 1239 voverunt,
1363 1181 1413 1229 aut
1431 1176 1557 1231 instructi
1572 1181 1638 1230 sunt
1654 1176 1728 1231 dono
1745 1193 1810 1231 eon·

111 1265 267 1328 turparem,
293 1259 341 1329 qni
365 1258 489 1312 nondum
506 1275 615 1313 onmem
645 1258 760 1313 rationis
780 1275 860 1313 usum
884 1258 947 1315 abs·
975 1258 1123 1327 tinentiae,
1148 1266 1198 1313 aut
1224 1260 1321 1315 eodem
1350 1261 1486 1317 destituti.
1532 1261 1561 1317 si
1586 1262 1676 1331 prius,
1700 1268 1811 1317 sement

110 1343 188 1410 tulit,
212 1348 243 1397 et
267 1360 286 1399 a
312 1344 405 1399 l'urore
422 1349 557 1415 perpetuo
574 1362 607 1399 ae
626 1345 757 1400 continuo
776 1344 948 1415 distinguen-
975 1345 1141 1415 promissum
1160 1345 1221 1400 Deo
1247 1345 1353 1401 fectum
1372 1362 1424 1401 nec
1443 1348 1589 1402 temeraria
1606 1348 1727 1418 quedam
1744 1348 1811 1403 levi-

111 1428 175 1483 dnm
206 1446 269 1485 esse
299 1447 378 1499 eum,
405 1430 454 1501 qui
483 1432 566 1485 babet
589 1432 701 1497 lueida,
731 1436 762 1485 ut
790 1431 948 1501 loquuntur,
975 1436 1032 1485 tute
1048 1432 1083 1486 ab
1104 1448 1137 1487 eo
1153 1434 1297 1497 recedent:
1315 1435 1338 1487 si
1358 1434 1503 1503 posterius,
1523 1433 1679 1504 expendant
1697 1434 1811 1489 manda-

111 1515 271 1573 interoaila.
317 1516 358 1573 Ut
388 1517 461 1571 enim
488 1524 610 1572 extreme
639 1517 724 1571 fatuis
751 1523 780 1573 et
811 1521 948 1587 perpetuo
975 1525 1034 1572 turn
1051 1517 1149 1575 Deis.
1166 1519 1290 1574 Corinth.
1309 1527 1339 1591 t,
1362 1537 1388 1574 v.
1407 1526 1437 1574 t:
1453 1522 1576 1591 Propter
1594 1521 1811 1583 fenerationem

110 1600 202 1656 turors
225 1604 360 1673 corrept-is
383 1604 559 1659 matrimonio
588 1611 664 1659 recto
692 1604 881 1668 interdicitur,
909 1604 949 1658 ita
977 1601 1141 1671 (vitandum)
1177 1605 1278 1658 labem
1307 1607 1493 1675 unumquisque
1521 1621 1635 1660 acorem
1669 1624 1749 1660 :imm
1785 1614 1811 1661 et

109 1688 207 1742 leviter
238 1687 406 1759 desipientes
443 1706 477 1745 ne
506 1690 590 1744 certia
625 1690 760 1745 :duntaxat
793 1696 948 1760 temporum
976 1704 1160 1757 certaminaque
1183 1690 1273 1743 mnam
1301 1708 1391 1757 merum,
1418 1697 1451 1743 ut
1477 1696 1505 1745 et
1530 1692 1675 1747 consilium
1693 1692 1811 1763 apostoli

111 1772 263 1828 intervallis
288 1773 382 1829 furore
404 1776 523 1846 correpti
548 1776 584 1829 ad
610 1776 814 1830 matrimonium
839 1776 949 1829 admitti
975 1790 1001 1825 r.
1021 1780 1053 1829 t:
1074 1775 1180 1829 dictiue
1199 1784 1240 1830 est
1255 1776 1357 1829 nubere
1375 1792 1459 1844 mmm
1475 1777 1530 1845 uri,
1547 1776 1737 1835 euimandato
1754 1796 1810 1834 non

110 1864 237 1930 morunt.
272 1859 429 1915 Porismata
446 1861 530 1931 hujus
547 1862 706 1917 assertionis
728 1866 824 1929 aurito,
863 1868 883 1917 1.
899 1862 948 1916 mi·
976 1866 1094 1929 possunt
1119 1862 1313 1931 praejudicare
1340 1862 1488 1917 temerario
1508 1870 1574 1918 vota
1591 1861 1626 1919 de
1644 1862 1714 1930 illis,
1738 1880 1810 1936 quae

111 1962 163 1999 nns
180 1950 258 2001 recte
275 1945 368 2001 faeere
386 1946 449 2001 illos
467 1948 614 2018 principes,
632 1948 680 2017 qui
699 1948 735 2002 ob
747 1964 845 2002 musas
856 1948 949 2001 neseio
976 1962 1031 1999 non
1055 1952 1121 2000 sunt
1143 1946 1171 2000 iu
1187 1952 1280 2001 nostra
1303 1954 1454 2017 potestate,
1477 1947 1561 2003 iacta.
1595 1949 1740 2005 Pertinent
1754 1949 1810 2006 buc

115 2049 185 2104 quas
203 2032 355 2101 moriones,
382 2033 474 2087 fatuos
492 2039 521 2087 et
538 2035 630 2090 fatuas
646 2035 675 2088 in
692 2033 799 2088 deliciis
816 2032 950 2088 habentes
977 2031 1053 2086 dicte
1069 2032 1179 2103 piorum
1196 2038 1328 2087 veterum.
1364 2033 1521 2104 Cyprianus
1539 2032 1603 2091 libr.
1623 2040 1645 2090 t.
1664 2034 1745 2106 epist.
1766 2040 1810 2091 tt:

113 2118 291 2174 matrimonio
315 2119 428 2174 eosdem
450 2120 595 2189 copulant,
618 2137 653 2175 ne
676 2120 784 2175 scilieet
808 2119 950 2175 hominum
979 2120 1012 2171 Si
1041 2120 1164 2187 serpeus
1188 2135 1372 2189 perseuerare
1405 2122 1504 2174 nolunt
1529 2122 1573 2175 eei
1600 2138 1657 2175 nou
1681 2130 1811 2191 posnani,

112 2207 228 2261 istorum
254 2204 492 2260 commiseratione
510 2207 602 2277 potius
628 2206 776 2277 dignorum
812 2206 950 2276 quemad
973 2212 1123 2274 postquam
1140 2207 1333 2269 dearcoemmt,
1349 2206 1447 2260 melina
1466 2213 1519 2270 cst,
1536 2215 1567 2261 ut
1584 2209 1700 2273 nutant,
1725 2227 1812 2278 poam

110 2292 191 2348 ludos
208 2296 239 2348 et
258 2292 339 2361 jocos
366 2289 586 2347 adhibendorum
609 2292 757 2363 progenies
783 2291 850 2362 ipsis
869 2291 950 2347 desit.
976 2299 1005 2343 ut
1035 2291 1066 2344 iu
1093 2292 1185 2359 ipnem
1213 2291 1327 2345 deliciis
1343 2292 1402 2345 saie
1432 2294 1546 2347 cadant.
1594 2293 1673 2351 Certe
1699 2296 1811 2349 neritum
1854 2308 1859 2319 ¹

111 2384 135 2435 2.
155 2378 281 2434 Furiosis
305 2378 468 2448 intemperie
487 2377 611 2433 libidinis
633 2377 745 2448 agitatis
771 2384 800 2433 et
819 2378 950 2434 membris
974 2378 1117 2441 fratribus
1139 2385 1189 2432 use
1215 2377 1359 2431 aaronitae
1378 2378 1437 2432 niis
1461 2379 1630 2433 scandalum
1644 2381 1766 2443 sursunt.
1785 2398 1810 2437 e.

111 2462 283 2537 generationi
312 2464 458 2519 destinatis
483 2464 600 2535 turpiter
625 2462 805 2518 abutentibus
833 2470 910 2519 reete
932 2481 950 2520 o
976 2462 1094 2527 Quidam
1131 2463 1196 2521 dist.
1227 2468 1269 2519 tt.
1304 2480 1339 2517 ex
1370 2464 1490 2535 August
1518 2464 1554 2520 do
1582 2464 1657 2520 bono
1684 2466 1810 2538 conjug:

111 2550 227 2605 medicis
252 2548 374 2606 exbiberi
398 2549 551 2621 pbarmaea
572 2549 710 2604 internum
736 2549 806 2604 illud
824 2548 949 2605 libidinis
977 2551 1099 2614 Qrsictam
1131 2551 1262 2605 :eredentes
1289 2557 1354 2620 pom
1369 2557 1463 2605 votum
1491 2560 1633 2619 ascerum,
1663 2552 1812 2607 adulteros

112 2636 272 2693 incendium
296 2635 483 2709 perseniae
505 2635 717 2692 exstinctionem
739 2636 948 2708 restinguenda.
975 2645 1047 2701 esse,
1069 2654 1120 2707 epo
1138 2645 1230 2691 autem
1253 2638 1318 2691 :tiae
1336 2638 1426 2703 notu,
1447 2641 1525 2707 puori
1543 2640 1667 2707 praviter
1682 2646 1810 2709 peceant,

113 2730 137 2780 t.
154 2722 184 2779 ai
213 2738 334 2795 persona
361 2722 500 2795 quaedam
531 2740 617 2779 sanae
644 2727 674 2778 et
699 2722 825 2793 integrae
848 2724 949 2779 mentis
975 2724 1026 2792 pui
1049 2724 1121 2777 talc:
1149 2724 1286 2779 diuiduum.
1317 2724 1458 2779 Posterius
1483 2724 1645 2779 Beliarmini
1663 2742 1811 2797 argumen-

111 2826 173 2867 eum
191 2826 238 2875 eo,
263 2810 311 2883 qui
329 2815 466 2882 perpetuo
488 2814 517 2865 et
535 2810 668 2866 continuo
692 2808 785 2865 furore
804 2816 949 2883 correptus
975 2814 1034 2865 tum
1053 2809 1093 2865 sie
1110 2809 1210 2865 babet:
1236 2816 1258 2865 t.
1275 2808 1347 2866 Tim.
1368 2817 1392 2866 5.
1415 2810 1525 2866 Pontus
1549 2812 1585 2863 rie
1606 2812 1715 2879 udum,
1738 2828 1812 2883 quoe

112 2902 161 2965 et,
179 2897 385 2952 matrimonium
398 2896 468 2952 inire
486 2896 562 2967 velit,
582 2896 767 2952 aCbristiano
785 2897 949 2969 magistratu
976 2896 1174 2949 continentium
1198 2904 1345 2961 coemant,
1369 2897 1410 2950 ita
1428 2898 1613 2966 pronuntiet:
1639 2898 1708 2953 turn
1730 2900 1810 2953 timu-

113 2982 141 3037 id
159 2982 274 3038 minime
289 2982 506 3053 permittendum
525 2999 600 3053 osse,
623 2983 866 3039 nenanctissimae
885 3000 949 3039 eon·
975 2984 1068 3036 riotuc
1079 2984 1195 3051 suerint
1219 2984 1250 3037 in
1276 2983 1401 3047 Obristo,
1428 2984 1529 3037 numme
1545 2984 1653 3048 uolunt,
1679 2984 1810 3039 bainus:

111 3069 182 3141 jugii
200 3068 368 3125 ordinationi
385 3086 437 3141 per
462 3069 561 3124 talium
579 3086 760 3140 personarum
777 3070 950 3141 conjunctio·
977 3069 1200 3134 clementianum,
1218 3067 1286 3137 prtia
1298 3069 1425 3137 prirrram
1437 3070 1527 3138 fidem
1545 3072 1674 3133 secenum
1689 3070 1810 3135 irruam,

114 3174 161 3212 nes
178 3156 292 3212 mucula
308 3156 404 3229 aliqua
420 3156 613 3228 adspargatur.
976 3156 1025 3208 uti
1036 3157 1210 3209 :laureantur
1220 3154 1331 3220 uiduae,
1349 3170 1421 3223 petae
1435 3156 1538 3209 nubem
1548 3156 1670 3209 volentos
1683 3156 1809 3225 priusnos

55 3240 104 3289 Μι-
146 3249 207 3300 229.
243 3242 290 3298 Ad
307 3242 508 3313 impedimenta
525 3242 692 3298 matrimonii
709 3248 838 3313 respectu
858 3243 951 3313 prali-
975 3242 1059 3305 tuam
1076 3242 1141 3295 Deo
1159 3240 1288 3295 nictelicet
1306 3242 1403 3293 :uuam
1426 3243 1462 3293 de
1479 3244 1622 3297 amanda
1640 3243 1810 3297 emotinentia

55 3296 94 3391 be,
116 3336 202 3385 latum
222 3328 314 3383 animi
324 3328 507 3385 uPontitieiis
520 3328 639 3384 reiedur
651 3330 950 3400 ootttmcoutinentiac,
976 3328 1089 3383 irritam
1102 3328 1267 3395 sociabant,
1291 3344 1347 3396 quo
1365 3328 1448 3381 modo
1469 3328 1542 3381 trum
1559 3329 1651 3383 locum
1667 3332 1704 3384 ab
1722 3331 1810 3385 omni·

119 3416 190 3487 qnod
210 3415 314 3486 duplex
332 3421 467 3485 statuunt,
484 3418 604 3487 :turpino
623 3424 649 3470 et
667 3417 789 3471 selerne.
825 3416 951 3486 Simplex
975 3416 1025 3471 bru
1052 3414 1189 3469 ueteribue
1213 3414 1283 3467 dicit
1304 3430 1365 3467 eaeo
1390 3414 1553 3483 mandunt.
1586 3414 1810 3487 Respondemus:

116 3511 205 3558 uotum
229 3502 375 3573 appellant
395 3502 604 3573 promissionem
637 3502 791 3557 coelibatus
823 3502 949 3573 perpetui
976 3502 1012 3556 de
1040 3501 1093 3557 boe
1120 3500 1195 3554 dieto
1223 3498 1374 3569 apostolico
1402 3499 1510 3570 egimus
1534 3501 1661 3571 superius
1687 3501 1811 3558 membro

116 3589 216 3645 lactem
238 3588 299 3644 Deo
321 3586 450 3659 privatim
475 3587 563 3644 libera
587 3589 731 3644 voluntate
749 3588 950 3644 excellentioris
979 3593 1001 3644 t.
1026 3586 1055 3658 ξ.
1086 3592 1144 3643 tte.
1169 3592 1198 3641 ct
1228 3586 1256 3639 in
1283 3586 1446 3655 quaestione
1470 3586 1506 3641 de
1534 3592 1600 3643 voto
1624 3588 1812 3647 continentiae
1900 3578 1903 3585 ¹

115 3676 232 3746 uieujsa
253 3672 319 3729 boni
336 3674 524 3744 (perfeetionis
541 3673 648 3729 scilieet
664 3681 693 3729 ot
711 3690 826 3744 operum
839 3689 949 3746 supere·
976 3674 1060 3729 latius
1074 3674 1248 3741 disseremus,
1267 3672 1312 3726 bie
1325 3672 1447 3728 breviter
1458 3689 1609 3740 monemus,
1628 3677 1812 3745 porprimam

115 3760 276 3834 rogationis)
301 3760 401 3831 gratia
441 3760 497 3815 Per
528 3760 599 3814 illud
628 3760 786 3815 existimant
813 3760 951 3829 impediri
976 3762 1060 3825 trinu
1079 3774 1135 3812 non
1158 3757 1275 3829 intelligi
1296 3762 1390 3812 votum
1408 3755 1536 3827 perpetui
1556 3758 1718 3827 coelibatus,
1735 3762 1812 3833 quod

114 3844 319 3904 matrimonium
339 3847 568 3913 contrabentium,
585 3862 641 3899 uon
662 3851 754 3899 autem
771 3844 872 3897 dirimi
883 3861 947 3899 con·
976 3846 1138 3917 Scripturae
1153 3858 1249 3898 suerso
1269 3843 1395 3913 ignotum
1416 3849 1466 3912 est,
1483 3844 1606 3899 neeullo
1623 3844 1718 3901 divino
1735 3864 1811 3903 man·

114 3940 241 3990 nomm.
291 3933 410 3987 Solem
442 3924 537 3985 notum
571 3930 714 4001 appellant
740 3930 949 4001 promissionem
976 3932 1043 3987 dato
1061 3929 1231 4000 rolprobato
1240 3929 1715 4000 sauctorumexemplonititur,sed
1727 3933 1812 3991 iidem

114 4019 249 4075 castitatis
280 4018 339 4074 sive
372 4022 524 4089 perpetuae
552 4034 571 4071 a
599 4017 729 4088 conjugio
765 4016 950 4072 abstinentiae
974 4018 1084 4073 Christo
1097 4016 1125 4070 in
1138 4015 1390 4087 baptismodatam,
1408 4031 1492 4086 quarn
1505 4016 1574 4071 tales
1588 4016 1691 4073 viduae
1706 4018 1810 4075 nefaris

114 4106 216 4163 noun
240 4106 269 4159 in
293 4110 445 4176 conspectu
470 4103 616 4167 eeclesiae,
641 4103 686 4158 eui
711 4120 741 4157 se
765 4120 868 4158 vovens
885 4109 949 4175 post
974 4102 1114 4158 violarunt
1133 4118 1188 4157 non
1205 4100 1318 4170 nuptiae
1336 4100 1534 4171 contrahendo,
1552 4101 1602 4156 sed
1620 4110 1717 4159 contro
1733 4104 1810 4159 Chri·

115 4208 244 4265 magnnm
269 4191 496 4247 deliberationem
520 4195 548 4247 et
574 4190 734 4245 diuturnam
756 4188 948 4260 probationem
973 4196 1047 4244 stum
1061 4186 1456 4243 luxuriandoeelaseiviondo.
1481 4186 1809 4259 Seddehacqusestions

75 4340 82 4351 Ι
113 4285 213 4350 sponte
241 4275 369 4347 subjicit,
394 4281 426 4331 ut
448 4275 501 4347 ipsi
525 4276 595 4345 Deo,
624 4281 654 4331 et
677 4276 731 4331 hoe
757 4276 818 4345 ipso
844 4278 1001 4351 stotumpin
1020 4293 1044 4334 e.
1065 4275 1100 4329 de
1126 4273 1266 4329 coelibatu
1280 4271 1407 4344 pluribus
1426 4272 1557 4330 dicemus.
1597 4274 1726 4330 Secundo
1745 4276 1809 4333 Bel-

112 4366 186 4421 ritue
222 4368 314 4417 mutat
344 4361 515 4417 adscendens
550 4361 587 4415 ab
615 4362 778 4431 imperfecto
808 4368 882 4417 stutn
910 4362 947 4415 ud
974 4362 1083 4416 termini
1112 4360 1255 4431 proposito
1273 4358 1325 4429 :sie
1353 4358 1529 4413 informatur:
1567 4361 1664 4414 Votum
1689 4359 1809 4431 :imples

113 4450 282 4522 perlectum,
309 4447 337 4501 id
358 4448 433 4519 quod
455 4454 520 4502 voto
544 4447 660 4518 simplici
684 4462 766 4502 nemo
783 4447 860 4504 iacit.
895 4448 949 4503 Per
974 4466 1031 4502 non
1054 4447 1163 4501 dirimit
1189 4446 1397 4499 matrimonium
1419 4453 1485 4515 port
1511 4448 1604 4515 s'prsum
1624 4454 1717 4501 notum
1742 4464 1808 4503 eon·

111 4536 180 4591 illud
211 4542 242 4590 ct
270 4534 491 4587 contrabendum
519 4534 724 4589 matrimonium
754 4534 896 4604 insepeliri,
919 4540 948 4589 et
974 4542 1102 4589 tractum.
1149 4532 1231 4586 Hanc
1254 4532 1355 4603 probat
1374 4550 1407 4587 ex
1425 4532 1585 4605 Augustino
1604 4532 1665 4587 libr.
1682 4532 1718 4588 de
1735 4533 1809 4589 bono

111 4627 286 4677 contractum
311 4620 412 4674 dirimi
440 4618 619 4675 arbitrantur.
669 4620 716 4675 Sio
745 4620 818 4675 enim
850 4620 948 4675 scribit
976 4620 1072 4674 viduit.
1092 4635 1151 4689 cap.
1169 4623 1193 4673 9.
1208 4623 1237 4672 et
1259 4623 1298 4673 ld.
1317 4632 1351 4672 ex
1368 4634 1392 4671 c.
1411 4617 1564 4673 Consuluit.
1578 4635 1603 4672 x.
1634 4616 1688 4681 Qui
1709 4616 1810 4677 Clerici

111 4706 297 4765 Beliarminus
314 4704 350 4759 de
370 4704 543 4760 matrimonio
561 4722 623 4774 cup.
643 4712 690 4761 21:
714 4706 804 4775 Apud
820 4705 948 4759 t'mtoti-
959 4691 963 4775 Ι
974 4705 1019 4760 rel
1036 4710 1175 4773 voventes,
1193 4710 1223 4759 et
1242 4720 1303 4774 cap.
1322 4703 1430 4761 Rursus
1447 4703 1508 4759 eod.
1527 4719 1551 4760 o.
1573 4702 1671 4758 Unico.
1691 4704 1727 4759 ds
1745 4710 1811 4761 voto

110 4814 158 4850 coe
177 4794 388 4863 (Romancnaes)
404 4806 546 4860 nauminia
558 4790 674 4844 :tatium
690 4791 756 4859 suit,
774 4792 842 4860 prin
855 4799 947 4846 uotum
958 4780 961 4797 ¹
974 4790 1003 4844 in
1015 4790 1064 4847 v1.
1083 4794 1155 4846 utet
1173 4806 1206 4843 ex
1221 4788 1274 4843 bae
1289 4788 1513 4843 ratiocinatione:
1531 4788 1697 4857 Promissio,
1715 4792 1811 4859 puetis

108 4880 296 4937 continentiae
325 4876 445 4946 :impleo
471 4877 509 4929 ait
537 4875 760 4945 impedimentum
791 4878 948 4947 impediens
974 4885 1015 4930 est
1036 4884 1129 4931 veteru:
1149 4874 1281 4943 simplas,
1308 4874 1415 4943 oblipat
1439 4874 1604 4943 euidentia
1630 4876 1809 4943 conaeicntia,

109 4964 317 5020 matrimonium
344 4963 579 5027 contrabendum,
606 4980 660 5017 nor:
691 4971 784 5018 eutem
811 4964 947 5020 ‹ttmmem
974 4970 1068 5016 tumen
1094 4979 1150 5015 non
1177 4962 1318 5025 trustefert
1344 4959 1498 5013 dominium
1523 4958 1568 5012 rei
1585 4961 1747 5029 prunetae
1772 4966 1810 5017 ab

108 5058 299 5117 contractum,-
318 5056 411 5104 ootum
427 5056 520 5103 autem
537 5048 651 5103 somnne
670 5048 709 5101 rit
721 5048 948 5119 impedimentum
974 5066 1015 5117 eo,
1034 5048 1084 5119 qui
1098 5048 1238 5118 promitit,
1255 5048 1286 5101 iu
1303 5062 1380 5111 cum,
1398 5048 1445 5100 eui
1457 5046 1603 5115 promisca
1623 5054 1679 5116 ert,
1700 5050 1765 5103 ideo
1783 5052 1811 5103 si

109 5137 268 5209 impatiens
297 5136 517 5190 mntrndendum
545 5142 572 5188 et
604 5134 739 5189 dirimeue
767 5143 947 5204 contractum,
973 5137 1014 5206 ie,
1042 5136 1093 5206 prr·
1113 5134 1262 5205 proprisit,
1292 5134 1459 5188 seutentiam
1477 5139 1563 5187 mutet
1598 5140 1625 5188 et
1644 5150 1705 5189 rem
1723 5136 1810 5189 oderi

109 5224 184 5297 qnod
202 5222 334 5277 ultimum
349 5221 403 5278 sub
420 5220 597 5278 anathemate
614 5218 758 5275 definitum
776 5229 818 5277 est
835 5222 864 5276 in
881 5240 948 5278 eon·
974 5240 1006 5277 re
1022 5224 1086 5293 ι’]ιεα
1107 5224 1208 5289 donet,
1235 5222 1287 5275 ille
1305 5221 1418 5290 quidem
1435 5226 1550 5291 peccat,
1576 5226 1669 5275 tantm
1690 5223 1810 5277 donatio

111 5310 176 5365 cilio
193 5307 361 5364 Tridentino
379 5308 501 5363 sessione
518 5312 559 5365 at.
576 5308 637 5361 ean.
651 5312 675 5361 u.
694 5305 761 5360 inda
771 5310 946 5377 postmodum
974 5308 1031 5363 eim
1047 5326 1129 5364 arsam
1146 5308 1240 5376 liutet,
1267 5306 1324 5360 nisi
1339 5305 1398 5359 talc
1415 5306 1454 5359 sit
1473 5312 1567 5360 uotrtm
1582 5306 1716 5376 simplae,
1734 5310 1812 5377 quad

111 5396 215 5452 format
233 5400 291 5449 tres
306 5391 514 5465 propositiones.
564 5396 587 5451 t.
609 5393 708 5449 Votum
726 5392 846 5461 :impiae
862 5394 948 5464 impe·
974 5392 1558 5459 bominemiustoturelipioeoeoustituot.
1586 5390 1810 5462 Respondemus:

111 5484 155 5538 dit
189 5480 403 5535 matrimonium
439 5481 670 5535 contrabendum.
730 5477 810 5533 liena
849 5481 950 5552 probat
975 5480 1049 5535 hano
1067 5478 1283 5551 propositionem
1307 5483 1413 5534 remota
1436 5476 1599 5549 appendicis
1622 5477 1714 5533 mods
1731 5494 1809 5534 acoe-

115 5568 228 5625 dnobus
253 5565 434 5639 argumentis.
477 5566 560 5623 Prius
585 5571 628 5624 est
658 5564 802 5637 eiusmodi.
851 5566 952 5623 Votum
976 5572 1098 5640 ptumus,
1116 5564 1166 5623 sed
1184 5582 1268 5637 quam
1285 5563 1440 5623 tertiolooo
1458 5562 1549 5621 eidem
1560 5561 1713 5635 subjungit,
1732 5562 1810 5620 ride·
