4020 6022
192 314 254 373 346
772 307 894 367 hOCUS
910 304 1113 367 walramus
1131 305 1301 375 omarus

192 463 293 518 statuit
312 463 343 518 in
363 466 448 519 corde
464 481 515 518 suo
527 465 630 533 firmus
641 481 697 518 non
714 464 817 518 labens
828 464 1028 527 manitatem,
1055 461 1223 530 inquinetur.
1258 462 1296 517 Et
1312 467 1424 533 postea:
1446 462 1574 518 lletiones
1585 462 1662 531 silae,
1680 463 1798 531 quando
1816 462 1891 515 adea

189 555 356 618 potestatem
375 558 467 605 auum
485 550 635 605 voluntatis
653 567 729 605 suae.
757 549 834 622 Ergo
849 555 945 622 ,petest
962 549 1029 605 inci·
1055 549 1216 621 impotentes
1235 556 1310 612 sunt,
1342 550 1434 619 ipsam
1458 549 1656 604 consciendiam
1674 546 1820 616 seueram,
1848 547 1892 599 is·

193 635 260 691 dere
292 646 403 707 tempus
433 644 461 693 et
495 653 575 692 casus
607 637 756 709 ejusmodi,
790 643 822 692 nt
848 653 948 708 parens
973 629 1029 690 non
1055 636 1226 690 uocatonem
1245 635 1368 703 turbant,
1385 634 1518 690 mercitia
1532 634 1648 704 putatis
1672 633 1890 703 imsrrumpsnt,

194 722 316 793 amplius
347 722 449 778 habeat
476 723 592 779 liberam
617 722 770 779 voluntatis
798 728 964 793 potestatem
996 722 1031 777 de
1056 719 1213 791 impediunt
1230 728 1256 774 st
1273 721 1430 785 maculam,
1459 728 1489 774 ut
1504 721 1586 776 tomo
1602 737 1659 775 ncn
1673 720 1766 790 possit
1785 720 1891 789 adaque

193 807 252 863 iilia
268 809 403 864 elocanda
416 809 460 864 rel
474 826 530 864 nou
543 810 686 874 elocanda,
705 809 754 864 sed
769 809 1029 882 quandoqueopor-
1057 805 1242 861 Mantiane
1260 806 1385 862 Domino
1416 807 1581 861 maerere.
1630 805 1771 862 Probatur
1788 805 1892 875 {summ

193 900 235 950 tet
252 894 291 948 sic
309 893 383 961 fieri,
407 900 439 949 ut
465 895 571 951 sedicet
587 895 760 951 matrimonio
783 897 919 967 jungatur
936 892 983 950 διὰ
999 894 1031 949 τὸ
1056 891 1125 948 baec
1142 892 1289 963 explicatio
1307 896 1402 948 nostra
1435 900 1458 949 1.
1482 910 1515 948 sa
1540 893 1606 963 ipsa
1631 892 1762 947 nmaluli
1777 890 1891 959 sipnifi·

196 978 374 1054 ἀσχημουεῑυ.
1057 978 1173 1033 catione.
1191 980 1351 1049 πυροῦσθαι
1368 995 1424 1033 non
1443 978 1583 1050 significat
1599 978 1741 1047 fornicari,
1763 977 1817 1033 sed
1834 977 1891 1037 uri.

230 1072 290 1123 531.
325 1065 508 1121 Bellarminus
526 1066 561 1122 ds
572 1066 698 1126 monach.
719 1083 742 1121 c.
762 1073 803 1124 ³0.
820 1067 931 1139 regerit,
948 1070 972 1121 1.
983 1081 1029 1119 ne·
1057 1066 1174 1128 ardes,
1205 1066 1351 1135 stuprare,
1393 1064 1553 1136 metaphora
1586 1064 1623 1119 ab
1653 1064 1717 1137 igne
1753 1060 1891 1134 carperali

196 1168 336 1223 prraqrsam
367 1153 404 1205 ab
429 1151 559 1222 apostolo
582 1152 681 1207 eccam
707 1153 749 1205 ad
775 1155 876 1222 nuptia
895 1169 954 1216 eos,
982 1152 1033 1222 qui
1057 1150 1247 1206 inflammante
1263 1167 1296 1206 ac
1315 1150 1480 1207 succedente
1504 1150 1630 1207 ductat.
1649 1149 1727 1205 Petri
1746 1156 1777 1212 θ,
1802 1167 1829 1204 r.
1850 1153 1890 1205 12.

198 1245 342 1292 temantur
366 1239 488 1293 stimndis
518 1238 629 1303 carnis,
666 1239 719 1292 ssd
746 1239 796 1308 qui
828 1239 1031 1294 incontinenter
1056 1238 1144 1308 Apcc.
1168 1241 1532 1308 1,r.15.cap.3.v.1e.
1566 1236 1601 1291 In
1616 1234 1819 1307 significatione
1835 1249 1892 1289 me-

196 1325 300 1394 ritant,
317 1325 401 1378 itaut
415 1325 539 1395 flapitiia
551 1341 609 1379 sese
618 1325 760 1394 pollerent.
789 1324 825 1379 Id
843 1325 917 1396 qnod
936 1330 1031 1395 postea
1056 1323 1199 1395 taphorico
1217 1331 1367 1395 usurpatur
1386 1329 1414 1379 2.
1432 1322 1494 1379 Cor.
1514 1329 1554 1389 ll,
1570 1340 1596 1375 r.
1612 1328 1659 1377 29:
1680 1321 1751 1385 Quis
1767 1321 1890 1375 mando

198 1410 237 1466 sic
256 1411 391 1482 explicat,
408 1411 507 1466 necari
534 1411 570 1464 ab
587 1411 716 1481 apostolo
735 1412 859 1465 homines
875 1413 917 1464 ad
933 1412 1030 1465 matri·
1057 1408 1166 1479 lemur,
1184 1417 1210 1464 et
1226 1426 1277 1480 epo
1295 1428 1351 1465 non
1363 1428 1441 1478 uror,
1459 1409 1495 1464 ob
1512 1408 1655 1464 ardentem
1671 1406 1779 1465 scilicet
1798 1405 1890 1460 zelum

197 1498 321 1553 monium
352 1517 408 1554 non
443 1498 477 1552 ol
499 1499 663 1552 tentationes
686 1498 744 1552 sine
768 1515 892 1568 sensum,
922 1499 974 1552 ssd
997 1497 1030 1551 ob
1057 1495 1163 1566 gloriae
1176 1494 1295 1565 divinae,
1314 1513 1369 1568 quo
1379 1495 1570 1551 accommodat
1581 1492 1733 1567 Gregorius
1741 1492 1836 1548 homil.
1849 1497 1890 1548 tt.

85 1592 141 1636 xtt.
153 1591 186 1638 tt
199 1601 361 1640 consensum
376 1583 512 1654 libidinis,
529 1592 555 1639 et
567 1602 622 1656 per
639 1585 773 1638 unionem
790 1603 846 1640 non
857 1585 1030 1652 tentationes,
1056 1581 1086 1635 in
1105 1581 1206 1637 Erech.
1224 1581 1329 1637 iactum
1340 1582 1541 1653 propheticum,
1560 1581 1635 1654 quod
1647 1578 1779 1635 Ezechiel
1789 1595 1852 1649 cap.
1865 1584 1889 1633 i
1947 1645 1954 1660 '

199 1673 252 1725 sed
269 1671 498 1726 incontinentiam
515 1679 543 1726 et
556 1670 672 1742 stapitia
689 1672 818 1742 intelligi,
835 1678 867 1725 ut
877 1672 915 1725 eit
925 1688 1029 1734 sensus,
1053 1667 1169 1738 jubetur
1183 1685 1292 1723 sumere
1311 1669 1483 1739 sartapincm
1494 1671 1626 1736 ferream
1645 1675 1672 1721 et
1682 1681 1790 1737 ponere
1808 1665 1891 1718 silaus

198 1757 250 1826 qui
267 1758 378 1812 omnino
397 1759 519 1812 messuit
545 1765 596 1811 aut
612 1758 764 1823 fornicari,
791 1765 841 1813 aut
859 1757 974 1826 nubere,
1005 1757 1031 1810 ie
1057 1755 1149 1808 instar
1167 1756 1484 1818 muriscrreiinterse
1502 1755 1683 1809 uicinitatem
1702 1752 1843 1825 depictam
1859 1751 1891 1804 in

198 1842 264 1897 dene
275 1843 357 1913 facit,
375 1843 403 1897 si
419 1843 518 1911 natm,
545 1843 613 1913 puie
636 1844 736 1898 melius
759 1851 799 1897 est
826 1844 927 1898 nubere
947 1861 1030 1914 qnam
1057 1840 1147 1894 latere
1163 1848 1190 1895 et
1208 1842 1357 1905 obfirmare
1374 1840 1480 1906 faciem
1495 1858 1576 1895 stiam
1588 1842 1723 1893 adseram
1740 1837 1890 1892 cicitm.

196 1929 259 1997 uri,
284 1930 318 1983 id
334 1936 376 1983 est
395 1930 547 1993 fornicari.
584 1929 813 2001 Respondemus:
831 1929 886 1987 Per
905 1929 1031 2001 πύρωσιν
1056 1926 1139 1995 Ipse,
1157 1926 1262 1998 inquit,
1284 1928 1430 1997 apostolus
1448 1944 1528 1981 nsum
1547 1944 1611 1990 cor,
1636 1926 1714 1995 quod
1730 1923 1891 1978 aninrarum

90 2010 93 2015 ’
197 2030 253 2070 non
273 2014 385 2080 quidem
404 2014 536 2086 intelligit
553 2015 694 2084 apostolus
707 2014 810 2086 primos
825 2015 985 2072 tentationis
997 2032 1031 2071 sc
1055 2013 1113 2068 telo
1131 2015 1327 2082 succenderat,
1349 2014 1522 2082 sertapinem
1534 2016 1657 2083 jecerat,
1673 2011 1704 2066 in
1723 2028 1779 2080 pue
1795 2026 1892 2065 amore

197 2100 389 2156 solicitationis
414 2100 451 2155 ad
476 2099 620 2156 libidinem
642 2106 747 2165 motus,
774 2101 822 2173 qui
847 2102 975 2173 precibus
998 2117 1031 2157 ac
1056 2098 1168 2152 virtutis
1188 2107 1287 2154 corstra
1305 2100 1375 2153 uitia
1394 2100 1521 2155 ardebat.
1566 2096 1667 2170 Ephes.
1686 2102 1715 2163 6,
1740 2113 1766 2153 ν.
1785 2101 1824 2153 lb.
1841 2094 1891 2151 Sa·

196 2186 273 2240 lucta
303 2186 435 2241 adversus
465 2202 576 2241 carnem
602 2186 678 2241 facili
709 2189 821 2259 negotio
849 2189 973 2259 superari
996 2204 1030 2243 ac
1056 2189 1138 2240 tanae
1150 2185 1316 2241 tentationes
1329 2183 1507 2240 vocanturrir
1519 2187 1585 2254 etin
1605 2186 1805 2258 πεπυρωμένα,
1823 2181 1890 2253 quia

197 2272 309 2344 reprimi
323 2279 453 2344 possunt,
476 2288 567 2344 neque
590 2278 684 2328 tamen
709 2273 840 2346 intelligit
862 2274 923 2329 illas
941 2278 1030 2330 tenta·
1057 2271 1164 2327 scilicet
1186 2271 1305 2326 animam
1327 2271 1487 2337 vulnerant,
1511 2271 1604 2343 ignem
1627 2269 1786 2326 interiorem
1808 2269 1839 2322 in
1857 2284 1892 2323 ea

198 2359 302 2421 tiones,
345 2374 417 2431 quae
451 2357 590 2414 bominem
627 2360 742 2415 vincunt
772 2368 802 2417 et
836 2361 866 2415 in
903 2366 1030 2417 externos
1056 2358 1177 2413 excitant
1197 2365 1225 2413 et
1247 2358 1283 2413 ad
1303 2359 1406 2414 malum
1425 2358 1607 2414 inflammant
1644 2358 1746 2415 Pecus
1766 2362 1788 2414 1.
1810 2355 1891 2426 epist

198 2444 293 2515 lapsus
311 2444 511 2515 praecipitant,
531 2444 579 2500 sed
597 2445 719 2500 medinm
737 2446 849 2517 aliquod
869 2446 1030 2502 tentationis
1056 2449 1081 2512 t,
1101 2461 1128 2500 v.
1148 2450 1188 2501 12.
1211 2443 1403 2501 tribulationes
1423 2461 1460 2501 'ac
1477 2443 1681 2517 persecutiones
1704 2447 1788 2498 vocat
1799 2438 1892 2515 sipu-

123 2598 125 2603 ⁴
198 2546 295 2602 genus,
313 2529 443 2586 videlicet
460 2531 593 2602 impetum
605 2548 639 2586 ac
650 2531 852 2588 vehementiam
870 2531 1029 2603 effeceram,
1056 2546 1111 2585 σιυ.
1156 2528 1197 2586 Ut
1225 2531 1298 2586 enim
1320 2536 1414 2587 aesnrs
1428 2532 1545 2604 corpori,
1570 2532 1610 2587 ita
1635 2529 1829 2586 tribulationes
1855 2545 1891 2584 ac

199 2616 247 2689 qui
274 2633 329 2671 non
355 2616 384 2671 in
406 2616 553 2689 superficie
579 2624 686 2674 tautum
718 2624 847 2691 pungunt
868 2634 902 2674 ac
933 2618 1031 2673 leviter
1055 2617 1260 2687 persecutiones
1292 2617 1369 2673 carni
1398 2622 1464 2672 sunt
1490 2616 1635 2686 molestam
1658 2620 1691 2672 ut
1718 2632 1819 2670 aurum
1845 2631 1891 2670 ex·

199 2701 291 2757 excuti
309 2709 434 2774 possunt,
452 2703 501 2758 sed
512 2704 590 2775 quasi
610 2705 737 2760 incendio
749 2705 869 2777 quodam
886 2720 934 2761 cor
948 2722 1030 2775 pene·
1054 2701 1178 2772 ploratur
1195 2703 1370 2775 perignem,
1387 2705 1427 2758 sic
1443 2703 1514 2759 fides
1532 2720 1582 2774 per
1598 2719 1709 2759 crucem
1724 2706 1754 2758 et
1772 2702 1890 2758 tribula·

196 2794 285 2858 trant,
314 2789 437 2844 adurunt
459 2806 492 2844 ac
517 2791 736 2862 depopulantur,
768 2792 797 2847 id
827 2797 870 2848 est
888 2792 1030 2847 interiores
1055 2788 1166 2857 tionem,
1176 2805 1259 2860 quam
1270 2789 1404 2845 rationem
1413 2789 1572 2862 suppeditat
1587 2789 1647 2861 ipss
1659 2790 1759 2844 Petrus
1773 2793 1796 2844 Ι.
1810 2788 1891 2859 epiet-
1902 2808 1988 2852 ιιιιι

197 2873 322 2930 flammas
343 2881 372 2931 et
394 2874 522 2933 incendia
540 2876 676 2948 libidinis,
702 2877 814 2949 quando
836 2883 869 2934 ut
886 2877 973 2935 Polite
991 2878 1031 2934 lo·
1059 2880 1087 2944 l,
1113 2892 1139 2928 v.
1160 2881 1185 2931 t.
1201 2874 1286 2931 Lxx
1309 2880 1427 2931 utuntur
1449 2893 1500 2948 pro
1516 2876 1592 2949 mit.
1608 2875 1683 2942 quod
1710 2879 1753 2930 est
1769 2875 1890 2929 ποισὶὶο

197 2961 306 3033 quitur:
1056 2962 1117 3030 ipni
1132 2978 1227 3033 urere,
1256 2978 1422 3033 recoquere,
1446 2963 1569 3032 probare
1588 2978 1622 3017 ac
1646 2960 1834 3033 metaphorice
1851 2960 1890 3017 sd

234 3066 394 3121 gamm,
408 3067 529 3135 flamma
547 3069 696 3126 mm·
1057 3048 1272 3119 explorationem
1301 3066 1352 3120 per
1379 3065 1475 3105 cruces
1511 3054 1539 3105 et
1569 3047 1741 3104 cahmitates
1770 3047 1890 3103 retertur

197 3169 282 3225 Im:
995 3208 999 3213 υ
1057 3133 1159 3192 Psalm.
1178 3141 1226 3206 26,
1243 3153 1270 3192 v.
1291 3141 1315 3193 2.
1332 3134 1436 3190 Psalm.
1455 3141 1496 3199 66,
1515 3153 1540 3189 v.
1562 3140 1603 3192 10.
1622 3134 1684 3191 der.
1703 3140 1729 3199 ll,
1746 3152 1771 3188 v.
1793 3140 1818 3189 t.
1837 3140 1888 3191 etc

1056 3219 1215 3293 Usurpatur
1241 3223 1325 3278 etiam
1349 3224 1509 3293 πυροῦσθαι
1540 3238 1591 3293 pro
1609 3237 1655 3291 eo,
1679 3221 1755 3293 quod
1775 3225 1821 3276 est
1843 3222 1892 3274 ira

1055 3308 1188 3362 succendi
1200 3315 1227 3361 et
1238 3309 1370 3379 stuprare
1389 3313 1413 3364 2.
1431 3308 1520 3365 Mace.
1541 3314 1572 3376 l,
1590 3326 1616 3364 v.
1635 3312 1677 3364 ³8.
1696 3324 1719 3364 c.
1741 3312 1781 3372 10,
1801 3324 1828 3364 r.
1847 3311 1890 3363 et.

1055 3411 1079 3449 c.
1103 3400 1142 3458 lt,
1160 3412 1187 3449 r.
1205 3401 1248 3451 tt.
1266 3410 1300 3449 ex
1318 3394 1419 3466 quibus
1439 3394 1567 3449 omnibns
1586 3398 1705 3458 consmt,
1725 3396 1889 3467 πυροῦσθαι

200 3478 351 3534 Annotabo
369 3478 421 3534 bac
439 3479 475 3533 de
494 3496 524 3535 re
547 3478 638 3535 locum
656 3479 798 3552 egregium
821 3496 854 3536 ex
871 3480 1030 3538 Obemnicio
1056 3480 1087 3535 in
1103 3486 1182 3535 textu
1201 3480 1352 3551 apostolico
1371 3499 1427 3536 uon
1447 3496 1508 3536 esse
1528 3479 1668 3550 fornicari,
1685 3479 1735 3535 sed
1753 3479 1890 3536 interiori-

200 3570 271 3635 part
291 3570 316 3620 3.
333 3581 421 3620 exam.
439 3564 474 3618 de
490 3566 602 3636 conjug.
620 3570 648 3620 et
664 3564 761 3622 coelib.
776 3583 800 3623 c.
817 3573 842 3625 4.
860 3585 886 3639 p.
899 3573 946 3624 et:
964 3569 1030 3623 Non
1057 3567 1110 3621 bns
1129 3566 1331 3637 impetuosioris
1350 3565 1589 3638 concupiscentiae
1607 3564 1725 3622 flammis
1745 3566 1796 3633 uri,
1815 3566 1891 3622 unde

198 3651 294 3706 metim
313 3651 423 3716 uritur,
446 3651 497 3721 qui
515 3652 639 3706 calorem
656 3653 752 3718 sentit,
781 3656 834 3708 sed
863 3656 976 3724 wando
1000 3655 1029 3708 in
1057 3652 1144 3725 Syrus
1170 3651 1293 3707 reddidit
1325 3652 1431 3728 &3373
1461 3652 1561 3719 Ἰιῖιιη,
1582 3653 1631 3707 uri
1653 3652 1891 3723 concupiscentem

198 3739 257 3793 cs'ta
274 3738 378 3793 eoelide
395 3738 567 3794 titillationis
584 3741 826 3808 concupiscentiae
848 3742 955 3796 acalcie
972 3742 1031 3796 suis
1058 3739 1174 3796 Incendi
1193 3738 1279 3811 igitur
1297 3744 1326 3793 et
1342 3739 1386 3793 uri
1404 3739 1550 3807 deantur,
1576 3739 1624 3810 qui
1648 3738 1747 3795 ardore
1766 3738 1890 3796 libidinis
1939 3762 1956 3801 ο

198 3833 225 3880 te
247 3831 377 3895 punpunt
403 3831 430 3889 et
455 3833 563 3879 aestum
582 3826 705 3897 aliquem
727 3827 830 3898 sentis,
855 3846 912 3883 non
936 3830 1032 3883 statim
1058 3826 1275 3891 inflammantur,
1300 3826 1366 3881 lieet
1382 3840 1437 3879 uon
1460 3826 1609 3880 vincantur
1622 3825 1659 3882 ab
1678 3825 1892 3897 intemperantia

200 3912 346 3977 welamss,
363 3919 389 3966 te
405 3913 459 3980 uri,
478 3914 530 3967 sed
547 3914 712 3985 dilipentia,
731 3923 847 3983 conatu,
864 3915 948 3981 lucta,
966 3925 1030 3970 tem·
1058 3913 1133 3969 etin
1151 3911 1253 3968 delicta
1271 3918 1384 3967 externa
1401 3929 1462 3968 sese
1481 3912 1680 3983 praecipitent,
1698 3913 1770 3969 deut
1786 3912 1891 3969 ferrum

198 3999 332 4069 pmanna
348 4006 374 4052 et
391 3999 519 4053 oratione
534 3999 651 4064 fortier
669 4016 815 4072 repnpner,
834 4002 961 4057 timorem
973 4004 1033 4057 Dei
1059 3999 1161 4054 dicitur
1179 4003 1355 4071 πυροῦσθαι,
1378 3998 1490 4070 quando
1508 3997 1641 4071 ignescit,
1668 3998 1735 4054 licet
1752 3998 1818 4071 igne
1835 4014 1890 4053 nen

201 4093 228 4139 et
243 4101 368 4140 amorem
384 4100 466 4138 uerae
482 4086 642 4155 padicitiae
656 4103 792 4157 opponas,
810 4089 938 4158 impuras
959 4090 1031 4158 copi·
1058 4090 1244 4142 consumatur.
1288 4085 1334 4141 Sic
1359 4084 1438 4139 multi
1462 4084 1576 4141 internis
1602 4085 1723 4158 flagrant
1746 4085 1888 4154 incendiis,

201 4172 321 4227 tationes
332 4172 498 4241 praedece,
516 4180 612 4242 turpes
630 4180 718 4227 monn
734 4174 889 4244 reprimas,
909 4176 1032 4230 occasio·
1059 4173 1123 4228 licet
1152 4172 1187 4227 ab
1218 4177 1283 4227 actu
1309 4170 1484 4226 scortationis
1511 4171 1556 4226 vel
1575 4171 1729 4243 occasione,
1752 4171 1797 4227 vel
1815 4177 1889 4228 metu

202 4274 251 4313 nea
273 4258 343 4311 uites
365 4266 391 4312 et
417 4257 502 4312 robur
525 4260 676 4314 emittendi
701 4279 721 4314 a
744 4261 869 4315 Domino
892 4262 944 4315 tibi
967 4262 1034 4316 dari
1045 4257 1242 4325 incitabantur.
1282 4261 1307 4315 2.
1332 4260 1379 4312 Ea
1397 4257 1517 4311 ustionis
1540 4274 1559 4309 a
1579 4257 1771 4323 fornicatione
1790 4259 1889 4313 dietim

198 4353 289 4415 petae
319 4344 427 4408 Quodn
441 4349 492 4399 lac
510 4345 660 4413 dilipentia
671 4347 805 4415 flammae
824 4347 954 4402 libidinis
966 4334 1157 4425 pos-'ctione
1198 4344 1280 4401 Ustio
1303 4352 1345 4400 est
1370 4344 1478 4399 interna
1506 4343 1746 4414 concupiscentiae
1763 4342 1889 4407 flammat

202 4438 266 4485 nint
280 4430 414 4501 reprimi,
428 4430 531 4502 emelii
546 4432 590 4485 uel
608 4434 759 4502 restinpui,
779 4437 902 4488 nondum
920 4435 1034 4488 laboras
1059 4430 1203 4486 fornicatio
1234 4437 1276 4487 est
1304 4430 1379 4484 illius
1405 4430 1531 4485 flammae
1555 4429 1658 4493 taeter,
1689 4435 1769 4484 actus
1797 4430 1836 4485 ab
1857 4445 1910 4495 es,

202 4519 319 4586 ustione,
336 4519 389 4570 sed
405 4516 456 4570 lroc
474 4517 566 4585 ipsum
579 4519 940 4587 eetdonumcontinentiae,
957 4523 1034 4592 quod
1060 4534 1199 4574 emanans.
1238 4517 1390 4588 Apostolus
1415 4533 1470 4571 non
1496 4521 1604 4570 tantum
1628 4521 1741 4585 propter
1763 4515 1888 4580 fornica·

203 4618 237 4657 ea
256 4603 408 4672 dilipentia
424 4603 455 4657 in
475 4603 552 4657 lucta
572 4621 592 4657 ο
604 4606 763 4674 petentibus
781 4607 935 4678 accipitur,
955 4625 1034 4663 eccu-
1059 4606 1170 4674 tionem,
1190 4604 1296 4660 scilicet
1316 4603 1477 4673 cavendam,
1496 4603 1564 4667 vult,
1582 4602 1708 4674 quemvis
1726 4601 1814 4667 (dono
1826 4618 1888 4657 con·

203 4690 329 4758 scitatur,
349 4689 485 4743 accolitur
503 4697 529 4743 st
546 4699 734 4746 conserentur.
771 4693 806 4748 Si
822 4710 887 4749 cero
900 4691 1190 4783 flammamtiuentiae
1206 4708 1261 4747 non
1279 4691 1453 4758 instructum)
1471 4691 1572 4745 tatere
1594 4706 1708 4743 uuorem
1723 4706 1818 4753 nram,
1842 4688 1889 4745 ubi

202 4774 333 4831 libidinis
353 4783 410 4829 tam
427 4784 492 4830 sunt
508 4778 654 4845 ardentes,
681 4784 711 4831 ut
741 4779 795 4833 bac
820 4780 969 4849 dilipentia
989 4781 1034 4837 cel
1057 4778 1217 4843 notandum,
1236 4777 1312 4850 loqui
1330 4776 1485 4848 apostolum
1504 4778 1534 4831 in
1547 4776 1664 4846 plurali
1684 4773 1733 4830 διὰ
1757 4775 1805 4837 ric
1822 4795 1887 4846 πορ-

202 4862 330 4934 reprimi,
347 4863 391 4917 cel
406 4864 558 4933 restinpui,
579 4864 622 4918 uel
642 4865 746 4935 repelli
762 4885 817 4921 non
831 4868 957 4936 possint,
982 4871 1034 4923 sed
1045 4818 1048 4909 l
1059 4869 1135 4926 υιίυς
1152 4863 1188 4918 ad
1207 4863 1395 4920 denotandum
1419 4861 1535 4934 quodvis
1553 4861 1672 4929 ,illicitae
1690 4860 1889 4916 commixtionis

201 4949 285 5003 initio
303 4956 465 5020 penetrent,
491 4951 659 5004 voluntatem
684 4960 831 5022 occupent,
856 4971 906 5008 cor
924 4954 1032 5022 inflam-
1060 4966 1147 5021 genus
1162 4956 1190 5006 et
1208 4949 1333 5021 quamvis
1359 4944 1536 5003 libidinosam
1554 4947 1676 5018 corporis
1701 4945 1890 5019 pollutionem,

202 5042 288 5103 ment,
319 5035 499 5104 capitationes
529 5037 675 5107 abrs'piant
702 5046 729 5092 et
747 5046 834 5093 totum
860 5056 964 5109 corpus
991 5035 1108 5109 in-jaed
1128 5035 1212 5090 etiam
1230 5040 1344 5106 propter
1362 5037 1498 5089 ustionem
1518 5033 1581 5105 illis,
1599 5032 1646 5104 qui
1666 5049 1721 5088 non
1740 5033 1891 5101 continent,

203 5123 330 5189 cendant,
350 5129 381 5175 ut
398 5137 448 5175 cor
464 5123 508 5177 uel
529 5124 617 5192 pleno
637 5140 767 5194 maenaa,
784 5125 829 5178 uel
846 5140 927 5179 coeco
947 5133 972 5179 et
991 5127 1033 5180 in·
1045 5112 1049 5171 ἕ
1059 5122 1212 5178 remedium
1225 5121 1349 5193 conjugii
1359 5119 1522 5192 praescribit
1534 5138 1560 5175 r.
1569 5125 1592 5176 9.
1608 5119 1686 5191 atqui
1694 5118 1719 5173 si
1731 5120 1891 5194 πυροῦσθαι

202 5209 295 5278 quiete
313 5207 419 5276 impetu
437 5207 566 5262 libidinis
577 5217 684 5264 cernet
696 5217 721 5263 et
738 5212 849 5279 ardeat,
860 5218 918 5264 tum
929 5218 1034 5265 certum
1059 5207 1132 5264 idem
1150 5207 1225 5280 quod
1243 5207 1389 5273 fomicari‚
1417 5225 1466 5263 cur
1483 5207 1624 5279 spostolus
1644 5204 1771 5281 πῦροισιυ
1788 5221 1807 5261 a
1824 5227 1891 5281 πορ-

204 5302 251 5363 est,
269 5301 296 5348 te
314 5311 371 5347 non
388 5292 490 5347 tabere
506 5296 608 5349 donum
628 5296 823 5354 continentiae.
867 5298 909 5351 Et
925 5299 976 5352 noc
994 5304 1034 5351 ert
1059 5300 1120 5363 νείρ
1140 5293 1330 5350 distinxisset?
1371 5297 1398 5349 3.
1420 5296 1466 5347 lia
1487 5294 1628 5347 castitatis
1652 5292 1804 5361 sirpinalis
1823 5295 1892 5359 deti·

202 5381 277 5435 aetio
293 5396 343 5435 seu
361 5381 478 5435 tentatie
501 5382 556 5436 ille
575 5383 699 5438 Sciam
723 5401 776 5456 per
797 5384 1033 5452 incontinentiam,
1060 5381 1172 5436 nitione.
1203 5380 1291 5453 virgo
1301 5386 1389 5449 curat,
1404 5386 1436 5433 ut
1454 5378 1490 5434 sit
1500 5386 1598 5433 sancta
1611 5394 1729 5448 corpore
1749 5386 1774 5432 et
1788 5381 1894 5448 spiritu

203 5482 288 5536 mam
306 5467 417 5522 Paulus
433 5467 558 5522 remedio
578 5469 705 5538 coniupii
730 5472 957 5540 restinpuendam
975 5486 1034 5525 esre
1059 5485 1086 5526 v.
1106 5473 1147 5524 tt.
1174 5484 1242 5540 ergo
1266 5482 1321 5521 non
1345 5465 1435 5520 solum
1455 5481 1554 5533 corpus
1579 5480 1596 5519 a
1622 5462 1819 5533 fornicatione,
1844 5466 1895 5521 sed

205 5554 293 5620 docet,
303 5570 338 5609 se
353 5554 510 5627 eelcorpns
522 5553 723 5627 fornicatione,
733 5557 779 5611 cel
789 5556 907 5627 spir-stus
923 5556 1033 5612 uetiam
1060 5554 1144 5612 etism
1169 5553 1295 5627 spiritum
1320 5551 1356 5607 ab
1378 5552 1487 5607 ustione
1510 5551 1657 5606 immunem
1687 5566 1748 5607 esse
1775 5555 1898 5625 oportet,

237 3270 345 3327 Vulnue
361 3272 414 3327 alit
428 3273 506 3328 nmis
525 3280 551 3329 et
567 3290 648 3328 coeco
670 3274 800 3345 carpitur
818 3273 886 3343 ipni,

236 3358 350 3428 Quoque
361 3359 452 3428 mapr's
464 3360 612 3428 premitur,
630 3367 707 3414 tanto
724 3361 816 3429 mapis
826 3369 936 3415 aestuat
947 3361 1030 3429 ipnis.
