4020 6022
811 326 862 383 ΒΕ
883 326 1082 387 confflem.
1731 332 1792 391 233

95 486 211 537 externa
230 480 403 537 confessione
421 481 555 539 ecelesiae
579 482 748 539 Israiilitieae
769 488 849 539 erant
868 500 932 539 oon-
961 485 1125 556 depensans
1143 493 1267 541 cessante
1288 484 1416 555 pericula
1439 494 1465 539 st
1488 487 1567 553 jsssta
1591 502 1677 539 cauea
1695 484 1728 537 iri
1740 498 1793 552 po·

91 568 200 639 juncti,
219 566 345 640 quamuis
364 567 435 622 inter
455 568 596 624 Isratlitas
613 587 668 624 non
685 569 859 638 habitarent,
879 584 931 623 nee
943 596 948 637 ς.
960 572 1089 625 stuiante.
1110 571 1333 641 Respondemus:
1357 581 1378 627 l.
1396 572 1427 628 Si
1447 589 1480 627 ex
1496 570 1581 626 serbo
1600 570 1653 625 Dei
1675 567 1792 624 effieaei·

95 655 173 726 leges
192 654 316 710 forenses
337 660 367 708 et
384 656 580 711 eeremonisles
602 673 697 711 omnes
714 662 869 722 servarent3
887 650 1002 719 veliter
1024 658 1175 730 probatur,
1201 675 1256 713 non
1282 658 1363 713 linere
1386 658 1464 713 fideli
1483 675 1546 713 eum
1578 656 1680 713 infideli
1700 653 1793 710 matri·

95 742 263 815 intelligitur
275 742 310 797 de
328 742 393 811 illis,
413 743 460 814 qui
474 759 526 798 neo
539 743 670 800 interiore
684 742 865 812 confessione,
879 759 930 797 nee
960 744 1082 798 monium
1106 743 1275 809 contrahere,
1295 761 1352 799 non
1365 744 1467 815 poterit
1480 742 1603 814 pontifex
1624 742 1792 812 dispensare,

95 828 224 883 exteriori
249 828 453 884 cohabitatione
480 828 651 885 Israiilitieae
687 830 821 885 eeclesiae
854 828 931 884 fuere
958 834 991 881 ut
1030 828 1121 883 fidelis
1159 846 1221 883 oum
1258 828 1361 885 infideli
1397 828 1600 885 matrimonium
1638 826 1790 883 coenabat
1820 830 1823 835 '

94 915 244 986 oonjnneti.
287 915 329 969 De
353 914 552 985 posterioribus
579 932 634 971 non
661 916 714 970 nisi
734 915 932 971 absrudissime
959 915 1014 969 Sed
1034 915 1110 985 prius
1128 920 1270 987 praestare
1288 922 1404 969 conatus
1419 914 1654 971 estBellarminus
1671 930 1750 985 prop.
1768 918 1792 969 l.

94 1002 210 1065 dieitur,
236 1001 311 1074 quod
334 1017 391 1055 non
417 1000 521 1055 fierint
544 1006 622 1056 extra
644 1003 788 1058 eeclesiam
804 1002 859 1057 Dei
881 1018 932 1072 por
958 1016 990 1055 ax
1009 1000 1092 1057 Dent.
1113 1008 1138 1057 l.
1167 1000 1338 1073 1.Reg.11.
1370 1007 1390 1056 l.
1409 1000 1470 1057 Cor.
1489 1010 1514 1059 l.
1541 1007 1565 1057 2.
1585 1001 1646 1056 (lor.
1666 1006 1689 1055 7.
1708 1016 1792 1071 agno

93 1088 254 1155 hoesolum,
274 1086 542 1159 qnodadpopulum
559 1086 646 1143 Israiil
664 1089 931 1161 nonpertinuerint3
957 1094 1017 1142 seat
1049 1102 1117 1159 ergo
1151 1087 1297 1159 posterius.
1346 1087 1485 1143 Connexio
1514 1086 1625 1159 maJ'oris
1651 1086 1792 1157 probatur,

94 1174 131 1231 de
148 1174 286 1245 prioribus
309 1173 332 1226 si
350 1171 534 1228 Bellarminus
553 1175 689 1246 loquitur,
713 1184 860 1248 agnoscat,
884 1193 930 1230 eos
957 1173 1023 1245 quia
1039 1174 1164 1238 inferior
1189 1192 1246 1229 non
1268 1181 1360 1245 potest
1386 1175 1552 1244 dimensam
1577 1180 1675 1227 eontra
1703 1175 1791 1243 tapam

94 1261 201 1317 ratione
224 1259 361 1315 interioris
371 1258 437 1315 fidei
451 1266 479 1315 et
495 1259 637 1315 exterioris
652 1262 831 1317 consessionis
843 1261 930 1317 fuisse
957 1260 1125 1332 asperioris.
1171 1264 1197 1316 2.
1224 1262 1259 1316 ss·
1285 1260 1411 1330 infidelis
1443 1278 1497 1315 ιιοιι
1518 1268 1558 1313 rst
1583 1277 1675 1332 capae
1704 1259 1791 1311 allius

95 1346 267 1402 Ismiilitieae
303 1345 436 1401 ecelesiae
473 1347 648 1417 conjunctos,
696 1336 822 1418 quamvis
860 1348 931 1402 inter
956 1348 1140 1411 sacramenti,
1163 1347 1237 1419 quod
1268 1347 1297 1401 in
1320 1363 1398 1418 prop.
1422 1352 1447 1403 3.
1471 1346 1656 1401 Bellarminus
1686 1344 1790 1411 asserit,

95 1432 238 1486 leraiilitas
259 1448 315 1485 non
335 1430 534 1501 habitaverint,
558 1450 610 1488 nee
637 1434 706 1487 ritus
725 1450 818 1487 eorum
836 1450 930 1487 omnes
957 1431 1094 1504 quomodo
1118 1433 1242 1504 pontifex
1264 1433 1425 1503 dispensare
1442 1438 1547 1503 potest,
1574 1440 1604 1485 nt
1627 1431 1717 1487 fidelis
1735 1446 1791 1483 ma-

95 1517 279 1573 exereuerint.
321 1517 521 1572 Substantialia
538 1517 679 1590 religionis
706 1518 874 1574 Israiilitieae
903 1524 931 1573 et
956 1518 1115 1573 trimonium
1132 1518 1353 1573 eoutrahateum
1366 1518 1491 1573 infideli?
1510 1536 1575 1572 num
1588 1516 1792 1571 matrimonium

94 1601 271 1658 Christianae
294 1608 358 1657 sunt
376 1602 473 1657 eadem
499 1604 527 1657 in
550 1604 584 1658 V.
611 1621 644 1658 ae
668 1604 702 1659 N.
723 1604 755 1657 T.
783 1605 849 1675 quia
874 1622 930 1657 serra
956 1610 1022 1659 nine
1051 1611 1254 1659 sacramentum
1285 1622 1345 1659 esse
1372 1605 1487 1669 desinit,
1516 1622 1552 1659 an
1578 1621 1643 1659 vero
1666 1602 1791 1674 pontifex

87 1689 174 1757 fides,
193 1707 250 1742 rena
270 1689 485 1754 ecclesiastaes
503 1690 640 1743 dominns.
668 1689 744 1761 Ergo
757 1695 788 1743 ut
808 1690 836 1743 in
848 1688 881 1745 N.
894 1689 928 1745 T.
956 1690 1039 1743 etiam
1065 1691 1225 1761 dispensare
1242 1698 1347 1762 potest,
1374 1700 1407 1745 ιιι
1426 1691 1545 1746 infidelis
1563 1690 1732 1760 baptismum
1748 1690 1791 1744 vel

94 1774 144 1846 qui
170 1774 318 1829 Christiani
348 1793 404 1830 non
432 1782 509 1839 sunt,
546 1775 657 1845 aDe0‚
684 1774 802 1830 eeclesia
823 1780 852 1829 et
870 1776 931 1830 reli·
956 1776 1149 1831 eucharistiam
1165 1776 1305 1845 resipiat?
1346 1786 1369 1831 3.
1389 1777 1624 1833 antichristianus
1642 1781 1684 1831 est
1700 1776 1790 1831 fastus

95 1861 180 1933 gione
198 1862 292 1917 divine
309 1862 392 1918 alieni
411 1868 483 1932 sunt,
500 1862 540 1917 sie
557 1862 618 1932 pari
638 1862 720 1917 modo
736 1861 767 1916 in
783 1861 817 1919 V.
829 1863 862 1915 Τ,
882 1861 930 1934 qui
956 1862 1004 1917 ille
1021 1863 1169 1933 pontificis,
1190 1879 1273 1934 quem
1291 1863 1476 1918 Bellarminns
1489 1864 1542 1917 hoo
1560 1864 1620 1917 loeo
1638 1861 1790 1927 confirmat,

95 1948 242 2002 lsrailitae
269 1966 323 2002 non
350 1948 476 2013 fuerunt,
499 1947 564 2004 fidei
583 1948 689 2004 scilieet
708 1953 736 2004 et
752 1948 930 2004 confessionis
956 1950 1031 2020 qaod
1049 1958 1149 2003 naama
1166 1952 1256 2020 ipsium
1273 1950 1498 2019 apostoliPaali
1511 1957 1662 2019 praesepta
1680 1950 1790 2017 dispen-

96 2039 239 2104 respeetn,
262 2033 358 2088 itidem
378 2034 481 2097 aneo,
504 2034 623 2089 ecelesia
639 2040 668 2089 et
687 2034 819 2107 religione
837 2035 931 2089 divina
955 2053 1020 2089 sare
1028 2037 1125 2105 possit.
1149 2036 1236 2101 Quam
1246 2037 1342 2107 proeul
1352 2036 1432 2091 abest
1443 2034 1627 2091 Bellarminus
1640 2052 1657 2090 a
1669 2052 1789 2105 pronun·

95 2118 179 2176 alieni
205 2125 270 2174 sunt
288 2119 442 2191 jndieandi.
483 2120 661 2201 &ponique
684 2122 844 2192 conjupium
871 2137 929 2175 esse
956 2121 1031 2176 tiatie
1044 2121 1097 2175 illis
1121 2121 1334 2188 canonistarum,
1353 2122 1428 2194 quod
1444 2123 1573 2192 pontifex
1590 2139 1679 2191 supra
1697 2122 1744 2189 ias
1764 2127 1790 2173 et

94 2215 301 2262 sacramentnm
319 2208 438 2276 proprie
463 2209 581 2271 ds'otnm,
600 2208 671 2262 falsa
693 2215 735 2262 est
758 2206 929 2279 hypothesis,
956 2215 1054 2260 caretro
1070 2208 1122 2275 jas
1153 2208 1321 2279 dispensare
1342 2210 1449 2278 possit,
1475 2208 1549 2280 quod
1577 2216 1675 2263 eontra
1707 2207 1791 2260 amba

95 2300 128 2349 ut
164 2293 288 2365 superius
324 2293 579 2348 demonstravimus.
633 2295 725 2360 Quare
762 2312 823 2349 eum
860 2294 929 2349 haee
956 2293 1172 2361 esaapeliorum,
1191 2294 1324 2349 iieetnon
1341 2303 1438 2349 eontra
1457 2302 1572 2349 mentem
1589 2312 1684 2349 <eoram
1697 2294 1790 2364 possit

95 2380 226 2444 assertio,
250 2379 324 2452 quod
350 2378 554 2434 matrimonium
572 2380 644 2433 inter
663 2380 772 2435 fidelem
792 2387 821 2435 et
833 2379 929 2435 infide·
955 2379 1122 2448 ‹lispeasare
1141 2386 1192 2435 ete.
1239 2386 1262 2436 l.
1281 2380 1325 2435 De
1342 2380 1405 2453 lege
1422 2381 1525 2436 nemini
1540 2380 1606 2435 lieet
1622 2380 1790 2451 dispensare,

94 2466 149 2522 lem
168 2465 205 2521 sit
228 2465 336 2521 irritum
359 2482 434 2521 more
461 2465 555 2536 populi
581 2466 745 2531 Christiani,
769 2465 821 2521 hae
839 2466 926 2538 hypo·
955 2465 1007 2519 nisi
1030 2466 1092 2536 ejus
1109 2465 1224 2521 austeri.
1263 2468 1303 2522 At
1326 2466 1450 2537 pontifex
1469 2484 1525 2521 non
1544 2472 1587 2522 est
1605 2472 1701 2522 auetor
1719 2466 1789 2536 legis

94 2552 167 2609 thesi
185 2552 230 2608 vel
254 2554 344 2622 nniee,
362 2552 407 2608 rel
423 2553 573 2623 praecipue
590 2553 709 2617 nitatur,
733 2552 831 2608 merito
847 2552 927 2607 nobis
954 2551 1145 2607 interdicentis
1164 2552 1370 2607 matrimonium
1385 2551 1481 2607 fidelis'
1494 2569 1556 2607 oum
1569 2551 1682 2609 infideli.
1713 2553 1789 2623 Ergo

94 2639 179 2697 debet
196 2656 256 2695 esse
274 2644 412 2710 suspecta.
450 2639 533 2693 Addo
552 2644 581 2693 et
598 2638 680 2693 istud.
721 2639 926 2695 Matrimonium
955 2638 1038 2694 etiam
1056 2655 1112 2692 non
1129 2644 1220 2705 potest
1236 2638 1272 2693 de
1290 2654 1324 2693 oa
1340 2638 1510 2710 dispensare.
1542 2638 1704 2693 Assnmtum
1724 2655 1788 2694 eon-

94 2726 166 2782 inter
193 2726 305 2781 fidelem
330 2733 359 2781 et
385 2724 525 2781 infidelem
554 2725 616 2779 ideo
640 2731 682 2781 est
709 2724 832 2795 irritum,
861 2724 928 2795 quia
953 2723 1248 2779 firmatBellarminus
1270 2732 1391 2796 propt.
1420 2726 1469 2781 ubi
1495 2743 1527 2779 ea
1554 2726 1637 2780 aerbo
1659 2725 1730 2787 Dei,
1757 2742 1789 2775 rm

94 2812 225 2883 infideles
243 2831 299 2867 ιιοιι
313 2820 432 2881 parasset
445 2813 587 2882 saserpere
609 2820 826 2881 sacramentum,
842 2812 926 2880 quale
953 2812 1092 2879 consiliis,
1123 2828 1156 2863 ee
1182 2813 1315 2880 patribus
1346 2821 1372 2866 et
1400 2828 1435 2867 ee
1458 2813 1569 2867 ratione
1601 2812 1788 2867 demonstrare

93 2907 136 2953 est
156 2899 373 2961 matrimonium,
390 2904 423 2953 ιιι
440 2898 493 2953 hoo
509 2899 570 2952 loeo
589 2898 774 2953 Bellarminus
792 2898 925 2968 disputat.
952 2896 1062 2965 nititur,
1098 2898 1259 2969 eonjugium
1293 2897 1383 2952 fidelis
1413 2914 1476 2953 eum
1505 2896 1610 2953 infideli
1640 2915 1695 2951 non
1727 2914 1786 2953 esse

93 2985 182 3057 Atqui
209 2984 411 3040 matrimonium
434 2985 494 3054 jam
518 2984 583 3041 inde
607 3001 625 3040 a
651 2985 740 3056 primo
770 2985 926 3055 primitivae
952 2983 1065 3039 licitum.
1663 2972 1668 2983 '

93 3072 228 3129 ecelesiae
253 3077 377 3142 ternpore
406 3071 460 3125 fuit
488 3079 700 3139 sacramentnm,
737 3088 788 3127 nee
816 3072 924 3126 demum
988 3076 1045 3125 tet.
1080 3069 1291 3140 disparitate
1316 3070 1456 3141 religionis
1482 3076 1511 3125 et
1529 3069 1620 3125 eultus
1638 3069 1784 3123 transitum
1797 3070 1817 3111 ²·
1830 3071 1914 3121 ntsps·

94 3165 160 3213 ante
180 3165 231 3214 600
256 3176 343 3213 annos
365 3163 566 3212 sacramentnm
591 3174 652 3214 esse
677 3159 780 3229 eoepit,
803 3164 834 3213 ut
852 3158 926 3213 idem
951 3156 1068 3211 facimus
1085 3154 1324 3227 addisparitatem
1343 3156 1450 3236 aetatis,
1469 3157 1518 3213 nbi
1538 3156 1724 3227 quaeritant.
1745 3173 1784 3207 aa
1797 3124 1884 3215 iiiia.

95 3245 221 3315 disputat
238 3244 285 3300 lib.
303 3245 338 3299 de
363 3248 441 3297 matr.
468 3260 529 3314 cap.
565 3243 640 3316 Ergo
663 3262 718 3299 non
736 3261 770 3299 er
788 3261 863 3299 more
879 3260 927 3315 po·
952 3243 1157 3295 concedentium
1182 3244 1221 3297 sit
1248 3243 1457 3297 matrimonium
1493 3244 1566 3296 intes·
1590 3243 1721 3311 jnoeaem
1759 3249 1785 3294 et

95 3332 155 3401 puli
175 3330 325 3387 Christiani
348 3346 398 3400 per
422 3346 510 3385 annos
527 3338 671 3386 sexcentos
690 3331 806 3400 usitato,
824 3330 874 3385 sed
893 3347 927 3385 ex
952 3329 1082 3397 vetulum,
1099 3329 1163 3382 itam
1175 3329 1248 3383 inter
1259 3346 1351 3383 senem
1362 3330 1534 3401 decrepitum
1546 3338 1571 3384 ot
1586 3329 1785 3398 imeneuiam!

95 3419 183 3488 ipsius
202 3417 304 3472 Christi
324 3417 495 3471 institutione
514 3418 543 3470 in
557 3416 636 3471 MT.
658 3424 792 3488 perpetuo
810 3418 928 3472 durante
955 3414 1189 3485 Distinguendum
1207 3414 1253 3470 hie
1275 3433 1335 3473 esse
1361 3416 1478 3472 dioimsm
1498 3422 1521 3472 1.
1539 3416 1610 3471 inter
1625 3417 1786 3488 eonjugium

94 3503 298 3559 matrimonium
325 3502 397 3556 inter
426 3501 535 3557 fidelem
563 3507 592 3557 et
617 3502 756 3559 infidelem
787 3503 841 3558 erit
867 3504 927 3557 irri·
953 3502 1175 3557 contradendum
1210 3512 1235 3557 et
1274 3512 1453 3557 contractam.
1502 3502 1680 3558 Matrimonia
1714 3504 1786 3557 inter

93 3598 163 3645 turn.
206 3589 278 3655 Quid
306 3587 381 3658 qnod
404 3605 459 3643 non
493 3590 580 3643 solum
604 3588 743 3658 infideles,
771 3591 819 3644 sed
844 3590 927 3645 etiam
953 3605 1085 3660 personas
1112 3589 1230 3644 maxima
1260 3590 1360 3646 aetatis
1390 3590 1551 3661 disparitate
1580 3591 1696 3645 invicem
1727 3591 1785 3645 dis-

95 3676 228 3732 haeretiei
246 3692 264 3729 a
282 3674 473 3740 sacramentis,
501 3690 573 3744 qnae
600 3682 665 3729 stent
695 3676 768 3730 buna
795 3676 928 3731 eeclesiae
949 3676 1062 3745 junctas
1085 3675 1183 3731 merito
1206 3676 1414 3747 improbantur,
1438 3677 1487 3731 sed
1514 3678 1536 3732 si
1561 3684 1703 3731 eontracta
1725 3677 1785 3746 jam

94 3762 219 3834 propria,
246 3766 389 3825 areentur,
417 3776 484 3829 ergo
504 3776 559 3814 non
577 3761 665 3814 solum
682 3762 754 3816 inter
773 3760 882 3816 fidelem
900 3768 929 3817 et
953 3760 1022 3823 sint,
1053 3778 1109 3816 non
1141 3760 1244 3817 debent
1274 3763 1310 3815 ob
1337 3762 1409 3817 hane
1444 3764 1631 3834 disparitatem
1663 3762 1785 3818 dissolvi.

93 3848 242 3915 infidelem,
260 3849 308 3902 sed
326 3847 409 3903 etiam
427 3846 499 3901 inter
516 3845 623 3902 fidelem
643 3853 670 3902 et
682 3846 850 3901 haereticum
867 3848 928 3901 irri-
954 3854 978 3904 2.
997 3848 1073 3903 Inter
1091 3847 1305 3918 prohibitionem
1325 3850 1447 3901 ‹ti-sinam
1466 3854 1494 3903 ot
1513 3850 1670 3903 humanam.
1702 3848 1786 3903 Nulla

94 3944 153 3989 tum
174 3934 228 3988 erit
245 3932 457 3987 matrimonium.
491 3932 564 3996 Quid
582 3950 649 4005 ergo
668 3932 716 3987 fiet
734 3934 832 3988 eanoni
850 3933 926 3990 Trid.
952 3934 982 3988 in
1001 3935 1054 3988 bae
1077 3934 1175 3988 aetatis
1202 3934 1366 4004 disparitate
1392 3944 1483 3990 exstat
1504 3935 1653 4006 probibitio
1685 3934 1784 3997 divina,

45 4024 79 4067 Β·
93 4026 212 4077 sesses.
226 4026 324 4074 eant:
346 4020 382 4074 ss·
394 4019 579 4089 quisdieerit,
594 4028 714 4089 propter
728 4020 857 4074 haeresin
870 4022 927 4075 ds's'·
952 4020 1027 4074 nude
1045 4019 1129 4076 etiam
1148 4020 1284 4091 ejusmodi
1312 4023 1497 4089 matrimonia,
1525 4022 1622 4093 sijum
1640 4027 1784 4076 sunteon·

91 4108 166 4163 solvi
175 4123 262 4175 prosse
273 4106 447 4159 matrimonii
457 4105 605 4171 ninanissm,
620 4108 769 4159 anatliema
784 4107 841 4161 sit!
859 4107 926 4178 quid
951 4113 1057 4175 heom,
1085 4124 1139 4162 non
1168 4107 1272 4162 debent
1302 4107 1422 4165 dissolvi.
1468 4108 1648 4180 Magistratus
1674 4108 1784 4162 interim

92 4195 160 4250 item
180 4192 325 4247 assertioni
353 4192 440 4263 ipsius
466 4192 628 4247 Bellarmiui
657 4192 686 4246 in
705 4192 828 4263 proxime
847 4211 926 4265 prae·
952 4200 1026 4249 reete
1056 4193 1138 4263 facit,
1164 4194 1187 4247 si
1210 4200 1377 4250 monstrosas
1408 4195 1545 4265 ejnsmodi
1575 4194 1685 4265 nuptias
1713 4193 1784 4249 inter

89 4280 151 4335 esd.
164 4277 275 4351 prop.§¹
294 4280 359 4333 Jam
374 4284 513 4334 verente:
526 4279 925 4336 CammanieoasensuCatbo·
952 4297 1045 4335 senem
1077 4281 1287 4352 sexagenarium
1317 4284 1345 4337 et
1372 4282 1551 4351 juvenculam
1584 4280 1712 4337 sedecim·
1739 4279 1783 4333 vel

90 4366 213 4421 lieorssm
237 4364 445 4418 matrimonium
471 4382 533 4418 eam
559 4366 698 4419 haeretico
725 4384 781 4419 ιιοιι
800 4375 841 4420 est
861 4368 926 4420 irri-
952 4366 1106 4421 octodecim
1130 4384 1277 4436 annorum,
1305 4366 1377 4422 inter
1399 4367 1520 4422 vetulam
1542 4366 1783 4438 septuagenariam

86 4453 165 4507 tamt
952 4459 980 4506 et
994 4452 1125 4523 juvenem
1144 4452 1243 4524 viginti
1253 4470 1341 4508 annos
1352 4460 1449 4509 natum
1468 4452 1620 4524 prohibeat,
1638 4454 1673 4509 ob
1685 4470 1783 4509 musas

45 4550 66 4579 ³·
126 4543 185 4594 396.
222 4536 328 4601 Quarta
344 4535 506 4591 Bellarmiui
525 4535 676 4607 propositio
696 4537 736 4592 sie
753 4537 851 4594 habet:
869 4542 924 4595 Po·
951 4537 981 4592 iu
1005 4538 1132 4610 sequenti
1153 4536 1182 4611 ξ.
1209 4539 1396 4609 explicandas.
1445 4546 1469 4595 3.
1495 4541 1570 4595 Inter
1593 4538 1781 4609 disparitatem

45 4600 75 4683 i*
92 4632 144 4680 test
161 4642 285 4678 stammas
309 4624 454 4694 pontifex,
480 4624 509 4677 ei
538 4641 623 4677 eausa
646 4625 680 4678 id
703 4626 836 4694 postulet,
862 4644 924 4682 atem
951 4626 1097 4677 marimens
1119 4632 1147 4679 et
1165 4626 1340 4683 mediocrem.
1379 4626 1423 4680 De
1439 4625 1616 4696 proportione
1633 4626 1733 4681 aetatis
1753 4627 1781 4681 in

45 4758 63 4787 n
90 4712 172 4777 fideli
188 4711 363 4781 «impensare,
384 4720 413 4764 ιιι
432 4728 493 4763 eum
512 4710 623 4777 infideli
634 4712 842 4765 neatrimom'nm
861 4730 924 4767 aaa·
951 4711 1050 4766 marito
1067 4718 1096 4766 et
1112 4728 1198 4767 uxore
1217 4712 1334 4767 diximus
1351 4712 1492 4783 superius,
1518 4712 1554 4765 ab
1582 4728 1617 4767 ea
1634 4712 1657 4765 si
1676 4712 1780 4767 medio-

90 4800 197 4855 tradat.
244 4798 278 4850 Si
296 4798 382 4865 onim,
406 4796 511 4868 inquit,
531 4805 713 4865 praeceptum
726 4800 879 4868 prohibens
899 4808 925 4853 et
949 4797 1002 4851 eris
1014 4797 1109 4868 aliqua
1119 4798 1268 4868 disparitas
1276 4798 1305 4852 in
1320 4798 1457 4853 diversum
1477 4797 1569 4866 abeat,
1583 4814 1638 4852 non
1656 4804 1780 4869 propter·

92 4885 213 4938 irritans
241 4884 383 4952 ejrssmarli
409 4882 588 4936 matrimonia
623 4890 664 4935 eet
692 4884 836 4951 natan-ale,
867 4904 924 4939 aaa
949 4900 983 4939 ea
1010 4884 1102 4937 statim
1129 4885 1346 4940 dissuadendum
1373 4892 1415 4940 est
1441 4884 1658 4954 matrimonium,
1685 4886 1734 4941 sed
1758 4887 1780 4941 si

91 4971 213 5038 obtipas,
240 4970 298 5022 nisi
321 4977 457 5039 aliatenus
479 4975 557 5021 recta
583 4968 657 5022 ratio
681 4971 784 5034 altstat,
814 4972 846 5023 id
866 4989 923 5025 aaa
950 4970 1097 5041 disparitas
1126 4970 1161 5024 sit
1183 4970 1265 5042 longe
1291 4971 1424 5037 maxima,
1455 4980 1646 5042 argumentum
1676 4972 1780 5025 dissua-

89 5073 149 5110 rsse
168 5055 339 5123 faciendum
363 5056 407 5109 r-el
429 5056 463 5109 ab
477 5054 635 5124 pertensium
653 5056 853 5122 subversionis,
876 5058 921 5113 ael
949 5056 1032 5112 dandi
1050 5056 1193 5112 exhibebit
1208 5057 1319 5111 omnino
1341 5057 1533 5128 ponderosum.
1577 5064 1601 5113 4.
1624 5060 1698 5112 lnter
1716 5076 1779 5111 eon·

90 5142 125 5194 ab
142 5142 219 5194 alias
234 5158 345 5196 corseas.
381 5140 473 5202 Quare
493 5140 663 5194 curantibus
675 5142 736 5195 illis
755 5144 848 5197 carreis
866 5162 921 5197 non
945 5144 1056 5214 jugium
1075 5142 1172 5198 initum
1197 5164 1216 5197 a
1240 5145 1301 5199 niro
1325 5144 1514 5213 provectioris
1537 5146 1716 5199 astutiarum
1730 5148 1779 5215 ju·
1792 5136 1834 5177 Π·
1849 5135 1894 5178 ³⁸⁴·

90 5234 132 5280 ast
148 5235 248 5281 eontra
265 5228 318 5295 jas
341 5235 460 5280 naturae
484 5227 625 5294 ejsssmodi
641 5228 816 5297 eonjrspium,
838 5246 923 5300 prae-
948 5232 1072 5295 ossicula,
1091 5235 1120 5284 et
1140 5230 1211 5285 inter
1227 5230 1256 5284 id
1277 5229 1351 5303 quod
1370 5230 1542 5284 contrahitur
1565 5250 1584 5285 a
1600 5232 1698 5299 fresone
1718 5248 1779 5284 enm

90 5314 188 5367 sertim
210 5315 356 5366 accedente
382 5313 576 5366 maturatione
597 5312 698 5366 summi
721 5316 853 5382 postoris.
890 5316 924 5369 Si
947 5316 1041 5369 sarilo
1057 5318 1170 5386 effoeta,
1194 5317 1316 5381 foetida,
1334 5317 1420 5386 vieta,
1436 5335 1549 5386 reposo,
1568 5334 1691 5387 nanosa;
1710 5317 1779 5371 illud

91 5417 155 5453 nera
174 5406 214 5453 est
225 5406 408 5471 praeceps-nm
421 5400 569 5469 positivum
585 5400 743 5465 basmonum,
759 5403 925 5470 atapostois‘
948 5400 1056 5456 facilius
1076 5402 1300 5473 eoncedendum,
1324 5419 1387 5457 curn
1411 5420 1444 5458 ex
1467 5403 1516 5457 tali
1541 5403 1671 5475 conjugio
1689 5403 1778 5473 proles

90 5486 191 5551 Pauli,
210 5485 392 5539 conciliorum
411 5494 437 5538 et
451 5488 629 5554 pontificum,
650 5494 743 5555 potest
760 5486 821 5539 sine
839 5488 923 5543 darbia
950 5488 1052 5559 sperari
1075 5488 1178 5559 possit,
1203 5488 1256 5543 hoe
1273 5504 1339 5545 vero
1359 5488 1512 5557 difficilius,
1531 5506 1594 5543 eum
1613 5488 1729 5543 avaritia
1747 5495 1779 5543 ut

91 5571 282 5645 apostoloram
307 5579 333 5625 et
354 5571 517 5643 pontificum
534 5573 659 5627 aiteram
677 5590 820 5629 necesses·
840 5574 871 5627 ia
889 5592 921 5629 eo
949 5574 1098 5645 plurimum
1124 5574 1160 5629 sit
1189 5576 1286 5631 talium
1314 5574 1471 5648 nuptiarum
1502 5576 1688 5638 consiliatrix,
1714 5575 1779 5631 inde
