<?xml version="1.0" encoding="UTF-8"?>
<!DOCTYPE html PUBLIC "-//W3C//DTD XHTML 1.0 Transitional//EN"
    "http://www.w3.org/TR/xhtml1/DTD/xhtml1-transitional.dtd">
<html xmlns="http://www.w3.org/1999/xhtml" xml:lang="en" lang="en">
 <head>
  <title>
</title>
<meta http-equiv="Content-Type" content="text/html;charset=utf-8" />
  <meta name='ocr-system' content='tesseract 3.04.00' />
  <meta name='ocr-capabilities' content='ocr_page ocr_carea ocr_par ocr_line ocrx_word'/>
</head>
<body>
  <div class='ocr_page' id='page_1' title='image "./locitheologicit01gerhgoog/locitheologicit01gerhgoog_0202.png"; bbox 0 0 4020 6022; ppageno 0'>
   <div class='ocr_carea' id='block_1_1' title="bbox 834 222 1105 284">
    <p class='ocr_par' dir='ltr' id='par_1_1' title="bbox 834 222 1105 284">
     <span class='ocr_line' id='line_1_1' title="bbox 834 222 1105 284; baseline 0.018 -6"><span class='ocrx_word' id='word_1_1' title='bbox 834 222 887 279; x_wconf 79' lang='lat' dir='ltr'>nn</span> <span class='ocrx_word' id='word_1_2' title='bbox 905 222 1105 284; x_wconf 75' lang='lat' dir='ltr'>corticem.</span> 
     </span>
    </p>
   </div>
   <div class='ocr_carea' id='block_1_2' title="bbox 98 376 1553 619">
    <p class='ocr_par' dir='ltr' id='par_1_2' title="bbox 98 376 1553 619">
     <span class='ocr_line' id='line_1_2' title="bbox 98 376 967 463; baseline -0.001 -29"><span class='ocrx_word' id='word_1_3' title='bbox 98 398 104 405; x_wconf 91' lang='lat'>·</span> <span class='ocrx_word' id='word_1_4' title='bbox 148 382 210 435; x_wconf 74' lang='grc'>324.</span> <span class='ocrx_word' id='word_1_5' title='bbox 244 376 495 435; x_wconf 85' lang='lat' dir='ltr'>Hiscerationibas</span> <span class='ocrx_word' id='word_1_6' title='bbox 506 377 707 450; x_wconf 87' lang='lat' dir='ltr'>principalibus</span> <span class='ocrx_word' id='word_1_7' title='bbox 720 376 862 433; x_wconf 87' lang='lat' dir='ltr'>adduntur</span> <span class='ocrx_word' id='word_1_8' title='bbox 878 378 967 463; x_wconf 58' lang='lat' dir='ltr'>aliae}</span> 
     </span>
     <span class='ocr_line' id='line_1_3' title="bbox 109 462 1553 534; baseline 0.003 -17"><span class='ocrx_word' id='word_1_9' title='bbox 109 465 207 517; x_wconf 88' lang='lat' dir='ltr'>minas</span> <span class='ocrx_word' id='word_1_10' title='bbox 232 462 414 534; x_wconf 69' lang='lat' dir='ltr'>principales,</span> <span class='ocrx_word' id='word_1_11' title='bbox 437 469 535 533; x_wconf 82' lang='lat' dir='ltr'>utpote</span> <span class='ocrx_word' id='word_1_12' title='bbox 566 470 586 519; x_wconf 92' lang='lat' dir='ltr'>l.</span> <span class='ocrx_word' id='word_1_13' title='bbox 604 481 623 515; x_wconf 87' lang='lat' dir='ltr'>a</span> <span class='ocrx_word' id='word_1_14' title='bbox 645 464 850 528; x_wconf 75' lang='lat' dir='ltr'><strong><em>familiaritate</em></strong></span> <span class='ocrx_word' id='word_1_15' title='bbox 878 466 967 517; x_wconf 82' lang='lat' dir='ltr'>interl</span> <span class='ocrx_word' id='word_1_16' title='bbox 1242 466 1307 527; x_wconf 72' lang='lat' dir='ltr'>SE</span> <span class='ocrx_word' id='word_1_17' title='bbox 1326 467 1389 528; x_wconf 62' lang='grc' dir='ltr'>(ΣΤ</span> <span class='ocrx_word' id='word_1_18' title='bbox 1408 467 1425 527; x_wconf 90' lang='grc' dir='ltr'>Ι</span> <span class='ocrx_word' id='word_1_19' title='bbox 1445 468 1468 527; x_wconf 95' lang='grc'>0</span> <span class='ocrx_word' id='word_1_20' title='bbox 1503 468 1553 529; x_wconf 90' lang='grc' dir='ltr'>ΙΙ.</span> 
     </span>
     <span class='ocr_line' id='line_1_4' title="bbox 110 514 968 619; baseline 0.003 -15"><span class='ocrx_word' id='word_1_21' title='bbox 110 550 338 616; x_wconf 78' lang='lat' dir='ltr'>aomonpuineos</span> <span class='ocrx_word' id='word_1_22' title='bbox 364 557 391 603; x_wconf 88' lang='lat' dir='ltr'>et</span> <span class='ocrx_word' id='word_1_23' title='bbox 415 551 529 619; x_wconf 79' lang='lat' dir='ltr'>affirm.</span> <span class='ocrx_word' id='word_1_24' title='bbox 570 549 705 604; x_wconf 85' lang='lat' dir='ltr'>Parentes</span> <span class='ocrx_word' id='word_1_25' title='bbox 728 549 801 603; x_wconf 91' lang='lat' dir='ltr'>enim</span> <span class='ocrx_word' id='word_1_26' title='bbox 819 556 847 605; x_wconf 90' lang='lat' dir='ltr'>et</span> <span class='ocrx_word' id='word_1_27' title='bbox 864 514 968 617; x_wconf 90' lang='lat' dir='ltr'>liberi,l</span> 
     </span>
    </p>
   </div>
   <div class='ocr_carea' id='block_1_3' title="bbox 110 616 1973 1218">
    <p class='ocr_par' dir='ltr' id='par_1_3' title="bbox 110 616 1815 876">
     <span class='ocr_line' id='line_1_5' title="bbox 110 616 1815 704; baseline 0 -15"><span class='ocrx_word' id='word_1_28' title='bbox 110 634 216 689; x_wconf 71' lang='lat' dir='ltr'>frames</span> <span class='ocrx_word' id='word_1_29' title='bbox 235 649 409 702; x_wconf 87' lang='lat' dir='ltr'>acsoxores,</span> <span class='ocrx_word' id='word_1_30' title='bbox 440 635 485 688; x_wconf 89' lang='lat' dir='ltr'>avi</span> <span class='ocrx_word' id='word_1_31' title='bbox 513 640 541 690; x_wconf 91' lang='lat' dir='ltr'>et</span> <span class='ocrx_word' id='word_1_32' title='bbox 558 642 690 704; x_wconf 86' lang='lat' dir='ltr'>nepotes,</span> <span class='ocrx_word' id='word_1_33' title='bbox 719 634 834 688; x_wconf 84' lang='lat' dir='ltr'>vitricus</span> <span class='ocrx_word' id='word_1_34' title='bbox 852 639 882 689; x_wconf 89' lang='lat' dir='ltr'>et</span> <span class='ocrx_word' id='word_1_35' title='bbox 898 616 1046 703; x_wconf 72' lang='lat' dir='ltr'>prilDE</span> <span class='ocrx_word' id='word_1_36' title='bbox 1064 620 1450 688; x_wconf 80' lang='lat' dir='ltr'>PROHIBITIONE</span> <span class='ocrx_word' id='word_1_37' title='bbox 1478 622 1738 689; x_wconf 85' lang='lat' dir='ltr'><strong>GRADUUM</strong></span> <span class='ocrx_word' id='word_1_38' title='bbox 1760 624 1815 689; x_wconf 86' lang='lat' dir='ltr'>IN</span> 
     </span>
     <span class='ocr_line' id='line_1_6' title="bbox 110 696 1758 793; baseline -0.001 -20"><span class='ocrx_word' id='word_1_39' title='bbox 110 718 232 790; x_wconf 74' lang='lat' dir='ltr'>vignau,</span> <span class='ocrx_word' id='word_1_40' title='bbox 257 734 376 774; x_wconf 71' lang='lat' dir='ltr'>novena</span> <span class='ocrx_word' id='word_1_41' title='bbox 398 726 428 774; x_wconf 77' lang='lat' dir='ltr'>a</span> <span class='ocrx_word' id='word_1_42' title='bbox 451 719 572 790; x_wconf 82' lang='lat' dir='ltr'>privigni</span> <span class='ocrx_word' id='word_1_43' title='bbox 598 720 627 773; x_wconf 78' lang='lat' dir='ltr'>in</span> <span class='ocrx_word' id='word_1_44' title='bbox 648 719 746 775; x_wconf 71' lang='lat' dir='ltr'>iissem</span> <span class='ocrx_word' id='word_1_45' title='bbox 769 719 886 774; x_wconf 78' lang='lat' dir='ltr'>aedibus</span> <span class='ocrx_word' id='word_1_46' title='bbox 911 696 968 793; x_wconf 75' lang='lat' dir='ltr'>uni</span> <span class='ocrx_word' id='word_1_47' title='bbox 1036 720 1168 787; x_wconf 75' lang='lat' dir='ltr'>JURE</span> <span class='ocrx_word' id='word_1_48' title='bbox 1190 721 1215 786; x_wconf 76' lang='grc' dir='ltr'>ο</span> <span class='ocrx_word' id='word_1_49' title='bbox 1225 722 1276 787; x_wconf 85' lang='lat' dir='ltr'>lv</span> <span class='ocrx_word' id='word_1_50' title='bbox 1286 722 1363 786; x_wconf 87' lang='lat' dir='ltr'>1L1</span> <span class='ocrx_word' id='word_1_51' title='bbox 1387 721 1510 789; x_wconf 68' lang='lat' dir='ltr'>sm]</span> <span class='ocrx_word' id='word_1_52' title='bbox 1532 722 1758 791; x_wconf 70' lang='lat' dir='ltr'><strong>ROMANQ</strong></span> 
     </span>
     <span class='ocr_line' id='line_1_7' title="bbox 112 802 954 876; baseline 0 -19"><span class='ocrx_word' id='word_1_53' title='bbox 112 804 267 874; x_wconf 84' lang='lat' dir='ltr'>plurimum</span> <span class='ocrx_word' id='word_1_54' title='bbox 291 802 435 872; x_wconf 88' lang='lat' dir='ltr'>habitant,</span> <span class='ocrx_word' id='word_1_55' title='bbox 467 804 567 874; x_wconf 84' lang='lat' dir='ltr'><strong>reliqui</strong></span> <span class='ocrx_word' id='word_1_56' title='bbox 593 805 677 859; x_wconf 91' lang='lat' dir='ltr'>etiam</span> <span class='ocrx_word' id='word_1_57' title='bbox 702 802 901 876; x_wconf 77' lang='lat' dir='ltr'>consanguinei</span> <span class='ocrx_word' id='word_1_58' title='bbox 926 811 954 857; x_wconf 91' lang='lat' dir='ltr'>et</span> 
     </span>
    </p>

    <p class='ocr_par' dir='ltr' id='par_1_4' title="bbox 111 889 1973 1218">
     <span class='ocr_line' id='line_1_8' title="bbox 111 889 1898 963; baseline 0.002 -18"><span class='ocrx_word' id='word_1_59' title='bbox 111 889 227 960; x_wconf 76' lang='lat' dir='ltr'>affines,</span> <span class='ocrx_word' id='word_1_60' title='bbox 248 889 335 944; x_wconf 90' lang='lat' dir='ltr'>amita</span> <span class='ocrx_word' id='word_1_61' title='bbox 353 897 497 960; x_wconf 83' lang='lat' dir='ltr'>atnepos,</span> <span class='ocrx_word' id='word_1_62' title='bbox 522 896 638 959; x_wconf 84' lang='lat' dir='ltr'>patruus</span> <span class='ocrx_word' id='word_1_63' title='bbox 664 896 693 945; x_wconf 89' lang='lat' dir='ltr'>et</span> <span class='ocrx_word' id='word_1_64' title='bbox 710 890 809 962; x_wconf 88' lang='lat' dir='ltr'>neptis,</span> <span class='ocrx_word' id='word_1_65' title='bbox 826 906 904 945; x_wconf 88' lang='lat' dir='ltr'>socer</span> <span class='ocrx_word' id='word_1_66' title='bbox 921 905 954 942; x_wconf 89' lang='lat' dir='ltr'>ac</span> <span class='ocrx_word' id='word_1_67' title='bbox 1017 894 1076 945; x_wconf 79' lang='lat'><strong>325.</strong></span> <span class='ocrx_word' id='word_1_68' title='bbox 1113 890 1139 943; x_wconf 79' lang='lat' dir='ltr'>A</span> <span class='ocrx_word' id='word_1_69' title='bbox 1163 890 1396 960; x_wconf 81' lang='lat' dir='ltr'>prohibitionibus</span> <span class='ocrx_word' id='word_1_70' title='bbox 1418 892 1556 963; x_wconf 56' lang='lat' dir='ltr'>maduum</span> <span class='ocrx_word' id='word_1_71' title='bbox 1580 893 1684 947; x_wconf 84' lang='lat' dir='ltr'>diuinis</span> <span class='ocrx_word' id='word_1_72' title='bbox 1702 893 1846 949; x_wconf 86' lang='lat' dir='ltr'>descen-2</span> <span class='ocrx_word' id='word_1_73' title='bbox 1864 898 1898 939; x_wconf 72' lang='grc' dir='ltr'>Β·</span> 
     </span>
     <span class='ocr_line' id='line_1_9' title="bbox 112 952 1915 1049; baseline 0 -18"><span class='ocrx_word' id='word_1_74' title='bbox 112 993 216 1045; x_wconf 88' lang='lat' dir='ltr'>nurus,</span> <span class='ocrx_word' id='word_1_75' title='bbox 244 991 331 1045; x_wconf 77' lang='lat' dir='ltr'>gener</span> <span class='ocrx_word' id='word_1_76' title='bbox 349 992 383 1030; x_wconf 90' lang='lat' dir='ltr'>ac</span> <span class='ocrx_word' id='word_1_77' title='bbox 402 991 497 1029; x_wconf 89' lang='lat' dir='ltr'>socrus</span> <span class='ocrx_word' id='word_1_78' title='bbox 524 982 575 1031; x_wconf 88' lang='lat' dir='ltr'>etc.</span> <span class='ocrx_word' id='word_1_79' title='bbox 596 975 692 1031; x_wconf 88' lang='lat' dir='ltr'>crebro</span> <span class='ocrx_word' id='word_1_80' title='bbox 711 969 892 1043; x_wconf 84' lang='lat' dir='ltr'>conveniant,</span> <span class='ocrx_word' id='word_1_81' title='bbox 919 992 954 1029; x_wconf 87' lang='lat' dir='ltr'>ne</span> <span class='ocrx_word' id='word_1_82' title='bbox 982 974 1072 1029; x_wconf 89' lang='lat' dir='ltr'>dimus</span> <span class='ocrx_word' id='word_1_83' title='bbox 1099 974 1137 1028; x_wconf 90' lang='lat' dir='ltr'>ad</span> <span class='ocrx_word' id='word_1_84' title='bbox 1154 974 1353 1044; x_wconf 79' lang='lat' dir='ltr'>prohibitiones</span> <span class='ocrx_word' id='word_1_85' title='bbox 1371 977 1523 1041; x_wconf 79' lang='lat' dir='ltr'>humanos,</span> <span class='ocrx_word' id='word_1_86' title='bbox 1551 994 1620 1049; x_wconf 88' lang='lat' dir='ltr'>quas</span> <span class='ocrx_word' id='word_1_87' title='bbox 1640 976 1760 1031; x_wconf 78' lang='lat' dir='ltr'>diximus</span> <span class='ocrx_word' id='word_1_88' title='bbox 1785 976 1815 1031; x_wconf 86' lang='lat' dir='ltr'>in</span> <span class='ocrx_word' id='word_1_89' title='bbox 1828 952 1915 1041; x_wconf 51' lang='lat' dir='ltr'>iiiiii.</span> 
     </span>
     <span class='ocr_line' id='line_1_10' title="bbox 112 1053 1973 1145; baseline -0.002 -28"><span class='ocrx_word' id='word_1_90' title='bbox 112 1078 184 1134; x_wconf 80' lang='lat' dir='ltr'>ergo</span> <span class='ocrx_word' id='word_1_91' title='bbox 215 1060 306 1118; x_wconf 87' lang='lat' dir='ltr'>omnia</span> <span class='ocrx_word' id='word_1_92' title='bbox 335 1068 427 1116; x_wconf 87' lang='lat' dir='ltr'>essent</span> <span class='ocrx_word' id='word_1_93' title='bbox 459 1062 543 1131; x_wconf 88' lang='lat' dir='ltr'>plena</span> <span class='ocrx_word' id='word_1_94' title='bbox 572 1061 652 1115; x_wconf 89' lang='lat' dir='ltr'>malis</span> <span class='ocrx_word' id='word_1_95' title='bbox 670 1061 891 1131; x_wconf 80' lang='lat' dir='ltr'>suspicionibus,</span> <span class='ocrx_word' id='word_1_96' title='bbox 921 1077 954 1115; x_wconf 86' lang='lat' dir='ltr'>ac</span> <span class='ocrx_word' id='word_1_97' title='bbox 982 1060 1088 1130; x_wconf 79' lang='lat' dir='ltr'>duplici</span> <span class='ocrx_word' id='word_1_98' title='bbox 1107 1077 1168 1115; x_wconf 87' lang='lat' dir='ltr'>esse</span> <span class='ocrx_word' id='word_1_99' title='bbox 1186 1060 1350 1115; x_wconf 79' lang='lat' dir='ltr'>differentia</span> <span class='ocrx_word' id='word_1_100' title='bbox 1382 1062 1526 1127; x_wconf 86' lang='lat' dir='ltr'>Quaedam</span> <span class='ocrx_word' id='word_1_101' title='bbox 1545 1063 1692 1118; x_wconf 89' lang='lat' dir='ltr'>traduntur</span> <span class='ocrx_word' id='word_1_102' title='bbox 1704 1063 1732 1116; x_wconf 93' lang='lat' dir='ltr'>in</span> <span class='ocrx_word' id='word_1_103' title='bbox 1746 1062 1814 1131; x_wconf 80' lang='lat' dir='ltr'>jure</span> <span class='ocrx_word' id='word_1_104' title='bbox 1826 1053 1905 1145; x_wconf 54' lang='lat' dir='ltr'>iffi„</span> <span class='ocrx_word' id='word_1_105' title='bbox 1970 1094 1973 1100; x_wconf 78' lang='lat'>,</span> 
     </span>
     <span class='ocr_line' id='line_1_11' title="bbox 114 1116 1913 1218; baseline -0.001 -16"><span class='ocrx_word' id='word_1_106' title='bbox 114 1147 285 1211; x_wconf 82' lang='lat' dir='ltr'>affabilitas,</span> <span class='ocrx_word' id='word_1_107' title='bbox 309 1146 477 1214; x_wconf 86' lang='lat' dir='ltr'>blanditiae,</span> <span class='ocrx_word' id='word_1_108' title='bbox 500 1147 657 1218; x_wconf 89' lang='lat' dir='ltr'>amplexus,</span> <span class='ocrx_word' id='word_1_109' title='bbox 686 1148 783 1202; x_wconf 90' lang='lat' dir='ltr'>oscula</span> <span class='ocrx_word' id='word_1_110' title='bbox 805 1154 858 1203; x_wconf 87' lang='lat' dir='ltr'>etc.</span> <span class='ocrx_word' id='word_1_111' title='bbox 884 1163 955 1218; x_wconf 86' lang='lat' dir='ltr'>qnae</span> <span class='ocrx_word' id='word_1_112' title='bbox 982 1146 1132 1213; x_wconf 70' lang='lat' dir='ltr'>crinonieo,</span> <span class='ocrx_word' id='word_1_113' title='bbox 1163 1145 1299 1217; x_wconf 89' lang='lat' dir='ltr'>quaedam</span> <span class='ocrx_word' id='word_1_114' title='bbox 1324 1146 1353 1200; x_wconf 91' lang='lat' dir='ltr'>in</span> <span class='ocrx_word' id='word_1_115' title='bbox 1374 1148 1444 1215; x_wconf 84' lang='lat' dir='ltr'>jure</span> <span class='ocrx_word' id='word_1_116' title='bbox 1467 1147 1597 1216; x_wconf 81' lang='lat' dir='ltr'>politico.</span> <span class='ocrx_word' id='word_1_117' title='bbox 1645 1116 1841 1203; x_wconf 50' lang='lat' dir='ltr'>assertores</span> <span class='ocrx_word' id='word_1_118' title='bbox 1907 1134 1913 1143; x_wconf 55' lang='lat'>⁵</span> 
     </span>
    </p>
   </div>
   <div class='ocr_carea' id='block_1_4' title="bbox 113 1230 1815 1303">
    <p class='ocr_par' dir='ltr' id='par_1_5' title="bbox 113 1230 1815 1303">
     <span class='ocr_line' id='line_1_12' title="bbox 113 1230 1815 1303; baseline -0.001 -16"><span class='ocrx_word' id='word_1_119' title='bbox 113 1234 190 1287; x_wconf 86' lang='lat' dir='ltr'>inter</span> <span class='ocrx_word' id='word_1_120' title='bbox 208 1232 377 1303; x_wconf 90' lang='lat' dir='ltr'>propinquos</span> <span class='ocrx_word' id='word_1_121' title='bbox 397 1238 463 1285; x_wconf 91' lang='lat' dir='ltr'>sunt</span> <span class='ocrx_word' id='word_1_122' title='bbox 480 1232 581 1286; x_wconf 88' lang='lat' dir='ltr'>amoris</span> <span class='ocrx_word' id='word_1_123' title='bbox 606 1241 634 1287; x_wconf 91' lang='lat' dir='ltr'>ct</span> <span class='ocrx_word' id='word_1_124' title='bbox 661 1232 786 1303; x_wconf 87' lang='lat' dir='ltr'>pietatis,</span> <span class='ocrx_word' id='word_1_125' title='bbox 811 1232 955 1289; x_wconf 90' lang='lat' dir='ltr'>crederen·</span> <span class='ocrx_word' id='word_1_126' title='bbox 982 1230 1080 1285; x_wconf 88' lang='lat' dir='ltr'>iterum</span> <span class='ocrx_word' id='word_1_127' title='bbox 1098 1232 1126 1284; x_wconf 92' lang='lat' dir='ltr'>in</span> <span class='ocrx_word' id='word_1_128' title='bbox 1151 1231 1254 1301; x_wconf 90' lang='lat' dir='ltr'>duplici</span> <span class='ocrx_word' id='word_1_129' title='bbox 1283 1238 1349 1287; x_wconf 92' lang='lat' dir='ltr'>sunt</span> <span class='ocrx_word' id='word_1_130' title='bbox 1368 1231 1532 1288; x_wconf 87' lang='lat' dir='ltr'>differentia.</span> <span class='ocrx_word' id='word_1_131' title='bbox 1571 1232 1713 1295; x_wconf 85' lang='lat' dir='ltr'>Quaedam</span> <span class='ocrx_word' id='word_1_132' title='bbox 1741 1232 1815 1287; x_wconf 90' lang='lat' dir='ltr'>enim</span> 
     </span>
    </p>
   </div>
   <div class='ocr_carea' id='block_1_5' title="bbox 111 1401 1966 5440">
    <p class='ocr_par' dir='ltr' id='par_1_6' title="bbox 111 1401 1966 5440">
     <span class='ocr_line' id='line_1_13' title="bbox 114 1401 1900 1475; baseline -0.001 -18"><span class='ocrx_word' id='word_1_133' title='bbox 114 1404 289 1475; x_wconf 88' lang='lat' dir='ltr'>propinquos</span> <span class='ocrx_word' id='word_1_134' title='bbox 318 1403 469 1458; x_wconf 89' lang='lat' dir='ltr'>interdicta</span> <span class='ocrx_word' id='word_1_135' title='bbox 504 1419 565 1457; x_wconf 89' lang='lat' dir='ltr'>essa</span> <span class='ocrx_word' id='word_1_136' title='bbox 597 1404 736 1473; x_wconf 85' lang='lat' dir='ltr'>conjugia.</span> <span class='ocrx_word' id='word_1_137' title='bbox 792 1403 956 1457; x_wconf 87' lang='lat' dir='ltr'>Ambrosius</span> <span class='ocrx_word' id='word_1_138' title='bbox 982 1401 1056 1455; x_wconf 84' lang='lat' dir='ltr'>civili</span> <span class='ocrx_word' id='word_1_139' title='bbox 1082 1402 1249 1471; x_wconf 85' lang='lat' dir='ltr'>generaliter</span> <span class='ocrx_word' id='word_1_140' title='bbox 1274 1402 1314 1456; x_wconf 91' lang='lat' dir='ltr'>sic</span> <span class='ocrx_word' id='word_1_141' title='bbox 1339 1403 1426 1467; x_wconf 88' lang='lat' dir='ltr'>dioto,</span> <span class='ocrx_word' id='word_1_142' title='bbox 1454 1404 1591 1474; x_wconf 86' lang='lat' dir='ltr'>quaedam</span> <span class='ocrx_word' id='word_1_143' title='bbox 1618 1419 1682 1459; x_wconf 85' lang='lat' dir='ltr'>vero</span> <span class='ocrx_word' id='word_1_144' title='bbox 1704 1403 1817 1473; x_wconf 80' lang='lat' dir='ltr'>injure</span> <span class='ocrx_word' id='word_1_145' title='bbox 1895 1438 1900 1447; x_wconf 89' lang='lat'>·</span> 
     </span>
     <span class='ocr_line' id='line_1_14' title="bbox 114 1488 1930 1560; baseline -0.001 -16"><span class='ocrx_word' id='word_1_146' title='bbox 114 1489 180 1544; x_wconf 88' lang='lat' dir='ltr'>libr.</span> <span class='ocrx_word' id='word_1_147' title='bbox 200 1494 223 1546; x_wconf 83' lang='grc'>8.</span> <span class='ocrx_word' id='word_1_148' title='bbox 242 1490 322 1560; x_wconf 84' lang='lat' dir='ltr'>epist.</span> <span class='ocrx_word' id='word_1_149' title='bbox 342 1494 393 1545; x_wconf 82' lang='lat' dir='ltr'>so:</span> <span class='ocrx_word' id='word_1_150' title='bbox 421 1490 497 1553; x_wconf 80' lang='lat' dir='ltr'>enta</span> <span class='ocrx_word' id='word_1_151' title='bbox 521 1498 578 1542; x_wconf 91' lang='lat' dir='ltr'>tam</span> <span class='ocrx_word' id='word_1_152' title='bbox 597 1490 711 1543; x_wconf 87' lang='lat' dir='ltr'>solenne</span> <span class='ocrx_word' id='word_1_153' title='bbox 730 1506 814 1557; x_wconf 81' lang='lat' dir='ltr'>quarn</span> <span class='ocrx_word' id='word_1_154' title='bbox 831 1491 956 1543; x_wconf 77' lang='lat' dir='ltr'>asaelem</span> <span class='ocrx_word' id='word_1_155' title='bbox 979 1488 1157 1555; x_wconf 80' lang='lat' dir='ltr'>prouinciali</span> <span class='ocrx_word' id='word_1_156' title='bbox 1182 1488 1242 1543; x_wconf 88' lang='lat' dir='ltr'>sive</span> <span class='ocrx_word' id='word_1_157' title='bbox 1264 1488 1435 1560; x_wconf 86' lang='lat' dir='ltr'>municipali.</span> <span class='ocrx_word' id='word_1_158' title='bbox 1479 1488 1630 1543; x_wconf 87' lang='lat' dir='ltr'>Exordium</span> <span class='ocrx_word' id='word_1_159' title='bbox 1647 1488 1781 1543; x_wconf 87' lang='lat' dir='ltr'>faciemus</span> <span class='ocrx_word' id='word_1_160' title='bbox 1798 1500 1930 1545; x_wconf 57' lang='lat' dir='ltr'>exitii.</span> 
     </span>
     <span class='ocr_line' id='line_1_15' title="bbox 114 1573 1816 1645; baseline -0.002 -14"><span class='ocrx_word' id='word_1_161' title='bbox 114 1579 191 1631; x_wconf 86' lang='lat' dir='ltr'>inter</span> <span class='ocrx_word' id='word_1_162' title='bbox 218 1574 386 1631; x_wconf 82' lang='lat' dir='ltr'>auunculum</span> <span class='ocrx_word' id='word_1_163' title='bbox 408 1582 435 1629; x_wconf 91' lang='lat' dir='ltr'>et</span> <span class='ocrx_word' id='word_1_164' title='bbox 458 1583 582 1644; x_wconf 82' lang='lat' dir='ltr'>neptem,</span> <span class='ocrx_word' id='word_1_165' title='bbox 605 1579 682 1644; x_wconf 82' lang='lat' dir='ltr'>quod</span> <span class='ocrx_word' id='word_1_166' title='bbox 704 1578 756 1629; x_wconf 87' lang='lat' dir='ltr'>iste</span> <span class='ocrx_word' id='word_1_167' title='bbox 779 1578 863 1645; x_wconf 81' lang='lat' dir='ltr'>quasi</span> <span class='ocrx_word' id='word_1_168' title='bbox 873 1576 956 1643; x_wconf 84' lang='lat' dir='ltr'>filiae</span> <span class='ocrx_word' id='word_1_169' title='bbox 983 1573 1215 1643; x_wconf 84' lang='lat' dir='ltr'>prohibitionibus</span> <span class='ocrx_word' id='word_1_170' title='bbox 1232 1574 1303 1644; x_wconf 89' lang='lat' dir='ltr'>juris</span> <span class='ocrx_word' id='word_1_171' title='bbox 1321 1574 1410 1628; x_wconf 85' lang='lat' dir='ltr'>civilis</span> <span class='ocrx_word' id='word_1_172' title='bbox 1430 1574 1489 1629; x_wconf 84' lang='lat' dir='ltr'>sive</span> <span class='ocrx_word' id='word_1_173' title='bbox 1509 1576 1642 1643; x_wconf 84' lang='lat' dir='ltr'>Romani,</span> <span class='ocrx_word' id='word_1_174' title='bbox 1660 1575 1725 1629; x_wconf 92' lang='lat' dir='ltr'>illae</span> <span class='ocrx_word' id='word_1_175' title='bbox 1742 1574 1816 1629; x_wconf 87' lang='lat' dir='ltr'>enim</span> 
     </span>
     <span class='ocr_line' id='line_1_16' title="bbox 114 1660 1818 1731; baseline -0.001 -15"><span class='ocrx_word' id='word_1_176' title='bbox 114 1663 213 1729; x_wconf 82' lang='lat' dir='ltr'>debet,</span> <span class='ocrx_word' id='word_1_177' title='bbox 241 1662 311 1716; x_wconf 79' lang='lat' dir='ltr'>baec</span> <span class='ocrx_word' id='word_1_178' title='bbox 338 1662 422 1731; x_wconf 82' lang='lat' dir='ltr'>qnasi</span> <span class='ocrx_word' id='word_1_179' title='bbox 434 1662 581 1730; x_wconf 72' lang='lat' dir='ltr'>parenti!</span> <span class='ocrx_word' id='word_1_180' title='bbox 609 1662 661 1715; x_wconf 76' lang='lat' dir='ltr'>icoc</span> <span class='ocrx_word' id='word_1_181' title='bbox 686 1662 775 1730; x_wconf 75' lang='lat' dir='ltr'>iqitur</span> <span class='ocrx_word' id='word_1_182' title='bbox 802 1662 956 1731; x_wconf 81' lang='lat' dir='ltr'>inoffensae</span> <span class='ocrx_word' id='word_1_183' title='bbox 983 1666 1047 1714; x_wconf 88' lang='lat' dir='ltr'>sunt</span> <span class='ocrx_word' id='word_1_184' title='bbox 1064 1667 1093 1713; x_wconf 90' lang='lat' dir='ltr'>et</span> <span class='ocrx_word' id='word_1_185' title='bbox 1111 1661 1300 1729; x_wconf 83' lang='lat' dir='ltr'>antiquiores,</span> <span class='ocrx_word' id='word_1_186' title='bbox 1324 1677 1386 1715; x_wconf 90' lang='lat' dir='ltr'>oum</span> <span class='ocrx_word' id='word_1_187' title='bbox 1405 1660 1569 1715; x_wconf 80' lang='lat' dir='ltr'>Pontificius</span> <span class='ocrx_word' id='word_1_188' title='bbox 1589 1663 1647 1717; x_wconf 82' lang='lat' dir='ltr'>sive</span> <span class='ocrx_word' id='word_1_189' title='bbox 1667 1661 1818 1715; x_wconf 87' lang='lat' dir='ltr'>canonicas</span> 
     </span>
     <span class='ocr_line' id='line_1_17' title="bbox 112 1746 1818 1819; baseline -0.001 -17"><span class='ocrx_word' id='word_1_190' title='bbox 112 1748 232 1819; x_wconf 82' lang='lat' dir='ltr'>pietotr&#39;s</span> <span class='ocrx_word' id='word_1_191' title='bbox 255 1748 380 1801; x_wconf 84' lang='lat' dir='ltr'>osculum</span> <span class='ocrx_word' id='word_1_192' title='bbox 406 1754 562 1815; x_wconf 82' lang='lat' dir='ltr'>suspectum</span> <span class='ocrx_word' id='word_1_193' title='bbox 579 1748 678 1813; x_wconf 85' lang='lat' dir='ltr'>socies</span> <span class='ocrx_word' id='word_1_194' title='bbox 701 1749 737 1800; x_wconf 81' lang='lat' dir='ltr'>cte</span> <span class='ocrx_word' id='word_1_195' title='bbox 760 1748 864 1801; x_wconf 79' lang='lat' dir='ltr'>tatibus</span> <span class='ocrx_word' id='word_1_196' title='bbox 883 1748 955 1814; x_wconf 78' lang='lat' dir='ltr'>eopi-</span> <span class='ocrx_word' id='word_1_197' title='bbox 983 1747 1194 1801; x_wconf 82' lang='lat' dir='ltr'>constitutiones</span> <span class='ocrx_word' id='word_1_198' title='bbox 1218 1746 1255 1801; x_wconf 88' lang='lat' dir='ltr'>ad</span> <span class='ocrx_word' id='word_1_199' title='bbox 1272 1746 1334 1801; x_wconf 86' lang='lat' dir='ltr'>illas</span> <span class='ocrx_word' id='word_1_200' title='bbox 1357 1764 1417 1803; x_wconf 88' lang='lat' dir='ltr'>sese</span> <span class='ocrx_word' id='word_1_201' title='bbox 1444 1748 1572 1803; x_wconf 83' lang='lat' dir='ltr'>referant</span> <span class='ocrx_word' id='word_1_202' title='bbox 1594 1765 1618 1805; x_wconf 90' lang='lat' dir='ltr'>c.</span> <span class='ocrx_word' id='word_1_203' title='bbox 1637 1746 1818 1819; x_wconf 74' lang='lat' dir='ltr'>conjunctio-</span> 
     </span>
     <span class='ocr_line' id='line_1_18' title="bbox 115 1832 1819 1907; baseline 0.001 -20"><span class='ocrx_word' id='word_1_204' title='bbox 115 1835 206 1887; x_wconf 83' lang='lat' dir='ltr'>tando</span> <span class='ocrx_word' id='word_1_205' title='bbox 224 1832 332 1901; x_wconf 82' lang='lat' dir='ltr'>nuptiis</span> <span class='ocrx_word' id='word_1_206' title='bbox 351 1840 377 1886; x_wconf 89' lang='lat' dir='ltr'>et</span> <span class='ocrx_word' id='word_1_207' title='bbox 396 1832 641 1901; x_wconf 70' lang='lat' dir='ltr'>reliqiosissimum</span> <span class='ocrx_word' id='word_1_208' title='bbox 661 1841 868 1886; x_wconf 87' lang='lat' dir='ltr'>sacramentum</span> <span class='ocrx_word' id='word_1_209' title='bbox 880 1834 956 1885; x_wconf 86' lang='lat' dir='ltr'>caris</span> <span class='ocrx_word' id='word_1_210' title='bbox 983 1851 1040 1887; x_wconf 83' lang='lat' dir='ltr'>nes.</span> <span class='ocrx_word' id='word_1_211' title='bbox 1060 1837 1100 1887; x_wconf 78' lang='lat'>35.</span> <span class='ocrx_word' id='word_1_212' title='bbox 1122 1840 1221 1903; x_wconf 90' lang='lat' dir='ltr'>quaest</span> <span class='ocrx_word' id='word_1_213' title='bbox 1241 1839 1269 1888; x_wconf 80' lang='lat'>2:</span> <span class='ocrx_word' id='word_1_214' title='bbox 1289 1835 1351 1887; x_wconf 82' lang='lat' dir='ltr'>Eos</span> <span class='ocrx_word' id='word_1_215' title='bbox 1365 1836 1484 1887; x_wconf 84' lang='lat' dir='ltr'>dicimus</span> <span class='ocrx_word' id='word_1_216' title='bbox 1503 1835 1734 1903; x_wconf 76' lang='lat' dir='ltr'>consonpnineos,</span> <span class='ocrx_word' id='word_1_217' title='bbox 1749 1850 1819 1907; x_wconf 78' lang='lat' dir='ltr'>quos</span> 
     </span>
     <span class='ocr_line' id='line_1_19' title="bbox 111 1917 1923 1990; baseline -0.001 -18"><span class='ocrx_word' id='word_1_218' title='bbox 111 1919 284 1990; x_wconf 79' lang='lat' dir='ltr'>pipnoribus</span> <span class='ocrx_word' id='word_1_219' title='bbox 304 1919 416 1990; x_wconf 69' lang='lat' dir='ltr'>eripies.</span> <span class='ocrx_word' id='word_1_220' title='bbox 445 1922 473 1971; x_wconf 83' lang='lat'>2.</span> <span class='ocrx_word' id='word_1_221' title='bbox 486 1920 514 1972; x_wconf 87' lang='lat' dir='ltr'><strong><em>A</em></strong></span> <span class='ocrx_word' id='word_1_222' title='bbox 533 1920 680 1972; x_wconf 82' lang='lat' dir='ltr'>moderato</span> <span class='ocrx_word' id='word_1_223' title='bbox 692 1919 852 1987; x_wconf 66' lang='lat' dir='ltr'>conjunclis</span> <span class='ocrx_word' id='word_1_224' title='bbox 865 1917 958 1985; x_wconf 67' lang='lat' dir='ltr'>oflicii</span> <span class='ocrx_word' id='word_1_225' title='bbox 984 1920 1098 1972; x_wconf 71' lang='lat' dir='ltr'>(ticinae</span> <span class='ocrx_word' id='word_1_226' title='bbox 1135 1928 1161 1971; x_wconf 89' lang='lat' dir='ltr'>et</span> <span class='ocrx_word' id='word_1_227' title='bbox 1199 1920 1400 1988; x_wconf 79' lang='lat' dir='ltr'>imperatorum</span> <span class='ocrx_word' id='word_1_228' title='bbox 1437 1938 1471 1972; x_wconf 89' lang='lat' dir='ltr'>oe</span> <span class='ocrx_word' id='word_1_229' title='bbox 1508 1922 1699 1974; x_wconf 79' lang='lat' dir='ltr'>Romanorum</span> <span class='ocrx_word' id='word_1_230' title='bbox 1735 1928 1818 1987; x_wconf 77' lang='lat' dir='ltr'>atque</span> <span class='ocrx_word' id='word_1_231' title='bbox 1920 1924 1923 1929; x_wconf 88' lang='lat'>&#39;</span> 
     </span>
     <span class='ocr_line' id='line_1_20' title="bbox 116 2002 1819 2075; baseline -0.002 -18"><span class='ocrx_word' id='word_1_232' title='bbox 116 2021 181 2062; x_wconf 88' lang='lat' dir='ltr'>usu.</span> <span class='ocrx_word' id='word_1_233' title='bbox 211 2003 284 2059; x_wconf 86' lang='lat' dir='ltr'>Cum</span> <span class='ocrx_word' id='word_1_234' title='bbox 301 2004 465 2059; x_wconf 76' lang='lat' dir='ltr'>naturaliter</span> <span class='ocrx_word' id='word_1_235' title='bbox 482 2002 681 2074; x_wconf 86' lang='lat' dir='ltr'>consanguinei</span> <span class='ocrx_word' id='word_1_236' title='bbox 700 2002 860 2074; x_wconf 87' lang='lat' dir='ltr'>diligantur,</span> <span class='ocrx_word' id='word_1_237' title='bbox 880 2020 957 2057; x_wconf 85' lang='lat' dir='ltr'>arnor</span> <span class='ocrx_word' id='word_1_238' title='bbox 989 2002 1164 2057; x_wconf 82' lang='lat' dir='ltr'>Graecorum</span> <span class='ocrx_word' id='word_1_239' title='bbox 1192 2004 1266 2073; x_wconf 73' lang='lat' dir='ltr'>iopes</span> <span class='ocrx_word' id='word_1_240' title='bbox 1285 2008 1507 2073; x_wconf 73' lang='lat' dir='ltr'>consanouineos</span> <span class='ocrx_word' id='word_1_241' title='bbox 1524 2006 1688 2075; x_wconf 66' lang='lat' dir='ltr'>appeliant,</span> <span class='ocrx_word' id='word_1_242' title='bbox 1712 2012 1741 2059; x_wconf 91' lang='lat' dir='ltr'>et</span> <span class='ocrx_word' id='word_1_243' title='bbox 1757 2006 1819 2071; x_wconf 78' lang='lat' dir='ltr'>dip-</span> 
     </span>
     <span class='ocr_line' id='line_1_21' title="bbox 114 2088 1820 2162; baseline 0.001 -18"><span class='ocrx_word' id='word_1_244' title='bbox 114 2090 274 2162; x_wconf 76' lang='lat' dir='ltr'>coajugnlis</span> <span class='ocrx_word' id='word_1_245' title='bbox 299 2089 386 2145; x_wconf 88' lang='lat' dir='ltr'>amori</span> <span class='ocrx_word' id='word_1_246' title='bbox 409 2089 451 2143; x_wconf 91' lang='lat' dir='ltr'>illi</span> <span class='ocrx_word' id='word_1_247' title='bbox 471 2089 590 2144; x_wconf 88' lang='lat' dir='ltr'>naturali</span> <span class='ocrx_word' id='word_1_248' title='bbox 608 2088 721 2143; x_wconf 89' lang='lat' dir='ltr'>additus</span> <span class='ocrx_word' id='word_1_249' title='bbox 741 2089 777 2143; x_wconf 88' lang='lat' dir='ltr'>ad</span> <span class='ocrx_word' id='word_1_250' title='bbox 796 2090 957 2144; x_wconf 89' lang='lat' dir='ltr'>immodera·</span> <span class='ocrx_word' id='word_1_251' title='bbox 984 2091 1093 2155; x_wconf 88' lang='lat' dir='ltr'>niores,</span> <span class='ocrx_word' id='word_1_252' title='bbox 1116 2107 1180 2145; x_wconf 90' lang='lat' dir='ltr'>cum</span> <span class='ocrx_word' id='word_1_253' title='bbox 1197 2090 1302 2144; x_wconf 88' lang='lat' dir='ltr'>abillis</span> <span class='ocrx_word' id='word_1_254' title='bbox 1320 2091 1376 2144; x_wconf 86' lang='lat' dir='ltr'>sint</span> <span class='ocrx_word' id='word_1_255' title='bbox 1395 2090 1596 2161; x_wconf 80' lang='lat' dir='ltr'>promulgatae,</span> <span class='ocrx_word' id='word_1_256' title='bbox 1617 2090 1664 2160; x_wconf 91' lang='lat' dir='ltr'>qui</span> <span class='ocrx_word' id='word_1_257' title='bbox 1681 2096 1820 2160; x_wconf 71' lang='lat' dir='ltr'>potestate</span> 
     </span>
     <span class='ocr_line' id='line_1_22' title="bbox 114 2174 1820 2247; baseline -0.002 -15"><span class='ocrx_word' id='word_1_258' title='bbox 114 2184 178 2232; x_wconf 89' lang='lat' dir='ltr'>tum</span> <span class='ocrx_word' id='word_1_259' title='bbox 195 2176 320 2247; x_wconf 81' lang='lat' dir='ltr'>conjugii</span> <span class='ocrx_word' id='word_1_260' title='bbox 348 2194 429 2231; x_wconf 89' lang='lat' dir='ltr'>usam</span> <span class='ocrx_word' id='word_1_261' title='bbox 452 2176 623 2247; x_wconf 87' lang='lat' dir='ltr'>propinquos</span> <span class='ocrx_word' id='word_1_262' title='bbox 647 2176 820 2231; x_wconf 85' lang='lat' dir='ltr'>matrimonio</span> <span class='ocrx_word' id='word_1_263' title='bbox 842 2177 957 2245; x_wconf 87' lang='lat' dir='ltr'>junctos</span> <span class='ocrx_word' id='word_1_264' title='bbox 984 2177 1078 2246; x_wconf 81' lang='lat' dir='ltr'>legum</span> <span class='ocrx_word' id='word_1_265' title='bbox 1108 2174 1285 2231; x_wconf 85' lang='lat' dir='ltr'>ferendarum</span> <span class='ocrx_word' id='word_1_266' title='bbox 1319 2176 1451 2230; x_wconf 85' lang='lat' dir='ltr'>divinitus</span> <span class='ocrx_word' id='word_1_267' title='bbox 1480 2176 1609 2231; x_wconf 82' lang='lat' dir='ltr'>instructi</span> <span class='ocrx_word' id='word_1_268' title='bbox 1641 2176 1697 2230; x_wconf 90' lang='lat' dir='ltr'>sint</span> <span class='ocrx_word' id='word_1_269' title='bbox 1726 2182 1755 2230; x_wconf 91' lang='lat' dir='ltr'>et</span> <span class='ocrx_word' id='word_1_270' title='bbox 1781 2175 1820 2229; x_wconf 88' lang='lat' dir='ltr'>ad</span> 
     </span>
     <span class='ocr_line' id='line_1_23' title="bbox 116 2259 1820 2333; baseline -0.001 -18"><span class='ocrx_word' id='word_1_271' title='bbox 116 2260 274 2332; x_wconf 80' lang='lat' dir='ltr'>inpelleret</span> <span class='ocrx_word' id='word_1_272' title='bbox 300 2261 382 2331; x_wconf 88' lang='lat' dir='ltr'>(quac</span> <span class='ocrx_word' id='word_1_273' title='bbox 399 2259 473 2316; x_wconf 85' lang='lat' dir='ltr'>ratio</span> <span class='ocrx_word' id='word_1_274' title='bbox 492 2278 548 2315; x_wconf 91' lang='lat' dir='ltr'>non</span> <span class='ocrx_word' id='word_1_275' title='bbox 567 2260 621 2313; x_wconf 93' lang='lat' dir='ltr'>nisi</span> <span class='ocrx_word' id='word_1_276' title='bbox 638 2266 702 2330; x_wconf 90' lang='lat' dir='ltr'>post</span> <span class='ocrx_word' id='word_1_277' title='bbox 720 2262 828 2331; x_wconf 89' lang='lat' dir='ltr'>lapsum</span> <span class='ocrx_word' id='word_1_278' title='bbox 847 2262 957 2316; x_wconf 86' lang='lat' dir='ltr'>demum</span> <span class='ocrx_word' id='word_1_279' title='bbox 985 2262 1184 2332; x_wconf 87' lang='lat' dir='ltr'>prohibitiones</span> <span class='ocrx_word' id='word_1_280' title='bbox 1203 2263 1311 2317; x_wconf 85' lang='lat' dir='ltr'>divinas</span> <span class='ocrx_word' id='word_1_281' title='bbox 1330 2263 1444 2333; x_wconf 87' lang='lat' dir='ltr'>propius</span> <span class='ocrx_word' id='word_1_282' title='bbox 1463 2263 1612 2327; x_wconf 78' lang='lat' dir='ltr'>accedaut3</span> <span class='ocrx_word' id='word_1_283' title='bbox 1630 2268 1659 2317; x_wconf 92' lang='lat' dir='ltr'>et</span> <span class='ocrx_word' id='word_1_284' title='bbox 1678 2262 1820 2330; x_wconf 78' lang='lat' dir='ltr'>certiores,</span> 
     </span>
     <span class='ocr_line' id='line_1_24' title="bbox 116 2344 1819 2419; baseline 0.001 -17"><span class='ocrx_word' id='word_1_285' title='bbox 116 2346 191 2403; x_wconf 87' lang='lat' dir='ltr'>inter</span> <span class='ocrx_word' id='word_1_286' title='bbox 209 2346 335 2402; x_wconf 88' lang='lat' dir='ltr'>homines</span> <span class='ocrx_word' id='word_1_287' title='bbox 359 2346 449 2401; x_wconf 91' lang='lat' dir='ltr'>locum</span> <span class='ocrx_word' id='word_1_288' title='bbox 472 2344 575 2400; x_wconf 87' lang='lat' dir='ltr'>habers</span> <span class='ocrx_word' id='word_1_289' title='bbox 599 2348 708 2416; x_wconf 88' lang='lat' dir='ltr'>coepit).</span> <span class='ocrx_word' id='word_1_290' title='bbox 754 2346 814 2401; x_wconf 88' lang='lat' dir='ltr'>Has</span> <span class='ocrx_word' id='word_1_291' title='bbox 836 2349 958 2402; x_wconf 88' lang='lat' dir='ltr'>rationes</span> <span class='ocrx_word' id='word_1_292' title='bbox 984 2366 1048 2405; x_wconf 89' lang='lat' dir='ltr'>curn</span> <span class='ocrx_word' id='word_1_293' title='bbox 1071 2365 1126 2402; x_wconf 91' lang='lat' dir='ltr'>non</span> <span class='ocrx_word' id='word_1_294' title='bbox 1144 2348 1248 2401; x_wconf 82' lang='lat' dir='ltr'>suerint</span> <span class='ocrx_word' id='word_1_295' title='bbox 1266 2349 1349 2402; x_wconf 76' lang='lat' dir='ltr'>trintis</span> <span class='ocrx_word' id='word_1_296' title='bbox 1369 2348 1569 2402; x_wconf 86' lang='lat' dir='ltr'>variationibus</span> <span class='ocrx_word' id='word_1_297' title='bbox 1587 2348 1737 2417; x_wconf 89' lang='lat' dir='ltr'>obnoxiae,</span> <span class='ocrx_word' id='word_1_298' title='bbox 1758 2348 1819 2419; x_wconf 89' lang='lat' dir='ltr'>qui·</span> 
     </span>
     <span class='ocr_line' id='line_1_25' title="bbox 118 2430 1818 2504; baseline 0.001 -17"><span class='ocrx_word' id='word_1_299' title='bbox 118 2450 217 2489; x_wconf 87' lang='lat' dir='ltr'>omnes</span> <span class='ocrx_word' id='word_1_300' title='bbox 236 2431 430 2501; x_wconf 84' lang='lat' dir='ltr'>complectitur</span> <span class='ocrx_word' id='word_1_301' title='bbox 447 2430 568 2485; x_wconf 81' lang='lat' dir='ltr'>Thomas</span> <span class='ocrx_word' id='word_1_302' title='bbox 588 2438 612 2486; x_wconf 81' lang='lat'>2.</span> <span class='ocrx_word' id='word_1_303' title='bbox 633 2438 657 2487; x_wconf 83' lang='lat'>2.</span> <span class='ocrx_word' id='word_1_304' title='bbox 675 2439 780 2502; x_wconf 84' lang='lat' dir='ltr'>quaest.</span> <span class='ocrx_word' id='word_1_305' title='bbox 802 2438 859 2489; x_wconf 80' lang='lat'><strong>154.</strong></span> <span class='ocrx_word' id='word_1_306' title='bbox 879 2434 956 2487; x_wconf 84' lang='lat' dir='ltr'>artie</span> <span class='ocrx_word' id='word_1_307' title='bbox 986 2436 1037 2490; x_wconf 92' lang='lat' dir='ltr'>bus</span> <span class='ocrx_word' id='word_1_308' title='bbox 1061 2434 1209 2489; x_wconf 87' lang='lat' dir='ltr'>canonicas</span> <span class='ocrx_word' id='word_1_309' title='bbox 1238 2450 1272 2487; x_wconf 91' lang='lat' dir='ltr'>ex</span> <span class='ocrx_word' id='word_1_310' title='bbox 1303 2433 1465 2503; x_wconf 88' lang='lat' dir='ltr'>pontificum</span> <span class='ocrx_word' id='word_1_311' title='bbox 1489 2434 1603 2487; x_wconf 85' lang='lat' dir='ltr'>arbitrio</span> <span class='ocrx_word' id='word_1_312' title='bbox 1629 2434 1818 2504; x_wconf 86' lang='lat' dir='ltr'>dependentes</span> 
     </span>
     <span class='ocr_line' id='line_1_26' title="bbox 116 2516 1816 2593; baseline -0.002 -16"><span class='ocrx_word' id='word_1_313' title='bbox 116 2525 145 2577; x_wconf 87' lang='grc'>9.</span> <span class='ocrx_word' id='word_1_314' title='bbox 164 2520 205 2574; x_wconf 89' lang='lat' dir='ltr'>sio</span> <span class='ocrx_word' id='word_1_315' title='bbox 223 2518 375 2573; x_wconf 68' lang='lat' dir='ltr'>dissuens:</span> <span class='ocrx_word' id='word_1_316' title='bbox 397 2518 506 2571; x_wconf 83' lang='lat' dir='ltr'>Causae</span> <span class='ocrx_word' id='word_1_317' title='bbox 520 2516 724 2586; x_wconf 78' lang='lat' dir='ltr'>prohibitionis</span> <span class='ocrx_word' id='word_1_318' title='bbox 740 2520 879 2588; x_wconf 69' lang='lat' dir='ltr'>prasinum</span> <span class='ocrx_word' id='word_1_319' title='bbox 894 2528 958 2572; x_wconf 81' lang='lat' dir='ltr'>sum</span> <span class='ocrx_word' id='word_1_320' title='bbox 981 2521 1125 2593; x_wconf 86' lang='lat' dir='ltr'>jactitatas</span> <span class='ocrx_word' id='word_1_321' title='bbox 1144 2521 1230 2575; x_wconf 86' lang='lat' dir='ltr'>luisse</span> <span class='ocrx_word' id='word_1_322' title='bbox 1258 2521 1331 2575; x_wconf 83' lang='lat' dir='ltr'>inira</span> <span class='ocrx_word' id='word_1_323' title='bbox 1349 2519 1513 2574; x_wconf 86' lang='lat' dir='ltr'>videbimus.</span> <span class='ocrx_word' id='word_1_324' title='bbox 1553 2520 1706 2591; x_wconf 82' lang='lat' dir='ltr'>Sequemur</span> <span class='ocrx_word' id='word_1_325' title='bbox 1723 2528 1816 2577; x_wconf 87' lang='lat' dir='ltr'>autem</span> 
     </span>
     <span class='ocr_line' id='line_1_27' title="bbox 117 2603 1818 2678; baseline 0.001 -21"><span class='ocrx_word' id='word_1_326' title='bbox 117 2614 258 2676; x_wconf 77' lang='lat' dir='ltr'>qrmtuar:</span> <span class='ocrx_word' id='word_1_327' title='bbox 284 2607 308 2655; x_wconf 87' lang='lat'>1.</span> <span class='ocrx_word' id='word_1_328' title='bbox 327 2603 396 2671; x_wconf 83' lang='lat' dir='ltr'>quia</span> <span class='ocrx_word' id='word_1_329' title='bbox 421 2604 591 2657; x_wconf 76' lang='lat' dir='ltr'>naturaliter</span> <span class='ocrx_word' id='word_1_330' title='bbox 617 2604 698 2658; x_wconf 79' lang='lat' dir='ltr'>homo</span> <span class='ocrx_word' id='word_1_331' title='bbox 716 2607 795 2659; x_wconf 80' lang='lat' dir='ltr'>debet</span> <span class='ocrx_word' id='word_1_332' title='bbox 814 2608 957 2674; x_wconf 79' lang='lat' dir='ltr'>qriundom</span> <span class='ocrx_word' id='word_1_333' title='bbox 985 2608 1135 2678; x_wconf 86' lang='lat' dir='ltr'>praefixum</span> <span class='ocrx_word' id='word_1_334' title='bbox 1156 2605 1265 2662; x_wconf 86' lang='lat' dir='ltr'>anobis</span> <span class='ocrx_word' id='word_1_335' title='bbox 1283 2607 1359 2675; x_wconf 89' lang='lat' dir='ltr'>prius</span> <span class='ocrx_word' id='word_1_336' title='bbox 1371 2607 1504 2670; x_wconf 88' lang='lat' dir='ltr'>ordinem,</span> <span class='ocrx_word' id='word_1_337' title='bbox 1524 2613 1555 2660; x_wconf 92' lang='lat' dir='ltr'>ut</span> <span class='ocrx_word' id='word_1_338' title='bbox 1569 2608 1604 2659; x_wconf 83' lang='lat' dir='ltr'>cic</span> <span class='ocrx_word' id='word_1_339' title='bbox 1622 2606 1818 2674; x_wconf 75' lang='lat' dir='ltr'>consnnpuini-</span> 
     </span>
     <span class='ocr_line' id='line_1_28' title="bbox 117 2688 1898 2763; baseline 0.001 -17"><span class='ocrx_word' id='word_1_340' title='bbox 117 2688 362 2759; x_wconf 76' lang='lat' dir='ltr'>hanon&#39;fieentiam</span> <span class='ocrx_word' id='word_1_341' title='bbox 381 2689 549 2758; x_wconf 64' lang='lat' dir='ltr'>panetius</span> <span class='ocrx_word' id='word_1_342' title='bbox 578 2699 604 2744; x_wconf 88' lang='lat' dir='ltr'>et</span> <span class='ocrx_word' id='word_1_343' title='bbox 629 2691 757 2760; x_wconf 79' lang='lat' dir='ltr'>capuciis</span> <span class='ocrx_word' id='word_1_344' title='bbox 784 2692 815 2744; x_wconf 89' lang='lat' dir='ltr'>in</span> <span class='ocrx_word' id='word_1_345' title='bbox 842 2700 958 2761; x_wconf 89' lang='lat' dir='ltr'>tontum,</span> <span class='ocrx_word' id='word_1_346' title='bbox 985 2703 1042 2747; x_wconf 86' lang='lat' dir='ltr'>tate</span> <span class='ocrx_word' id='word_1_347' title='bbox 1059 2693 1194 2763; x_wconf 88' lang='lat' dir='ltr'>primum,</span> <span class='ocrx_word' id='word_1_348' title='bbox 1220 2700 1317 2762; x_wconf 85' lang='lat' dir='ltr'>postea</span> <span class='ocrx_word' id='word_1_349' title='bbox 1342 2694 1378 2745; x_wconf 81' lang='lat' dir='ltr'>cle</span> <span class='ocrx_word' id='word_1_350' title='bbox 1396 2692 1540 2756; x_wconf 75' lang='lat' dir='ltr'>assiriitote</span> <span class='ocrx_word' id='word_1_351' title='bbox 1561 2691 1695 2745; x_wconf 89' lang='lat' dir='ltr'>dicamus.</span> <span class='ocrx_word' id='word_1_352' title='bbox 1733 2697 1754 2747; x_wconf 89' lang='lat'>1.</span> <span class='ocrx_word' id='word_1_353' title='bbox 1774 2692 1819 2747; x_wconf 88' lang='lat' dir='ltr'>Da</span> <span class='ocrx_word' id='word_1_354' title='bbox 1832 2693 1850 2735; x_wconf 86' lang='lat'>¹·</span> <span class='ocrx_word' id='word_1_355' title='bbox 1864 2695 1898 2735; x_wconf 73' lang='grc' dir='ltr'>ὓ·</span> 
     </span>
     <span class='ocr_line' id='line_1_29' title="bbox 116 2756 1966 2855; baseline 0.004 -23"><span class='ocrx_word' id='word_1_356' title='bbox 116 2778 197 2849; x_wconf 76' lang='lat' dir='ltr'>qriod</span> <span class='ocrx_word' id='word_1_357' title='bbox 213 2779 295 2846; x_wconf 82' lang='lat' dir='ltr'>apud</span> <span class='ocrx_word' id='word_1_358' title='bbox 312 2777 457 2845; x_wconf 85' lang='lat' dir='ltr'>antiquos,</span> <span class='ocrx_word' id='word_1_359' title='bbox 483 2783 514 2829; x_wconf 89' lang='lat' dir='ltr'>ut</span> <span class='ocrx_word' id='word_1_360' title='bbox 544 2776 671 2830; x_wconf 82' lang='lat' dir='ltr'>Valerius</span> <span class='ocrx_word' id='word_1_361' title='bbox 696 2779 843 2832; x_wconf 76' lang='lat' dir='ltr'>discimus</span> <span class='ocrx_word' id='word_1_362' title='bbox 861 2778 958 2847; x_wconf 73' lang='lat' dir='ltr'>refert,</span> <span class='ocrx_word' id='word_1_363' title='bbox 986 2779 1226 2851; x_wconf 80' lang='lat' dir='ltr'>consanguinitate</span> <span class='ocrx_word' id='word_1_364' title='bbox 1241 2779 1303 2833; x_wconf 92' lang='lat' dir='ltr'>l.in</span> <span class='ocrx_word' id='word_1_365' title='bbox 1314 2778 1389 2833; x_wconf 90' lang='lat' dir='ltr'>linea</span> <span class='ocrx_word' id='word_1_366' title='bbox 1402 2785 1478 2833; x_wconf 86' lang='lat' dir='ltr'>reeta</span> <span class='ocrx_word' id='word_1_367' title='bbox 1489 2778 1609 2834; x_wconf 90' lang='lat' dir='ltr'>traditur</span> <span class='ocrx_word' id='word_1_368' title='bbox 1621 2778 1689 2833; x_wconf 89' lang='lat' dir='ltr'>hacc</span> <span class='ocrx_word' id='word_1_369' title='bbox 1706 2756 1966 2855; x_wconf 56' lang='lat' dir='ltr'>regulatiiiiiiile„</span> 
     </span>
     <span class='ocr_line' id='line_1_30' title="bbox 116 2848 1956 2941; baseline -0.002 -22"><span class='ocrx_word' id='word_1_370' title='bbox 116 2881 176 2919; x_wconf 88' lang='lat' dir='ltr'>nen</span> <span class='ocrx_word' id='word_1_371' title='bbox 193 2870 256 2917; x_wconf 88' lang='lat' dir='ltr'>erat</span> <span class='ocrx_word' id='word_1_372' title='bbox 272 2863 323 2925; x_wconf 85' lang='lat' dir='ltr'>sas</span> <span class='ocrx_word' id='word_1_373' title='bbox 335 2862 431 2931; x_wconf 79' lang='lat' dir='ltr'>filium</span> <span class='ocrx_word' id='word_1_374' title='bbox 458 2862 543 2915; x_wconf 86' lang='lat' dir='ltr'>simul</span> <span class='ocrx_word' id='word_1_375' title='bbox 566 2879 628 2915; x_wconf 89' lang='lat' dir='ltr'>cum</span> <span class='ocrx_word' id='word_1_376' title='bbox 648 2872 734 2931; x_wconf 81' lang='lat' dir='ltr'>patre</span> <span class='ocrx_word' id='word_1_377' title='bbox 753 2864 884 2917; x_wconf 78' lang='lat' dir='ltr'>boirieori</span> <span class='ocrx_word' id='word_1_378' title='bbox 909 2882 959 2917; x_wconf 82' lang='lat' dir='ltr'>ricc</span> <span class='ocrx_word' id='word_1_379' title='bbox 985 2869 1064 2921; x_wconf 88' lang='lat' dir='ltr'>lnter</span> <span class='ocrx_word' id='word_1_380' title='bbox 1090 2866 1290 2918; x_wconf 71' lang='lat' dir='ltr'>arhcendentes</span> <span class='ocrx_word' id='word_1_381' title='bbox 1312 2873 1337 2918; x_wconf 89' lang='lat' dir='ltr'>et</span> <span class='ocrx_word' id='word_1_382' title='bbox 1364 2866 1560 2917; x_wconf 78' lang='lat' dir='ltr'>ciescendcntes</span> <span class='ocrx_word' id='word_1_383' title='bbox 1577 2865 1692 2932; x_wconf 80' lang='lat' dir='ltr'>nuptiae</span> <span class='ocrx_word' id='word_1_384' title='bbox 1710 2865 1739 2916; x_wconf 89' lang='lat' dir='ltr'>in</span> <span class='ocrx_word' id='word_1_385' title='bbox 1758 2848 1956 2941; x_wconf 53' lang='lat' dir='ltr'>inii-{fflm</span> 
     </span>
     <span class='ocr_line' id='line_1_31' title="bbox 116 2948 1819 3022; baseline -0.001 -18"><span class='ocrx_word' id='word_1_386' title='bbox 116 2968 149 3005; x_wconf 87' lang='lat' dir='ltr'>se</span> <span class='ocrx_word' id='word_1_387' title='bbox 179 2950 296 3003; x_wconf 85' lang='lat' dir='ltr'>inuicem</span> <span class='ocrx_word' id='word_1_388' title='bbox 327 2950 420 3001; x_wconf 88' lang='lat' dir='ltr'>nudos</span> <span class='ocrx_word' id='word_1_389' title='bbox 450 2948 628 3018; x_wconf 71' lang='lat' dir='ltr'>conspicere,</span> <span class='ocrx_word' id='word_1_390' title='bbox 661 2954 688 3003; x_wconf 82' lang='lat'>2.</span> <span class='ocrx_word' id='word_1_391' title='bbox 718 2950 786 3017; x_wconf 85' lang='lat' dir='ltr'>quio</span> <span class='ocrx_word' id='word_1_392' title='bbox 818 2966 958 3018; x_wconf 85' lang='lat' dir='ltr'>personas</span> <span class='ocrx_word' id='word_1_393' title='bbox 984 2953 1073 3004; x_wconf 75' lang='lat' dir='ltr'>nitunt</span> <span class='ocrx_word' id='word_1_394' title='bbox 1099 2959 1163 3004; x_wconf 88' lang='lat' dir='ltr'>sunt</span> <span class='ocrx_word' id='word_1_395' title='bbox 1181 2950 1349 3018; x_wconf 78' lang='lat' dir='ltr'>prohibitae.</span> <span class='ocrx_word' id='word_1_396' title='bbox 1393 2950 1568 3003; x_wconf 75' lang='lat' dir='ltr'>iustinianus</span> <span class='ocrx_word' id='word_1_397' title='bbox 1593 2950 1621 3022; x_wconf 63' lang='grc' dir='ltr'>ξ.</span> <span class='ocrx_word' id='word_1_398' title='bbox 1666 2950 1741 3020; x_wconf 86' lang='lat' dir='ltr'>Ergo</span> <span class='ocrx_word' id='word_1_399' title='bbox 1763 2964 1819 3003; x_wconf 93' lang='lat' dir='ltr'>non</span> 
     </span>
     <span class='ocr_line' id='line_1_32' title="bbox 116 3034 1819 3105; baseline -0.001 -14"><span class='ocrx_word' id='word_1_400' title='bbox 116 3036 256 3105; x_wconf 70' lang='lat' dir='ltr'>sanquine</span> <span class='ocrx_word' id='word_1_401' title='bbox 269 3035 386 3105; x_wconf 85' lang='lat' dir='ltr'>junctas</span> <span class='ocrx_word' id='word_1_402' title='bbox 406 3050 517 3088; x_wconf 78' lang='lat' dir='ltr'>amesae</span> <span class='ocrx_word' id='word_1_403' title='bbox 540 3036 682 3089; x_wconf 86' lang='lat' dir='ltr'>estsirnnl</span> <span class='ocrx_word' id='word_1_404' title='bbox 701 3035 875 3089; x_wconf 80' lang='lat' dir='ltr'>adinvicem</span> <span class='ocrx_word' id='word_1_405' title='bbox 894 3052 958 3088; x_wconf 91' lang='lat' dir='ltr'>con·</span> <span class='ocrx_word' id='word_1_406' title='bbox 985 3052 1087 3090; x_wconf 89' lang='lat' dir='ltr'>omnes.</span> <span class='ocrx_word' id='word_1_407' title='bbox 1117 3042 1141 3090; x_wconf 81' lang='grc'>2.</span> <span class='ocrx_word' id='word_1_408' title='bbox 1167 3036 1289 3090; x_wconf 87' lang='lat' dir='ltr'>institut.</span> <span class='ocrx_word' id='word_1_409' title='bbox 1318 3034 1353 3087; x_wconf 90' lang='lat' dir='ltr'>de</span> <span class='ocrx_word' id='word_1_410' title='bbox 1378 3042 1474 3103; x_wconf 78' lang='lat' dir='ltr'>nupt:</span> <span class='ocrx_word' id='word_1_411' title='bbox 1498 3036 1577 3088; x_wconf 88' lang='lat' dir='ltr'>Inter</span> <span class='ocrx_word' id='word_1_412' title='bbox 1600 3051 1649 3087; x_wconf 84' lang='lat' dir='ltr'>eos</span> <span class='ocrx_word' id='word_1_413' title='bbox 1667 3052 1819 3103; x_wconf 77' lang='lat' dir='ltr'>¹persona-r,</span> 
     </span>
     <span class='ocr_line' id='line_1_33' title="bbox 118 3121 1819 3192; baseline -0.004 -12"><span class='ocrx_word' id='word_1_414' title='bbox 118 3123 245 3191; x_wconf 65' lang='lat' dir='ltr'>caseri,</span> <span class='ocrx_word' id='word_1_415' title='bbox 271 3123 366 3191; x_wconf 82' lang='lat' dir='ltr'>sicque</span> <span class='ocrx_word' id='word_1_416' title='bbox 387 3121 518 3174; x_wconf 88' lang='lat' dir='ltr'>continuo</span> <span class='ocrx_word' id='word_1_417' title='bbox 537 3122 670 3176; x_wconf 78' lang='lat' dir='ltr'>baberent</span> <span class='ocrx_word' id='word_1_418' title='bbox 689 3122 861 3175; x_wconf 71' lang='lat' dir='ltr'>occanonem</span> <span class='ocrx_word' id='word_1_419' title='bbox 878 3122 958 3175; x_wconf 79' lang='lat' dir='ltr'>nnn-</span> <span class='ocrx_word' id='word_1_420' title='bbox 986 3141 1057 3191; x_wconf 85' lang='lat' dir='ltr'>quae</span> <span class='ocrx_word' id='word_1_421' title='bbox 1074 3132 1226 3192; x_wconf 81' lang='lat' dir='ltr'>parentum</span> <span class='ocrx_word' id='word_1_422' title='bbox 1246 3122 1431 3175; x_wconf 79' lang='lat' dir='ltr'>liberorumne</span> <span class='ocrx_word' id='word_1_423' title='bbox 1450 3121 1540 3174; x_wconf 86' lang='lat' dir='ltr'>locum</span> <span class='ocrx_word' id='word_1_424' title='bbox 1554 3122 1627 3173; x_wconf 88' lang='lat' dir='ltr'>inter</span> <span class='ocrx_word' id='word_1_425' title='bbox 1642 3138 1672 3173; x_wconf 87' lang='lat' dir='ltr'>sc</span> <span class='ocrx_word' id='word_1_426' title='bbox 1690 3122 1819 3190; x_wconf 82' lang='lat' dir='ltr'>obtinent,</span> 
     </span>
     <span class='ocr_line' id='line_1_34' title="bbox 117 3207 1926 3278; baseline -0.001 -15"><span class='ocrx_word' id='word_1_427' title='bbox 117 3213 182 3263; x_wconf 85' lang='lat' dir='ltr'>riae</span> <span class='ocrx_word' id='word_1_428' title='bbox 201 3210 338 3277; x_wconf 78' lang='lat' dir='ltr'>nimieque</span> <span class='ocrx_word' id='word_1_429' title='bbox 356 3207 582 3271; x_wconf 78' lang='lat' dir='ltr'>emollescerent;</span> <span class='ocrx_word' id='word_1_430' title='bbox 600 3212 627 3263; x_wconf 79' lang='lat'>3.</span> <span class='ocrx_word' id='word_1_431' title='bbox 646 3209 714 3275; x_wconf 81' lang='lat' dir='ltr'>quio</span> <span class='ocrx_word' id='word_1_432' title='bbox 730 3225 783 3277; x_wconf 82' lang='lat' dir='ltr'>per</span> <span class='ocrx_word' id='word_1_433' title='bbox 804 3210 856 3263; x_wconf 85' lang='lat' dir='ltr'>boo</span> <span class='ocrx_word' id='word_1_434' title='bbox 873 3209 958 3277; x_wconf 86' lang='lat' dir='ltr'>impc-</span> <span class='ocrx_word' id='word_1_435' title='bbox 986 3210 1116 3263; x_wconf 83' lang='lat' dir='ltr'>contrabi</span> <span class='ocrx_word' id='word_1_436' title='bbox 1139 3208 1254 3277; x_wconf 83' lang='lat' dir='ltr'>nuptiae</span> <span class='ocrx_word' id='word_1_437' title='bbox 1276 3224 1332 3259; x_wconf 88' lang='lat' dir='ltr'>non</span> <span class='ocrx_word' id='word_1_438' title='bbox 1348 3214 1479 3275; x_wconf 80' lang='lat' dir='ltr'>possunt,</span> <span class='ocrx_word' id='word_1_439' title='bbox 1503 3207 1591 3260; x_wconf 86' lang='lat' dir='ltr'>ueluti</span> <span class='ocrx_word' id='word_1_440' title='bbox 1613 3208 1688 3260; x_wconf 89' lang='lat' dir='ltr'>inter</span> <span class='ocrx_word' id='word_1_441' title='bbox 1709 3216 1819 3278; x_wconf 86' lang='lat' dir='ltr'>patrem</span> <span class='ocrx_word' id='word_1_442' title='bbox 1918 3226 1926 3241; x_wconf 92' lang='lat'><strong>·</strong></span> 
     </span>
     <span class='ocr_line' id='line_1_35' title="bbox 117 3293 1820 3364; baseline -0.002 -13"><span class='ocrx_word' id='word_1_443' title='bbox 117 3297 235 3351; x_wconf 81' lang='lat' dir='ltr'>‹iirstur</span> <span class='ocrx_word' id='word_1_444' title='bbox 270 3294 469 3363; x_wconf 69' lang='lat' dir='ltr'>muliplicatio</span> <span class='ocrx_word' id='word_1_445' title='bbox 512 3294 682 3359; x_wconf 72' lang='lat' dir='ltr'>amicorum,-</span> <span class='ocrx_word' id='word_1_446' title='bbox 732 3298 755 3349; x_wconf 77' lang='lat' dir='ltr'>t.</span> <span class='ocrx_word' id='word_1_447' title='bbox 793 3296 862 3362; x_wconf 84' lang='lat' dir='ltr'>quia</span> <span class='ocrx_word' id='word_1_448' title='bbox 899 3312 959 3348; x_wconf 90' lang='lat' dir='ltr'>eum</span> <span class='ocrx_word' id='word_1_449' title='bbox 986 3295 1188 3364; x_wconf 64' lang='lat' dir='ltr'>stiliconem</span> <span class='ocrx_word' id='word_1_450' title='bbox 1206 3312 1288 3348; x_wconf 80' lang='lat' dir='ltr'>ocum</span> <span class='ocrx_word' id='word_1_451' title='bbox 1306 3300 1465 3362; x_wconf 83' lang='lat' dir='ltr'>ctneptcm,</span> <span class='ocrx_word' id='word_1_452' title='bbox 1483 3293 1526 3347; x_wconf 82' lang='lat' dir='ltr'>eci</span> <span class='ocrx_word' id='word_1_453' title='bbox 1544 3301 1660 3347; x_wconf 86' lang='lat' dir='ltr'>matrem</span> <span class='ocrx_word' id='word_1_454' title='bbox 1678 3302 1704 3347; x_wconf 90' lang='lat' dir='ltr'>et</span> <span class='ocrx_word' id='word_1_455' title='bbox 1716 3294 1820 3363; x_wconf 84' lang='lat' dir='ltr'>filium,</span> 
     </span>
     <span class='ocr_line' id='line_1_36' title="bbox 119 3379 1821 3450; baseline -0.004 -13"><span class='ocrx_word' id='word_1_456' title='bbox 119 3382 294 3437; x_wconf 82' lang='lat' dir='ltr'>naturaiiter</span> <span class='ocrx_word' id='word_1_457' title='bbox 311 3381 393 3435; x_wconf 78' lang='lat' dir='ltr'>homo</span> <span class='ocrx_word' id='word_1_458' title='bbox 412 3380 649 3449; x_wconf 81' lang='lat' dir='ltr'>consarrpuineom</span> <span class='ocrx_word' id='word_1_459' title='bbox 667 3381 781 3450; x_wconf 65' lang='lat' dir='ltr'>diligat,</span> <span class='ocrx_word' id='word_1_460' title='bbox 797 3383 823 3435; x_wconf 89' lang='lat' dir='ltr'>si</span> <span class='ocrx_word' id='word_1_461' title='bbox 840 3383 960 3435; x_wconf 81' lang='lat' dir='ltr'>adricre·</span> <span class='ocrx_word' id='word_1_462' title='bbox 984 3383 1029 3436; x_wconf 82' lang='lat' dir='ltr'>rel</span> <span class='ocrx_word' id='word_1_463' title='bbox 1053 3383 1147 3435; x_wconf 86' lang='lat' dir='ltr'>ariam</span> <span class='ocrx_word' id='word_1_464' title='bbox 1173 3388 1200 3435; x_wconf 90' lang='lat' dir='ltr'>et</span> <span class='ocrx_word' id='word_1_465' title='bbox 1217 3388 1357 3449; x_wconf 83' lang='lat' dir='ltr'>nepotem,</span> <span class='ocrx_word' id='word_1_466' title='bbox 1386 3386 1411 3432; x_wconf 90' lang='lat' dir='ltr'>ct</span> <span class='ocrx_word' id='word_1_467' title='bbox 1436 3396 1523 3447; x_wconf 77' lang='lat' dir='ltr'>risque</span> <span class='ocrx_word' id='word_1_468' title='bbox 1548 3379 1578 3431; x_wconf 91' lang='lat' dir='ltr'>in</span> <span class='ocrx_word' id='word_1_469' title='bbox 1597 3379 1745 3447; x_wconf 78' lang='lat' dir='ltr'>infinitum.</span> <span class='ocrx_word' id='word_1_470' title='bbox 1780 3380 1821 3433; x_wconf 82' lang='lat' dir='ltr'>Et</span> 
     </span>
     <span class='ocr_line' id='line_1_37' title="bbox 121 3465 1822 3537; baseline -0.004 -12"><span class='ocrx_word' id='word_1_471' title='bbox 121 3479 170 3525; x_wconf 85' lang='lat' dir='ltr'>tur</span> <span class='ocrx_word' id='word_1_472' title='bbox 190 3486 284 3537; x_wconf 89' lang='lat' dir='ltr'>amor,</span> <span class='ocrx_word' id='word_1_473' title='bbox 310 3468 361 3537; x_wconf 77' lang='lat' dir='ltr'>qui</span> <span class='ocrx_word' id='word_1_474' title='bbox 382 3475 424 3521; x_wconf 89' lang='lat' dir='ltr'>est</span> <span class='ocrx_word' id='word_1_475' title='bbox 449 3483 481 3520; x_wconf 82' lang='lat' dir='ltr'>eu</span> <span class='ocrx_word' id='word_1_476' title='bbox 505 3468 699 3520; x_wconf 78' lang='lat' dir='ltr'>eonimirtione</span> <span class='ocrx_word' id='word_1_477' title='bbox 722 3466 857 3537; x_wconf 75' lang='lat' dir='ltr'>Veneres,</span> <span class='ocrx_word' id='word_1_478' title='bbox 875 3470 960 3535; x_wconf 77' lang='lat' dir='ltr'>Jicret</span> <span class='ocrx_word' id='word_1_479' title='bbox 986 3468 1013 3522; x_wconf 87' lang='lat' dir='ltr'>si</span> <span class='ocrx_word' id='word_1_480' title='bbox 1037 3468 1109 3521; x_wconf 86' lang='lat' dir='ltr'>tales</span> <span class='ocrx_word' id='word_1_481' title='bbox 1128 3482 1268 3536; x_wconf 81' lang='lat' dir='ltr'>personne</span> <span class='ocrx_word' id='word_1_482' title='bbox 1287 3467 1360 3518; x_wconf 87' lang='lat' dir='ltr'>inter</span> <span class='ocrx_word' id='word_1_483' title='bbox 1378 3482 1408 3517; x_wconf 85' lang='lat' dir='ltr'>se</span> <span class='ocrx_word' id='word_1_484' title='bbox 1428 3465 1559 3534; x_wconf 81' lang='lat' dir='ltr'>coierint,</span> <span class='ocrx_word' id='word_1_485' title='bbox 1585 3466 1717 3531; x_wconf 75' lang='lat' dir='ltr'>nefarios</span> <span class='ocrx_word' id='word_1_486' title='bbox 1740 3472 1822 3535; x_wconf 86' lang='lat' dir='ltr'>atque</span> 
     </span>
     <span class='ocr_line' id='line_1_38' title="bbox 119 3528 1821 3637; baseline -0.001 -27"><span class='ocrx_word' id='word_1_487' title='bbox 119 3557 228 3611; x_wconf 87' lang='lat' dir='ltr'>nimius</span> <span class='ocrx_word' id='word_1_488' title='bbox 247 3556 339 3609; x_wconf 80' lang='lat' dir='ltr'>ardor</span> <span class='ocrx_word' id='word_1_489' title='bbox 357 3554 509 3607; x_wconf 78' lang='lat' dir='ltr'>amaricet</span> <span class='ocrx_word' id='word_1_490' title='bbox 529 3554 678 3607; x_wconf 68' lang='lat' dir='ltr'>marciorum</span> <span class='ocrx_word' id='word_1_491' title='bbox 698 3553 826 3607; x_wconf 82' lang='lat' dir='ltr'>libidinis</span> <span class='ocrx_word' id='word_1_492' title='bbox 847 3528 1108 3637; x_wconf 65' lang='lat' dir='ltr'>iacenti-lincestas</span> <span class='ocrx_word' id='word_1_493' title='bbox 1134 3554 1250 3624; x_wconf 83' lang='lat' dir='ltr'>nuptias</span> <span class='ocrx_word' id='word_1_494' title='bbox 1279 3552 1453 3606; x_wconf 76' lang='lat' dir='ltr'>contraxisse</span> <span class='ocrx_word' id='word_1_495' title='bbox 1487 3553 1627 3607; x_wconf 86' lang='lat' dir='ltr'>dicuntur.</span> <span class='ocrx_word' id='word_1_496' title='bbox 1672 3550 1779 3607; x_wconf 90' lang='lat' dir='ltr'>Paulus</span> <span class='ocrx_word' id='word_1_497' title='bbox 1803 3550 1821 3608; x_wconf 93' lang='lat' dir='ltr'>l.</span> 
     </span>
     <span class='ocr_line' id='line_1_39' title="bbox 120 3636 1821 3712; baseline -0.003 -16"><span class='ocrx_word' id='word_1_498' title='bbox 120 3660 195 3709; x_wconf 87' lang='lat' dir='ltr'>uum,</span> <span class='ocrx_word' id='word_1_499' title='bbox 212 3642 291 3711; x_wconf 74' lang='lat' dir='ltr'>meod</span> <span class='ocrx_word' id='word_1_500' title='bbox 312 3641 439 3695; x_wconf 79' lang='lat' dir='ltr'>castitati</span> <span class='ocrx_word' id='word_1_501' title='bbox 454 3648 602 3709; x_wconf 73' lang='lat' dir='ltr'>repuannt,</span> <span class='ocrx_word' id='word_1_502' title='bbox 621 3656 705 3709; x_wconf 91' lang='lat' dir='ltr'>quam</span> <span class='ocrx_word' id='word_1_503' title='bbox 717 3640 850 3694; x_wconf 88' lang='lat' dir='ltr'>rationem</span> <span class='ocrx_word' id='word_1_504' title='bbox 870 3641 962 3710; x_wconf 80' lang='lat' dir='ltr'>tangit</span> <span class='ocrx_word' id='word_1_505' title='bbox 987 3641 1143 3711; x_wconf 88' lang='lat' dir='ltr'>Adoptivus</span> <span class='ocrx_word' id='word_1_506' title='bbox 1163 3645 1202 3695; x_wconf 82' lang='lat' dir='ltr'>lt.</span> <span class='ocrx_word' id='word_1_507' title='bbox 1221 3636 1248 3712; x_wconf 65' lang='grc' dir='ltr'>ξ.</span> <span class='ocrx_word' id='word_1_508' title='bbox 1266 3644 1291 3694; x_wconf 81' lang='lat' dir='ltr'>t.</span> <span class='ocrx_word' id='word_1_509' title='bbox 1306 3636 1335 3691; x_wconf 84' lang='lat' dir='ltr'>ff.</span> <span class='ocrx_word' id='word_1_510' title='bbox 1349 3638 1383 3693; x_wconf 91' lang='lat' dir='ltr'>de</span> <span class='ocrx_word' id='word_1_511' title='bbox 1395 3636 1440 3693; x_wconf 85' lang='lat' dir='ltr'>rit.</span> <span class='ocrx_word' id='word_1_512' title='bbox 1458 3646 1550 3707; x_wconf 85' lang='lat' dir='ltr'>nupt:</span> <span class='ocrx_word' id='word_1_513' title='bbox 1571 3636 1694 3693; x_wconf 81' lang='lat' dir='ltr'>Scroilss</span> <span class='ocrx_word' id='word_1_514' title='bbox 1712 3654 1821 3709; x_wconf 82' lang='lat' dir='ltr'>quoque</span> 
     </span>
     <span class='ocr_line' id='line_1_40' title="bbox 118 3688 1821 3803; baseline -0.004 -19"><span class='ocrx_word' id='word_1_515' title='bbox 118 3727 289 3784; x_wconf 86' lang='lat' dir='ltr'>Aristoteles</span> <span class='ocrx_word' id='word_1_516' title='bbox 314 3727 363 3783; x_wconf 91' lang='lat' dir='ltr'>lib.</span> <span class='ocrx_word' id='word_1_517' title='bbox 390 3732 416 3783; x_wconf 83' lang='lat'>2.</span> <span class='ocrx_word' id='word_1_518' title='bbox 441 3726 546 3797; x_wconf 88' lang='lat' dir='ltr'>politic.</span> <span class='ocrx_word' id='word_1_519' title='bbox 570 3726 754 3780; x_wconf 75' lang='lat' dir='ltr'>Bnllanninus</span> <span class='ocrx_word' id='word_1_520' title='bbox 785 3726 820 3781; x_wconf 90' lang='lat' dir='ltr'>de</span> <span class='ocrx_word' id='word_1_521' title='bbox 843 3688 1166 3803; x_wconf 80' lang='lat' dir='ltr'>matrim.leopnationes</span> <span class='ocrx_word' id='word_1_522' title='bbox 1193 3728 1223 3778; x_wconf 89' lang='lat' dir='ltr'>in</span> <span class='ocrx_word' id='word_1_523' title='bbox 1245 3726 1297 3779; x_wconf 80' lang='lat' dir='ltr'>noo</span> <span class='ocrx_word' id='word_1_524' title='bbox 1313 3726 1384 3792; x_wconf 84' lang='lat' dir='ltr'>jure</span> <span class='ocrx_word' id='word_1_525' title='bbox 1407 3724 1600 3778; x_wconf 77' lang='lat' dir='ltr'>observandos</span> <span class='ocrx_word' id='word_1_526' title='bbox 1617 3730 1689 3778; x_wconf 89' lang='lat' dir='ltr'>sunt.</span> <span class='ocrx_word' id='word_1_527' title='bbox 1726 3724 1821 3792; x_wconf 76' lang='lat' dir='ltr'>[piem</span> 
     </span>
     <span class='ocr_line' id='line_1_41' title="bbox 120 3811 1819 3909; baseline -0.005 -38"><span class='ocrx_word' id='word_1_528' title='bbox 120 3832 184 3886; x_wconf 83' lang='lat' dir='ltr'>cap.</span> <span class='ocrx_word' id='word_1_529' title='bbox 203 3820 246 3870; x_wconf 83' lang='lat'>3⁰.</span> <span class='ocrx_word' id='word_1_530' title='bbox 271 3831 305 3869; x_wconf 91' lang='lat' dir='ltr'>ex</span> <span class='ocrx_word' id='word_1_531' title='bbox 328 3812 456 3883; x_wconf 90' lang='lat' dir='ltr'>patribus</span> <span class='ocrx_word' id='word_1_532' title='bbox 479 3820 508 3867; x_wconf 90' lang='lat' dir='ltr'>et</span> <span class='ocrx_word' id='word_1_533' title='bbox 531 3811 641 3865; x_wconf 90' lang='lat' dir='ltr'>Thoma</span> <span class='ocrx_word' id='word_1_534' title='bbox 662 3812 803 3882; x_wconf 85' lang='lat' dir='ltr'>Aquinate</span> <span class='ocrx_word' id='word_1_535' title='bbox 825 3811 875 3865; x_wconf 89' lang='lat' dir='ltr'>has</span> <span class='ocrx_word' id='word_1_536' title='bbox 893 3814 1065 3909; x_wconf 61' lang='lat' dir='ltr'>qua-jonam</span> <span class='ocrx_word' id='word_1_537' title='bbox 1084 3822 1201 3867; x_wconf 86' lang='lat' dir='ltr'>matrem</span> <span class='ocrx_word' id='word_1_538' title='bbox 1226 3813 1413 3865; x_wconf 82' lang='lat' dir='ltr'>manumissus</span> <span class='ocrx_word' id='word_1_539' title='bbox 1435 3828 1490 3863; x_wconf 90' lang='lat' dir='ltr'>non</span> <span class='ocrx_word' id='word_1_540' title='bbox 1513 3813 1595 3863; x_wconf 64' lang='lat' dir='ltr'>(tricet</span> <span class='ocrx_word' id='word_1_541' title='bbox 1618 3827 1741 3875; x_wconf 81' lang='lat' dir='ltr'>acorem,</span> <span class='ocrx_word' id='word_1_542' title='bbox 1758 3818 1819 3864; x_wconf 87' lang='lat' dir='ltr'>ton-</span> 
     </span>
     <span class='ocr_line' id='line_1_42' title="bbox 119 3896 1820 4019; baseline -0.004 -61"><span class='ocrx_word' id='word_1_543' title='bbox 119 3910 185 3958; x_wconf 85' lang='lat' dir='ltr'>tuor</span> <span class='ocrx_word' id='word_1_544' title='bbox 199 3900 322 3955; x_wconf 77' lang='lat' dir='ltr'>mtiones</span> <span class='ocrx_word' id='word_1_545' title='bbox 339 3899 442 3969; x_wconf 88' lang='lat' dir='ltr'>repetit</span> <span class='ocrx_word' id='word_1_546' title='bbox 467 3898 634 3968; x_wconf 87' lang='lat' dir='ltr'>easdemque</span> <span class='ocrx_word' id='word_1_547' title='bbox 651 3898 776 3967; x_wconf 82' lang='lat' dir='ltr'>applicat</span> <span class='ocrx_word' id='word_1_548' title='bbox 794 3898 831 3951; x_wconf 87' lang='lat' dir='ltr'>ad</span> <span class='ocrx_word' id='word_1_549' title='bbox 851 3896 1099 4019; x_wconf 62' lang='lat' dir='ltr'>demon-ltnndem</span> <span class='ocrx_word' id='word_1_550' title='bbox 1118 3899 1195 3968; x_wconf 77' lang='lat' dir='ltr'>juris</span> <span class='ocrx_word' id='word_1_551' title='bbox 1212 3906 1265 3966; x_wconf 86' lang='lat' dir='ltr'>est,</span> <span class='ocrx_word' id='word_1_552' title='bbox 1292 3908 1317 3951; x_wconf 87' lang='lat' dir='ltr'>ct</span> <span class='ocrx_word' id='word_1_553' title='bbox 1341 3898 1372 3951; x_wconf 89' lang='lat' dir='ltr'>in</span> <span class='ocrx_word' id='word_1_554' title='bbox 1394 3914 1492 3951; x_wconf 83' lang='lat' dir='ltr'>sorore</span> <span class='ocrx_word' id='word_1_555' title='bbox 1517 3906 1543 3950; x_wconf 89' lang='lat' dir='ltr'>et</span> <span class='ocrx_word' id='word_1_556' title='bbox 1568 3896 1597 3949; x_wconf 88' lang='lat' dir='ltr'>in</span> <span class='ocrx_word' id='word_1_557' title='bbox 1621 3898 1730 3951; x_wconf 86' lang='lat' dir='ltr'>sororis</span> <span class='ocrx_word' id='word_1_558' title='bbox 1748 3898 1820 3960; x_wconf 79' lang='lat' dir='ltr'>filio.</span> 
     </span>
     <span class='ocr_line' id='line_1_43' title="bbox 118 3984 1822 4087; baseline -0.003 -43"><span class='ocrx_word' id='word_1_559' title='bbox 118 3986 267 4044; x_wconf 77' lang='lat' dir='ltr'>strandum</span> <span class='ocrx_word' id='word_1_560' title='bbox 291 3984 368 4040; x_wconf 89' lang='lat' dir='ltr'>illam</span> <span class='ocrx_word' id='word_1_561' title='bbox 394 3984 623 4055; x_wconf 83' lang='lat' dir='ltr'>propositionem,</span> <span class='ocrx_word' id='word_1_562' title='bbox 649 3986 726 4052; x_wconf 81' lang='lat' dir='ltr'>qnod</span> <span class='ocrx_word' id='word_1_563' title='bbox 751 3984 868 4037; x_wconf 86' lang='lat' dir='ltr'>ecclesie</span> <span class='ocrx_word' id='word_1_564' title='bbox 887 3993 960 4038; x_wconf 89' lang='lat' dir='ltr'>recte</span> <span class='ocrx_word' id='word_1_565' title='bbox 971 4022 975 4087; x_wconf 66' lang='grc' dir='ltr'>Ι</span> <span class='ocrx_word' id='word_1_566' title='bbox 987 3990 1068 4041; x_wconf 86' lang='lat' dir='ltr'>Idem</span> <span class='ocrx_word' id='word_1_567' title='bbox 1085 4006 1100 4041; x_wconf 90' lang='lat' dir='ltr'>c</span> <span class='ocrx_word' id='word_1_568' title='bbox 1116 3987 1261 4041; x_wconf 88' lang='lat' dir='ltr'>contrario</span> <span class='ocrx_word' id='word_1_569' title='bbox 1280 3987 1432 4039; x_wconf 81' lang='lat' dir='ltr'>dicendum</span> <span class='ocrx_word' id='word_1_570' title='bbox 1448 3992 1497 4052; x_wconf 90' lang='lat' dir='ltr'>est,</span> <span class='ocrx_word' id='word_1_571' title='bbox 1515 3992 1545 4037; x_wconf 90' lang='lat' dir='ltr'>ut</span> <span class='ocrx_word' id='word_1_572' title='bbox 1560 3992 1646 4055; x_wconf 84' lang='lat' dir='ltr'>poter</span> <span class='ocrx_word' id='word_1_573' title='bbox 1658 3986 1753 4052; x_wconf 88' lang='lat' dir='ltr'>filiam</span> <span class='ocrx_word' id='word_1_574' title='bbox 1765 4002 1822 4039; x_wconf 89' lang='lat' dir='ltr'>non</span> 
     </span>
     <span class='ocr_line' id='line_1_44' title="bbox 119 4070 1823 4147; baseline -0.004 -17"><span class='ocrx_word' id='word_1_575' title='bbox 119 4076 191 4131; x_wconf 85' lang='lat' dir='ltr'>alim</span> <span class='ocrx_word' id='word_1_576' title='bbox 216 4070 396 4144; x_wconf 78' lang='lat' dir='ltr'>prohibuerit</span> <span class='ocrx_word' id='word_1_577' title='bbox 434 4070 568 4139; x_wconf 75' lang='lat' dir='ltr'>eonjuqia</span> <span class='ocrx_word' id='word_1_578' title='bbox 606 4086 692 4139; x_wconf 83' lang='lat' dir='ltr'>usque</span> <span class='ocrx_word' id='word_1_579' title='bbox 732 4071 774 4123; x_wconf 84' lang='lat' dir='ltr'>ad</span> <span class='ocrx_word' id='word_1_580' title='bbox 807 4070 1075 4147; x_wconf 69' lang='lat' dir='ltr'>scptirrrurrr‚,possir</span> <span class='ocrx_word' id='word_1_581' title='bbox 1090 4076 1205 4136; x_wconf 84' lang='lat' dir='ltr'>ducere,</span> <span class='ocrx_word' id='word_1_582' title='bbox 1230 4072 1257 4125; x_wconf 83' lang='lat' dir='ltr'>ei</span> <span class='ocrx_word' id='word_1_583' title='bbox 1280 4072 1465 4125; x_wconf 75' lang='lat' dir='ltr'>aeternitate</span> <span class='ocrx_word' id='word_1_584' title='bbox 1490 4071 1655 4125; x_wconf 63' lang='lat' dir='ltr'>mereremini</span> <span class='ocrx_word' id='word_1_585' title='bbox 1673 4073 1744 4139; x_wconf 85' lang='lat' dir='ltr'>sint,</span> <span class='ocrx_word' id='word_1_586' title='bbox 1769 4070 1823 4124; x_wconf 84' lang='lat' dir='ltr'>etsi</span> 
     </span>
     <span class='ocr_line' id='line_1_45' title="bbox 115 4150 1821 4247; baseline -0.004 -32"><span class='ocrx_word' id='word_1_587' title='bbox 115 4168 222 4233; x_wconf 81' lang='lat' dir='ltr'>postea</span> <span class='ocrx_word' id='word_1_588' title='bbox 247 4173 313 4211; x_wconf 84' lang='lat' dir='ltr'>cero</span> <span class='ocrx_word' id='word_1_589' title='bbox 334 4172 421 4226; x_wconf 83' lang='lat' dir='ltr'>usque</span> <span class='ocrx_word' id='word_1_590' title='bbox 445 4158 486 4208; x_wconf 85' lang='lat' dir='ltr'>ad</span> <span class='ocrx_word' id='word_1_591' title='bbox 509 4163 641 4225; x_wconf 83' lang='lat' dir='ltr'>quartum</span> <span class='ocrx_word' id='word_1_592' title='bbox 665 4156 917 4223; x_wconf 78' lang='lat' dir='ltr'>consonpuinitatis</span> <span class='ocrx_word' id='word_1_593' title='bbox 934 4165 959 4210; x_wconf 90' lang='lat' dir='ltr'>et</span> <span class='ocrx_word' id='word_1_594' title='bbox 971 4150 975 4247; x_wconf 62' lang='lat' dir='ltr'>l</span> <span class='ocrx_word' id='word_1_595' title='bbox 987 4160 1139 4227; x_wconf 81' lang='lat' dir='ltr'>dubitetur,</span> <span class='ocrx_word' id='word_1_596' title='bbox 1152 4167 1266 4227; x_wconf 78' lang='lat' dir='ltr'>patrem</span> <span class='ocrx_word' id='word_1_597' title='bbox 1284 4174 1346 4210; x_wconf 88' lang='lat' dir='ltr'>enm</span> <span class='ocrx_word' id='word_1_598' title='bbox 1366 4173 1433 4210; x_wconf 86' lang='lat' dir='ltr'>esse.</span> <span class='ocrx_word' id='word_1_599' title='bbox 1471 4158 1548 4211; x_wconf 84' lang='lat' dir='ltr'>Unde</span> <span class='ocrx_word' id='word_1_600' title='bbox 1569 4174 1618 4210; x_wconf 89' lang='lat' dir='ltr'>nea</span> <span class='ocrx_word' id='word_1_601' title='bbox 1632 4158 1714 4226; x_wconf 75' lang='lat' dir='ltr'>ruilpo</span> <span class='ocrx_word' id='word_1_602' title='bbox 1734 4173 1821 4225; x_wconf 79' lang='lat' dir='ltr'>qnae-</span> 
     </span>
     <span class='ocr_line' id='line_1_46' title="bbox 123 4242 1820 4331; baseline -0.003 -29"><span class='ocrx_word' id='word_1_603' title='bbox 123 4245 282 4315; x_wconf 77' lang='lat' dir='ltr'>affinitatis</span> <span class='ocrx_word' id='word_1_604' title='bbox 306 4245 437 4314; x_wconf 74' lang='lat' dir='ltr'>predium.</span> <span class='ocrx_word' id='word_1_605' title='bbox 472 4242 527 4297; x_wconf 88' lang='lat' dir='ltr'>Sed</span> <span class='ocrx_word' id='word_1_606' title='bbox 553 4242 671 4312; x_wconf 85' lang='lat' dir='ltr'>quilibet</span> <span class='ocrx_word' id='word_1_607' title='bbox 697 4242 787 4312; x_wconf 89' lang='lat' dir='ltr'>primo</span> <span class='ocrx_word' id='word_1_608' title='bbox 805 4243 898 4297; x_wconf 88' lang='lat' dir='ltr'>statim</span> <span class='ocrx_word' id='word_1_609' title='bbox 918 4242 1071 4331; x_wconf 53' lang='lat' dir='ltr'>imprdens</span> <span class='ocrx_word' id='word_1_610' title='bbox 1085 4246 1178 4315; x_wconf 81' lang='lat' dir='ltr'>filiam</span> <span class='ocrx_word' id='word_1_611' title='bbox 1193 4252 1279 4314; x_wconf 82' lang='lat' dir='ltr'>poter</span> <span class='ocrx_word' id='word_1_612' title='bbox 1299 4244 1441 4297; x_wconf 79' lang='lat' dir='ltr'>riaturoiis</span> <span class='ocrx_word' id='word_1_613' title='bbox 1460 4252 1554 4312; x_wconf 69' lang='lat' dir='ltr'>protest</span> <span class='ocrx_word' id='word_1_614' title='bbox 1578 4260 1693 4297; x_wconf 74' lang='lat' dir='ltr'>cruorem</span> <span class='ocrx_word' id='word_1_615' title='bbox 1711 4245 1820 4311; x_wconf 68' lang='lat' dir='ltr'>stricare,</span> 
     </span>
     <span class='ocr_line' id='line_1_47' title="bbox 122 4327 1821 4403; baseline -0.002 -15"><span class='ocrx_word' id='word_1_616' title='bbox 122 4333 198 4389; x_wconf 87' lang='lat' dir='ltr'>tulta</span> <span class='ocrx_word' id='word_1_617' title='bbox 217 4328 427 4397; x_wconf 82' lang='lat' dir='ltr'>animadvertit,</span> <span class='ocrx_word' id='word_1_618' title='bbox 448 4327 538 4399; x_wconf 91' lang='lat' dir='ltr'>ipsum</span> <span class='ocrx_word' id='word_1_619' title='bbox 556 4343 574 4382; x_wconf 95' lang='lat' dir='ltr'>a</span> <span class='ocrx_word' id='word_1_620' title='bbox 592 4344 676 4397; x_wconf 88' lang='lat' dir='ltr'>scopo</span> <span class='ocrx_word' id='word_1_621' title='bbox 693 4328 803 4397; x_wconf 87' lang='lat' dir='ltr'>penitus</span> <span class='ocrx_word' id='word_1_622' title='bbox 821 4328 960 4383; x_wconf 84' lang='lat' dir='ltr'>aberrare.</span> <span class='ocrx_word' id='word_1_623' title='bbox 972 4348 974 4401; x_wconf 83' lang='grc'>;</span> <span class='ocrx_word' id='word_1_624' title='bbox 987 4334 1120 4403; x_wconf 78' lang='lat' dir='ltr'>qnoniam</span> <span class='ocrx_word' id='word_1_625' title='bbox 1143 4332 1174 4384; x_wconf 89' lang='lat' dir='ltr'>in</span> <span class='ocrx_word' id='word_1_626' title='bbox 1195 4330 1393 4384; x_wconf 79' lang='lat' dir='ltr'>contrahendis</span> <span class='ocrx_word' id='word_1_627' title='bbox 1417 4330 1604 4384; x_wconf 77' lang='lat' dir='ltr'>irsotrimoniis</span> <span class='ocrx_word' id='word_1_628' title='bbox 1621 4328 1753 4382; x_wconf 86' lang='lat' dir='ltr'>untarnie</span> <span class='ocrx_word' id='word_1_629' title='bbox 1772 4329 1821 4397; x_wconf 71' lang='lat' dir='ltr'>ius</span> 
     </span>
     <span class='ocr_line' id='line_1_48' title="bbox 123 4412 1821 4489; baseline -0.004 -13"><span class='ocrx_word' id='word_1_630' title='bbox 123 4419 241 4475; x_wconf 85' lang='lat' dir='ltr'>Veteres</span> <span class='ocrx_word' id='word_1_631' title='bbox 266 4414 339 4471; x_wconf 88' lang='lat' dir='ltr'>enim</span> <span class='ocrx_word' id='word_1_632' title='bbox 367 4415 405 4467; x_wconf 92' lang='lat' dir='ltr'>ad</span> <span class='ocrx_word' id='word_1_633' title='bbox 430 4412 535 4485; x_wconf 79' lang='lat' dir='ltr'>gradus</span> <span class='ocrx_word' id='word_1_634' title='bbox 564 4412 658 4467; x_wconf 85' lang='lat' dir='ltr'>divina</span> <span class='ocrx_word' id='word_1_635' title='bbox 675 4415 737 4485; x_wconf 81' lang='lat' dir='ltr'>lege</span> <span class='ocrx_word' id='word_1_636' title='bbox 756 4414 910 4484; x_wconf 90' lang='lat' dir='ltr'>prohibitos</span> <span class='ocrx_word' id='word_1_637' title='bbox 934 4418 974 4470; x_wconf 71' lang='lat' dir='ltr'>et*</span> <span class='ocrx_word' id='word_1_638' title='bbox 988 4428 1013 4473; x_wconf 83' lang='lat' dir='ltr'>et</span> <span class='ocrx_word' id='word_1_639' title='bbox 1030 4420 1126 4489; x_wconf 81' lang='lat' dir='ltr'>pudor</span> <span class='ocrx_word' id='word_1_640' title='bbox 1138 4418 1330 4488; x_wconf 67' lang='lat' dir='ltr'>inspiciendus</span> <span class='ocrx_word' id='word_1_641' title='bbox 1346 4424 1394 4483; x_wconf 86' lang='lat' dir='ltr'>est,</span> <span class='ocrx_word' id='word_1_642' title='bbox 1408 4424 1507 4469; x_wconf 76' lang='lat' dir='ltr'>coritro</span> <span class='ocrx_word' id='word_1_643' title='bbox 1515 4418 1656 4485; x_wconf 68' lang='lat' dir='ltr'>pressiorem</span> <span class='ocrx_word' id='word_1_644' title='bbox 1676 4426 1715 4469; x_wconf 90' lang='lat' dir='ltr'>cst</span> <span class='ocrx_word' id='word_1_645' title='bbox 1728 4424 1821 4470; x_wconf 88' lang='lat' dir='ltr'>eutem</span> 
     </span>
     <span class='ocr_line' id='line_1_49' title="bbox 120 4496 1819 4575; baseline -0.002 -16"><span class='ocrx_word' id='word_1_646' title='bbox 120 4504 186 4573; x_wconf 84' lang='lat' dir='ltr'>eos&#39;,</span> <span class='ocrx_word' id='word_1_647' title='bbox 211 4501 259 4575; x_wconf 88' lang='lat' dir='ltr'>qui</span> <span class='ocrx_word' id='word_1_648' title='bbox 278 4499 413 4573; x_wconf 81' lang='lat' dir='ltr'>gradibus</span> <span class='ocrx_word' id='word_1_649' title='bbox 433 4498 566 4554; x_wconf 81' lang='lat' dir='ltr'>divinitus</span> <span class='ocrx_word' id='word_1_650' title='bbox 583 4498 730 4571; x_wconf 88' lang='lat' dir='ltr'>prohibitis</span> <span class='ocrx_word' id='word_1_651' title='bbox 753 4507 819 4555; x_wconf 90' lang='lat' dir='ltr'>sant</span> <span class='ocrx_word' id='word_1_652' title='bbox 835 4496 1078 4570; x_wconf 81' lang='lat' dir='ltr'>proximi,&#39;fitiom</span> <span class='ocrx_word' id='word_1_653' title='bbox 1097 4521 1212 4558; x_wconf 80' lang='lat' dir='ltr'>onorem</span> <span class='ocrx_word' id='word_1_654' title='bbox 1236 4521 1316 4557; x_wconf 78' lang='lat' dir='ltr'>asom</span> <span class='ocrx_word' id='word_1_655' title='bbox 1340 4504 1450 4556; x_wconf 84' lang='lat' dir='ltr'>ducere.</span> <span class='ocrx_word' id='word_1_656' title='bbox 1496 4502 1582 4571; x_wconf 83' lang='lat' dir='ltr'>Cujus</span> <span class='ocrx_word' id='word_1_657' title='bbox 1601 4501 1618 4555; x_wconf 94' lang='lat' dir='ltr'>l.</span> <span class='ocrx_word' id='word_1_658' title='bbox 1637 4501 1759 4570; x_wconf 90' lang='lat' dir='ltr'>nuptiae.</span> <span class='ocrx_word' id='word_1_659' title='bbox 1778 4508 1819 4558; x_wconf 77' lang='grc'>53.</span> 
     </span>
     <span class='ocr_line' id='line_1_50' title="bbox 120 4576 1821 4661; baseline -0.003 -13"><span class='ocrx_word' id='word_1_660' title='bbox 120 4593 174 4648; x_wconf 85' lang='lat' dir='ltr'>has</span> <span class='ocrx_word' id='word_1_661' title='bbox 191 4589 314 4645; x_wconf 73' lang='lat' dir='ltr'>xadonen</span> <span class='ocrx_word' id='word_1_662' title='bbox 333 4586 415 4639; x_wconf 87' lang='lat' dir='ltr'>unice</span> <span class='ocrx_word' id='word_1_663' title='bbox 432 4584 596 4651; x_wconf 90' lang='lat' dir='ltr'>retulerunt,</span> <span class='ocrx_word' id='word_1_664' title='bbox 617 4602 687 4655; x_wconf 88' lang='lat' dir='ltr'>quas</span> <span class='ocrx_word' id='word_1_665' title='bbox 705 4603 768 4641; x_wconf 88' lang='lat' dir='ltr'>cam</span> <span class='ocrx_word' id='word_1_666' title='bbox 780 4587 818 4641; x_wconf 87' lang='lat' dir='ltr'>ad</span> <span class='ocrx_word' id='word_1_667' title='bbox 834 4576 1017 4647; x_wconf 80' lang='lat' dir='ltr'>remotio-iti.</span> <span class='ocrx_word' id='word_1_668' title='bbox 1035 4592 1112 4646; x_wconf 82' lang='lat' dir='ltr'>eod:</span> <span class='ocrx_word' id='word_1_669' title='bbox 1137 4591 1262 4661; x_wconf 82' lang='lat' dir='ltr'>Nuptiae</span> <span class='ocrx_word' id='word_1_670' title='bbox 1291 4590 1442 4642; x_wconf 84' lang='lat' dir='ltr'>consistere</span> <span class='ocrx_word' id='word_1_671' title='bbox 1467 4607 1523 4641; x_wconf 72' lang='lat' dir='ltr'>raon</span> <span class='ocrx_word' id='word_1_672' title='bbox 1537 4595 1657 4657; x_wconf 79' lang='lat' dir='ltr'>possunt</span> <span class='ocrx_word' id='word_1_673' title='bbox 1681 4587 1753 4641; x_wconf 87' lang='lat' dir='ltr'>inter</span> <span class='ocrx_word' id='word_1_674' title='bbox 1773 4605 1821 4643; x_wconf 87' lang='lat' dir='ltr'>eas</span> 
     </span>
     <span class='ocr_line' id='line_1_51' title="bbox 119 4650 1820 4775; baseline 0.003 -49"><span class='ocrx_word' id='word_1_675' title='bbox 119 4696 175 4747; x_wconf 66' lang='lat' dir='ltr'>m,</span> <span class='ocrx_word' id='word_1_676' title='bbox 192 4676 319 4745; x_wconf 77' lang='lat' dir='ltr'>adeoque</span> <span class='ocrx_word' id='word_1_677' title='bbox 338 4673 421 4729; x_wconf 87' lang='lat' dir='ltr'>etiam</span> <span class='ocrx_word' id='word_1_678' title='bbox 439 4674 475 4727; x_wconf 90' lang='lat' dir='ltr'>ad</span> <span class='ocrx_word' id='word_1_679' title='bbox 494 4673 641 4742; x_wconf 87' lang='lat' dir='ltr'>septimum</span> <span class='ocrx_word' id='word_1_680' title='bbox 655 4690 744 4744; x_wconf 87' lang='lat' dir='ltr'>nsque</span> <span class='ocrx_word' id='word_1_681' title='bbox 763 4673 880 4745; x_wconf 80' lang='lat' dir='ltr'>gradum</span> <span class='ocrx_word' id='word_1_682' title='bbox 899 4650 1137 4775; x_wconf 53' lang='lat' dir='ltr'>Bel-{personam</span> <span class='ocrx_word' id='word_1_683' title='bbox 1163 4694 1234 4746; x_wconf 83' lang='lat' dir='ltr'>quoe</span> <span class='ocrx_word' id='word_1_684' title='bbox 1263 4678 1293 4730; x_wconf 88' lang='lat' dir='ltr'>in</span> <span class='ocrx_word' id='word_1_685' title='bbox 1318 4692 1433 4729; x_wconf 77' lang='lat' dir='ltr'>rrunmro</span> <span class='ocrx_word' id='word_1_686' title='bbox 1457 4683 1608 4745; x_wconf 81' lang='lat' dir='ltr'>parentum</span> <span class='ocrx_word' id='word_1_687' title='bbox 1633 4676 1820 4731; x_wconf 83' lang='lat' dir='ltr'>liberorumve</span> 
     </span>
     <span class='ocr_line' id='line_1_52' title="bbox 118 4757 1864 4833; baseline -0.003 -12"><span class='ocrx_word' id='word_1_688' title='bbox 118 4764 256 4821; x_wconf 69' lang='lat' dir='ltr'>miuus</span> <span class='ocrx_word' id='word_1_689' title='bbox 275 4760 408 4825; x_wconf 88' lang='lat' dir='ltr'>extendit,</span> <span class='ocrx_word' id='word_1_690' title='bbox 430 4759 470 4814; x_wconf 90' lang='lat' dir='ltr'>nil</span> <span class='ocrx_word' id='word_1_691' title='bbox 489 4760 542 4813; x_wconf 90' lang='lat' dir='ltr'>uisi</span> <span class='ocrx_word' id='word_1_692' title='bbox 560 4760 773 4831; x_wconf 76' lang='lat' dir='ltr'>iovitoyrortus</span> <span class='ocrx_word' id='word_1_693' title='bbox 792 4763 837 4812; x_wconf 78' lang='lat' dir='ltr'>not</span> <span class='ocrx_word' id='word_1_694' title='bbox 859 4757 961 4813; x_wconf 78' lang='lat' dir='ltr'>iuono—</span> <span class='ocrx_word' id='word_1_695' title='bbox 987 4773 1058 4832; x_wconf 83' lang='lat' dir='ltr'>eunt,</span> <span class='ocrx_word' id='word_1_696' title='bbox 1077 4767 1135 4818; x_wconf 85' lang='lat' dir='ltr'>siue</span> <span class='ocrx_word' id='word_1_697' title='bbox 1149 4764 1282 4833; x_wconf 71' lang='lat' dir='ltr'>prosimi,</span> <span class='ocrx_word' id='word_1_698' title='bbox 1299 4763 1357 4815; x_wconf 86' lang='lat' dir='ltr'>sire</span> <span class='ocrx_word' id='word_1_699' title='bbox 1368 4763 1513 4816; x_wconf 87' lang='lat' dir='ltr'>ulterioris</span> <span class='ocrx_word' id='word_1_700' title='bbox 1525 4763 1633 4830; x_wconf 73' lang='lat' dir='ltr'>prasius</span> <span class='ocrx_word' id='word_1_701' title='bbox 1650 4764 1715 4831; x_wconf 90' lang='lat' dir='ltr'>sint,</span> <span class='ocrx_word' id='word_1_702' title='bbox 1734 4779 1822 4833; x_wconf 83' lang='lat' dir='ltr'>usqne</span> <span class='ocrx_word' id='word_1_703' title='bbox 1859 4806 1864 4815; x_wconf 88' lang='lat'>.</span> 
     </span>
     <span class='ocr_line' id='line_1_53' title="bbox 118 4846 1823 4914; baseline -0.001 -9"><span class='ocrx_word' id='word_1_704' title='bbox 118 4854 239 4910; x_wconf 69' lang='lat' dir='ltr'>inediae</span> <span class='ocrx_word' id='word_1_705' title='bbox 258 4846 354 4903; x_wconf 81' lang='lat' dir='ltr'>nectit.</span> <span class='ocrx_word' id='word_1_706' title='bbox 988 4853 1030 4904; x_wconf 84' lang='lat' dir='ltr'>acl</span> <span class='ocrx_word' id='word_1_707' title='bbox 1053 4851 1201 4914; x_wconf 79' lang='lat' dir='ltr'>infinitum.</span> <span class='ocrx_word' id='word_1_708' title='bbox 1248 4848 1382 4903; x_wconf 80' lang='lat' dir='ltr'>Scaevola</span> <span class='ocrx_word' id='word_1_709' title='bbox 1401 4848 1419 4904; x_wconf 91' lang='lat' dir='ltr'>l.</span> <span class='ocrx_word' id='word_1_710' title='bbox 1448 4848 1487 4901; x_wconf 82' lang='lat' dir='ltr'>Et</span> <span class='ocrx_word' id='word_1_711' title='bbox 1512 4847 1587 4902; x_wconf 87' lang='lat' dir='ltr'>nihil.</span> <span class='ocrx_word' id='word_1_712' title='bbox 1608 4855 1650 4904; x_wconf 77' lang='lat' dir='ltr'>et.</span> <span class='ocrx_word' id='word_1_713' title='bbox 1678 4848 1753 4903; x_wconf 89' lang='lat' dir='ltr'>cod.:</span> <span class='ocrx_word' id='word_1_714' title='bbox 1783 4851 1823 4904; x_wconf 75' lang='lat' dir='ltr'>Et</span> 
     </span>
     <span class='ocr_line' id='line_1_54' title="bbox 973 4934 1824 5007; baseline -0.001 -16"><span class='ocrx_word' id='word_1_715' title='bbox 973 4937 1060 4992; x_wconf 72' lang='lat' dir='ltr'>inimi</span> <span class='ocrx_word' id='word_1_716' title='bbox 1083 4939 1211 5005; x_wconf 87' lang='lat' dir='ltr'>intereat,</span> <span class='ocrx_word' id='word_1_717' title='bbox 1234 4952 1268 4989; x_wconf 85' lang='lat' dir='ltr'>ec</span> <span class='ocrx_word' id='word_1_718' title='bbox 1277 4936 1368 5004; x_wconf 85' lang='lat' dir='ltr'>justis</span> <span class='ocrx_word' id='word_1_719' title='bbox 1387 4936 1493 5007; x_wconf 86' lang='lat' dir='ltr'>nuptiis</span> <span class='ocrx_word' id='word_1_720' title='bbox 1510 4934 1639 5004; x_wconf 64' lang='lat' dir='ltr'>coenatio</span> <span class='ocrx_word' id='word_1_721' title='bbox 1660 4937 1824 5005; x_wconf 79' lang='lat' dir='ltr'>descendat,</span> 
     </span>
     <span class='ocr_line' id='line_1_55' title="bbox 988 5023 1823 5095; baseline -0.001 -17"><span class='ocrx_word' id='word_1_722' title='bbox 988 5044 1027 5079; x_wconf 92' lang='lat' dir='ltr'>an</span> <span class='ocrx_word' id='word_1_723' title='bbox 1047 5041 1110 5078; x_wconf 84' lang='lat' dir='ltr'>cero</span> <span class='ocrx_word' id='word_1_724' title='bbox 1129 5042 1194 5091; x_wconf 93' lang='lat' dir='ltr'>non,</span> <span class='ocrx_word' id='word_1_725' title='bbox 1212 5042 1280 5077; x_wconf 91' lang='lat' dir='ltr'>nam</span> <span class='ocrx_word' id='word_1_726' title='bbox 1299 5032 1324 5078; x_wconf 91' lang='lat' dir='ltr'>ct</span> <span class='ocrx_word' id='word_1_727' title='bbox 1341 5024 1425 5093; x_wconf 48' lang='lat' dir='ltr'>‘incipe</span> <span class='ocrx_word' id='word_1_728' title='bbox 1444 5030 1600 5092; x_wconf 80' lang='lat' dir='ltr'>quaesitam</span> <span class='ocrx_word' id='word_1_729' title='bbox 1613 5041 1739 5077; x_wconf 87' lang='lat' dir='ltr'>sororem</span> <span class='ocrx_word' id='word_1_730' title='bbox 1759 5023 1823 5095; x_wconf 81' lang='lat' dir='ltr'>qui&#39;s</span> 
     </span>
     <span class='ocr_line' id='line_1_56' title="bbox 988 5108 1822 5181; baseline 0.002 -18"><span class='ocrx_word' id='word_1_731' title='bbox 988 5119 1099 5164; x_wconf 71' lang='lat' dir='ltr'>udatur</span> <span class='ocrx_word' id='word_1_732' title='bbox 1117 5128 1230 5164; x_wconf 76' lang='lat' dir='ltr'>acorem</span> <span class='ocrx_word' id='word_1_733' title='bbox 1247 5113 1356 5164; x_wconf 81' lang='lat' dir='ltr'>ctrieere.</span> <span class='ocrx_word' id='word_1_734' title='bbox 1392 5109 1526 5164; x_wconf 87' lang='lat' dir='ltr'>Paulusl</span> <span class='ocrx_word' id='word_1_735' title='bbox 1544 5108 1613 5165; x_wconf 82' lang='lat' dir='ltr'>June</span> <span class='ocrx_word' id='word_1_736' title='bbox 1633 5109 1766 5181; x_wconf 86' lang='lat' dir='ltr'>gentium.</span> <span class='ocrx_word' id='word_1_737' title='bbox 1780 5116 1822 5167; x_wconf 76' lang='grc'>63.</span> 
     </span>
     <span class='ocr_line' id='line_1_57' title="bbox 989 5197 1825 5266; baseline -0.006 -13"><span class='ocrx_word' id='word_1_738' title='bbox 989 5197 1066 5253; x_wconf 86' lang='lat' dir='ltr'>eod.:</span> <span class='ocrx_word' id='word_1_739' title='bbox 1086 5198 1158 5250; x_wconf 87' lang='lat' dir='ltr'>Jurc</span> <span class='ocrx_word' id='word_1_740' title='bbox 1170 5198 1291 5266; x_wconf 76' lang='lat' dir='ltr'>peritiam</span> <span class='ocrx_word' id='word_1_741' title='bbox 1308 5198 1441 5250; x_wconf 85' lang='lat' dir='ltr'>incestum</span> <span class='ocrx_word' id='word_1_742' title='bbox 1454 5198 1606 5262; x_wconf 85' lang='lat' dir='ltr'>committit,</span> <span class='ocrx_word' id='word_1_743' title='bbox 1624 5200 1674 5266; x_wconf 84' lang='lat' dir='ltr'>qui</span> <span class='ocrx_word' id='word_1_744' title='bbox 1685 5215 1718 5251; x_wconf 76' lang='lat' dir='ltr'>er</span> <span class='ocrx_word' id='word_1_745' title='bbox 1729 5198 1825 5264; x_wconf 74' lang='lat' dir='ltr'>produ</span> 
     </span>
     <span class='ocr_line' id='line_1_58' title="bbox 989 5283 1823 5339; baseline 0.001 -2"><span class='ocrx_word' id='word_1_746' title='bbox 989 5286 1220 5338; x_wconf 69' lang='lat' dir='ltr'>arkccndcntinm</span> <span class='ocrx_word' id='word_1_747' title='bbox 1246 5284 1289 5337; x_wconf 89' lang='lat' dir='ltr'>uel</span> <span class='ocrx_word' id='word_1_748' title='bbox 1313 5284 1539 5336; x_wconf 78' lang='lat' dir='ltr'>descendentium</span> <span class='ocrx_word' id='word_1_749' title='bbox 1565 5301 1678 5338; x_wconf 77' lang='lat' dir='ltr'>imorem</span> <span class='ocrx_word' id='word_1_750' title='bbox 1705 5283 1823 5339; x_wconf 74' lang='lat' dir='ltr'>diruerit.</span> 
     </span>
     <span class='ocr_line' id='line_1_59' title="bbox 988 5368 1823 5440; baseline 0.001 -15"><span class='ocrx_word' id='word_1_751' title='bbox 988 5370 1180 5426; x_wconf 88' lang='lat' dir='ltr'>Diocletianus</span> <span class='ocrx_word' id='word_1_752' title='bbox 1204 5376 1232 5425; x_wconf 91' lang='lat' dir='ltr'>et</span> <span class='ocrx_word' id='word_1_753' title='bbox 1255 5369 1439 5423; x_wconf 80' lang='lat' dir='ltr'>Maximianus</span> <span class='ocrx_word' id='word_1_754' title='bbox 1465 5369 1645 5440; x_wconf 85' lang='lat' dir='ltr'>imperatores</span> <span class='ocrx_word' id='word_1_755' title='bbox 1666 5371 1684 5424; x_wconf 89' lang='lat'>1.</span> <span class='ocrx_word' id='word_1_756' title='bbox 1704 5368 1823 5426; x_wconf 84' lang='lat' dir='ltr'>Nemini.</span> 
     </span>
    </p>
   </div>
   <div class='ocr_carea' id='block_1_6' title="bbox 991 5456 1821 5528">
    <p class='ocr_par' dir='ltr' id='par_1_7' title="bbox 991 5456 1821 5528">
     <span class='ocr_line' id='line_1_60' title="bbox 991 5456 1821 5528; baseline -0.006 -15"><span class='ocrx_word' id='word_1_757' title='bbox 991 5462 1031 5515; x_wconf 83' lang='grc'>17.</span> <span class='ocrx_word' id='word_1_758' title='bbox 1052 5457 1083 5514; x_wconf 83' lang='lat' dir='ltr'>C.</span> <span class='ocrx_word' id='word_1_759' title='bbox 1105 5458 1141 5512; x_wconf 88' lang='lat' dir='ltr'>de</span> <span class='ocrx_word' id='word_1_760' title='bbox 1158 5464 1251 5528; x_wconf 77' lang='lat' dir='ltr'>nupt:</span> <span class='ocrx_word' id='word_1_761' title='bbox 1288 5458 1405 5511; x_wconf 86' lang='lat' dir='ltr'>Nemini</span> <span class='ocrx_word' id='word_1_762' title='bbox 1427 5457 1513 5510; x_wconf 88' lang='lat' dir='ltr'>liceat</span> <span class='ocrx_word' id='word_1_763' title='bbox 1540 5458 1706 5511; x_wconf 76' lang='lat' dir='ltr'>contrahere</span> <span class='ocrx_word' id='word_1_764' title='bbox 1724 5456 1821 5509; x_wconf 78' lang='lat' dir='ltr'>inatri-</span> 
     </span>
    </p>
   </div>
   <div class='ocr_carea' id='block_1_7' title="bbox 0 0 2029 6020">
    <p class='ocr_par' dir='ltr' id='par_1_8' title="bbox 0 0 2029 6020">
     <span class='ocr_line' id='line_1_61' title="bbox 0 0 2029 6020; baseline 0 0"><span class='ocrx_word' id='word_1_765' title='bbox 0 0 2029 6020; x_wconf 95' lang='lat' dir='ltr'> </span> 
     </span>
    </p>
   </div>
  </div>
 </body>
</html>
