4020 6022
210 276 270 332 390
792 261 915 320 LOCUS
933 258 1136 319 wasemes
1158 262 1326 327 QUINTUS

211 421 312 474 terium
331 417 470 483 coneedit,
498 431 604 485 exque
623 414 729 486 colligit
747 414 944 483 Bellarminns,
972 414 1047 486 quod
1077 413 1210 485 gistrmm
1227 417 1350 474 officinm
1369 435 1451 474 suom
1469 419 1498 474 in
1517 418 1659 490 puniendo
1677 415 1820 472 adultedo
1834 416 1918 488 negli-

211 520 263 561 neo
288 502 434 572 Philippus
456 517 521 554 cum
547 499 685 565 Lnthero,
710 518 763 557 nso
788 500 964 557 Chemnioius
987 518 1050 554 oum
1076 508 1133 572 gat,
1153 509 1276 573 potestas
1294 505 1359 561 nori
1379 504 1547 559 matrimonii
1565 504 1618 574 ipsi
1636 503 1727 558 datur.
1758 499 1917 557 Pontificio

210 591 334 648 Luthero
356 592 407 642 ant
431 585 562 658 Philippo
586 587 615 641 ln
639 589 777 643 sententia
804 587 958 643 conveniat.
994 586 1049 643 Re·
1074 604 1136 641 rum
1153 590 1289 646 sententia
1309 589 1463 658 injustitiae
1482 590 1609 645 accusari
1627 589 1729 659 majori
1745 586 1842 658 specie
1859 590 1914 655 pot·

211 678 392 750 spondemus:
421 674 470 742 pui
499 691 615 726 suorum
641 681 667 727 st
692 675 812 728 munes
836 674 1049 729 domestmoruus
1071 679 1127 743 est,
1151 675 1226 745 quod
1258 676 1367 746 aequali
1392 691 1483 746 poena
1509 675 1586 745 juste
1604 680 1635 730 st
1651 675 1759 745 injuste
1775 670 1914 727 ffimhun

211 781 308 819 eurum
326 779 381 816 non
401 760 473 828 opit,
497 760 583 824 fidem
602 759 751 826 ubnepooit
769 766 796 812 et
814 766 855 812 est
872 758 984 826 infideli
1001 759 1049 811 de·
1074 758 1211 830 afficiunt,
1235 761 1301 815 dum
1327 760 1437 830 utrique
1458 760 1566 815 aditum
1588 759 1626 814 ad
1648 758 1764 830 nuptias
1787 756 1914 813 interula·

210 850 298 902 terior
315 853 337 903 l.
354 845 425 899 Tim.
446 850 469 912 5,
495 860 522 897 r.
542 849 564 899 8.
585 843 660 914 quod
680 860 747 914 ergo
768 844 804 899 de
820 843 934 911 infideli,
953 843 1002 914 qui
1022 850 1049 899 et
1061 886 1064 925 Ι
1076 845 1153 902 dunt.
1191 853 1215 903 t.
1234 846 1350 902 Falsum
1367 846 1452 917 igitur
1472 853 1523 914 est,
1541 845 1618 916 quod
1628 843 1915 900 Bellarminnsinsuo

210 951 257 999 re,
279 940 309 988 et
332 930 505 1002 professione
530 928 594 984 talis
612 934 670 998 est,
689 928 865 984 Chemnioius
882 929 993 997 merit,
1019 928 1049 982 id
1061 928 1064 937 '
1076 938 1239 1002 argumento
1257 933 1466 1003 praesupponit,
1483 933 1588 1003 injuste
1604 932 1755 986 dimissam
1773 946 1827 984 nec
1840 930 1914 1000 prio

211 1021 302 1090 ipsum
320 1019 354 1073 de
373 1017 511 1071 malitioso
529 1017 682 1079 desertore,
707 1015 754 1086 qui
771 1033 802 1071 re
819 1015 892 1085 ipsa,
910 1014 976 1069 lieet
994 1030 1050 1069 nou
1075 1033 1134 1070 rem
1151 1020 1242 1072 uirum
1260 1019 1362 1073 huben
1377 1034 1478 1087 posse,
1505 1034 1556 1072 neo
1572 1018 1659 1071 sueri
1675 1016 1788 1070 nubae.
1823 1015 1913 1071 Poste

211 1105 388 1176 professione,
407 1103 471 1157 talis
490 1108 547 1166 eet,
568 1102 739 1157 intellectum
757 1101 852 1156 voluit.
888 1099 1050 1155 Innocentis
1075 1102 1132 1157 rins
1156 1103 1358 1172 concedimus,
1376 1104 1426 1158 sed
1450 1102 1527 1173 prius
1546 1119 1689 1173 negamus.
1725 1101 1830 1156 Potest
1846 1100 1914 1156 enirn

212 1192 348 1247 duntaxat
362 1189 449 1259 partis
467 1187 635 1243 mentionem
651 1187 733 1253 facit,
752 1187 819 1257 quia
836 1186 871 1243 de
889 1202 923 1242 ea
939 1184 1048 1257 potissi·
1070 1188 1209 1256 judicium
1234 1190 1415 1259 magistratus
1437 1188 1584 1259 implorare
1610 1195 1639 1244 et
1659 1192 1708 1260 jus
1734 1187 1913 1243 mediationis

211 1293 285 1331 mum
304 1276 376 1331 inter
395 1292 445 1330 uos
463 1281 492 1328 et
503 1272 664 1329 Pontificios
681 1273 808 1342 quaestio
826 1277 963 1341 versatur,
981 1269 1049 1342 quid
1074 1291 1180 1345 urgere.
1219 1274 1325 1337 Quodsi
1342 1291 1407 1329 sero
1422 1275 1538 1330 maritus
1555 1274 1737 1346 pertinaciter
1753 1278 1866 1328 memet
1877 1272 1912 1327 in-

211 1363 247 1417 de
264 1368 382 1417 nocente
400 1360 588 1427 statuendum,
606 1359 631 1414 si
648 1360 826 1429 magistratus
844 1356 1048 1414 inofficiosus
1071 1361 1147 1429 juste
1171 1359 1312 1415 dimissam
1334 1361 1469 1431 resipere,
1493 1360 1526 1415 fit
1550 1359 1702 1415 malitiosus
1729 1359 1871 1426 desertor,
1888 1364 1914 1412 et

212 1449 358 1519 negligens
377 1448 422 1513 sit,
443 1446 546 1503 ibidem
563 1463 619 1501 uou
637 1444 803 1502 determinat
821 1461 855 1500 eo
870 1444 986 1517 proinde
997 1459 1049 1498 nee
1074 1445 1114 1501 sie
1126 1447 1229 1516 injuste
1243 1446 1357 1501 dimissa
1368 1446 1473 1516 accipit
1483 1445 1549 1500 novi
1562 1446 1731 1501 matrimonii
1740 1451 1913 1516 potestatem

212 1534 343 1602 Luthero,
360 1550 411 1589 nec
431 1532 561 1603 Philippo
578 1533 609 1587 in
625 1531 679 1587 hae
698 1530 859 1603 quaestione
872 1531 1049 1586 Chemnicius
1079 1540 1100 1590 t.
1118 1533 1179 1589 Cor.
1202 1540 1233 1601 t,
1258 1550 1284 1590 r.
1304 1540 1344 1589 15.
1383 1538 1409 1588 5.
1427 1532 1661 1604 Distinguendum
1680 1533 1757 1587 inter
1772 1532 1818 1600 id,
1843 1530 1953 1604 qnodxt

213 1620 386 1676 contradicit.
1076 1618 1220 1675 deseendit
1239 1637 1271 1674 ex
1288 1619 1386 1690 regula
1404 1618 1493 1674 arieti
1508 1618 1580 1689 juris
1597 1606 1630 1675 'et
1642 1618 1719 1689 quod
1731 1614 1766 1674 ex
1784 1618 1913 1686 ἐπιεικείᾳ

85 1718 154 1767 Arsu-
249 1712 308 1764 582.
337 1707 442 1771 Restat,
458 1704 663 1761 ntBellarmini
675 1709 839 1775 “gemente
853 1703 1050 1774 expendamus.
1076 1710 1105 1759 et
1125 1704 1277 1777 συγγνώμῃ
1299 1704 1468 1762 wnoeditur.
1503 1703 1657 1761 Adulterse
1682 1706 1763 1775 juste
1787 1704 1915 1759 dimissae

85 1774 171 1859 ffiss.
214 1793 324 1849 Classes
347 1808 441 1847 eorum
467 1791 611 1847 comtitnit
636 1797 700 1849 tres.
737 1789 835 1846 Prima
853 1791 942 1860 petita
958 1795 1001 1843 est
1017 1804 1051 1843 ss
1078 1790 1101 1843 si
1119 1789 1183 1845 novi
1201 1790 1368 1845 matrimonii
1386 1795 1510 1861 potestas
1531 1790 1621 1859 datur,
1638 1789 1667 1844 id
1683 1789 1718 1844 fit
1734 1807 1771 1844 ex
1785 1789 1914 1857 ἐπιεικείᾳ

85 1872 153 1962 {¹2¹2
216 1880 383 1948 Scriptura,
411 1877 500 1932 altera
526 1894 560 1932 eu
576 1877 742 1946 traditione,
770 1875 853 1933 tertia
876 1891 910 1929 es
931 1875 1051 1930 ratione.
1078 1875 1184 1931 ratione
1201 1874 1298 1931 habits
1314 1876 1498 1933 eonscientiae
1516 1882 1546 1932 et
1557 1875 1754 1946 periculorum.
1786 1881 1812 1932 6.
1827 1876 1915 1931 Causa

86 1973 147 2012 een-
214 1965 373 2036 Scripturas
393 1963 469 2016 dicta
482 1962 611 2033 producit
622 1968 750 2033 quatuor.
772 1968 794 2019 l.
807 1960 906 2017 Metu.
925 1966 988 2029 t,v.
1002 1964 1050 2014 32:
1078 1960 1197 2016 melioris
1222 1961 1401 2031 conditionis,
1426 1979 1483 2033 qua
1501 1961 1557 2017 frui
1573 1961 1684 2017 ridetur
1701 1959 1834 2016 adultera
1851 1977 1914 2029 prae

86 2029 200 2115 iiiiii.
216 2052 314 2106 Omnis
339 2050 389 2118 qui
406 2048 546 2101 dimiserit
562 2064 678 2101 errorem
695 2064 777 2101 neom
796 2054 910 2119 eccepto
920 2044 1051 2116 sueino·
1078 2045 1224 2101 innocente
1241 2047 1345 2117 injuste
1357 2047 1479 2118 dimissa,
1496 2063 1552 2103 non
1564 2046 1669 2116 pendet
1681 2045 1793 2117 exlege
1806 2045 1913 2112 Christi,

85 2123 193 2223 gm'fflffJ‘
214 2137 299 2191 nonis
317 2152 420 2202 causo,
437 2133 516 2202 socit
535 2149 597 2187 eom
613 2134 768 2202 moechari,
796 2141 822 2187 et
839 2133 890 2202 gui
906 2131 1052 2186 eminam
1078 2132 1131 2187 hoo
1150 2138 1192 2188 est
1209 2137 1249 2188 sx'
1262 2133 1389 2189 dochina
1401 2133 1511 2201 Christi,
1530 2148 1586 2204 qna
1602 2131 1639 2187 ad
1657 2130 1777 2201 primam
1793 2130 1914 2203 conjugii

85 2230 124 2278 qur
140 2229 175 2268 ‹ll-
216 2221 339 2285 dunerit,
371 2219 523 2274 actulterot.
567 2217 656 2273 Veris
681 2219 753 2287 illo,
783 2226 808 2272 et
832 2219 884 2286 gui
907 2217 1052 2271 &nissum
1077 2217 1281 2274 iustitutionem
1304 2236 1355 2275 nos
1376 2220 1529 2282 revocavit,
1558 2219 1626 2288 quia
1640 2217 1685 2273 lex
1703 2217 1817 2280 divina,
1844 2234 1914 2289 quse

85 2281 178 2371 mii
215 2308 340 2374 duxerit,
372 2305 416 2358 ool
445 2305 576 2357 universe
607 2311 671 2356 sunt
702 2303 883 2376 saepienda,
916 2303 961 2356 osl
990 2319 1052 2356 cum
1079 2305 1162 2359 etiam
1186 2303 1289 2359 Christi
1311 2305 1355 2359 lex
1380 2310 1423 2361 est
1446 2303 1536 2359 Lavit.
1562 2309 1612 2370 2⁰,
1634 2319 1662 2358 v,
1688 2309 1728 2359 lt).
1764 2303 1851 2359 Deut-
1874 2307 1914 2366 tr,

86 2388 128 2422 ⁸²⁰·
215 2392 379 2461 exceptione,
398 2390 456 2443 nisi
472 2390 505 2443 oh
517 2389 751 2458 fornicationem.
788 2388 968 2456 diuniusrse,
986 2404 1052 2456 erpo
1079 2409 1105 2444 v.
1123 2396 1164 2446 tt.
1190 2391 1343 2447 adulteram
1361 2390 1476 2461 capitali
1497 2389 1634 2461 supplicio
1651 2387 1729 2445 affici
1742 2388 1843 2460 jubet,
1867 2388 1914 2443 sed

213 2480 263 2548 gui
293 2478 438 2532 dimissum
471 2476 599 2544 duxerit,
638 2476 723 2530 stion
754 2475 788 2529 ob
820 2474 1052 2544 fornicatorem,
1078 2493 1112 2531 ex
1144 2481 1323 2547 praepostera
1354 2475 1532 2547 magistratus
1560 2473 1736 2546 indulgentis
1762 2491 1800 2530 so
1823 2474 1914 2531 conni-

213 2565 386 2626 moechatur,
412 2578 479 2630 erpo
502 2578 558 2615 non
577 2563 679 2628 fueret
707 2560 826 2614 dimissu
845 2561 943 2629 quood
958 2559 1051 2613 uincu-
1078 2562 1179 2617 sentia.
1216 2569 1239 2617 t.
1261 2560 1356 2633 Virgo
1378 2578 1451 2633 qnae
1469 2567 1634 2632 perpetuam
1651 2561 1853 2617 continentiam
1871 2576 1914 2615 ro

213 2652 283 2719 lum,
308 2651 360 2703 sed
383 2648 474 2703 solum
497 2649 595 2717 quoad
618 2656 724 2711 torum,
753 2666 809 2701 uon
833 2649 908 2701 enim
928 2647 1051 2700 moseia·
1078 2649 1126 2712 vit,
1146 2666 1180 2704 ex
1197 2647 1345 2718 hypothesi
1361 2647 1521 2702 Bellarmini
1533 2662 1589 2701 uon
1602 2651 1696 2717 potest
1706 2646 1823 2715 nubere,
1843 2661 1913 2719 qnae

211 2746 303 2805 retur,
324 2736 374 2805 qui
392 2736 474 2789 idum
495 2735 587 2797 duest,
606 2735 663 2788 nisi
681 2741 750 2788 esset
767 2735 829 2788 siro
848 2733 979 2801 altipeta.
1019 2733 1054 2788 Si
1079 2740 1143 2790 roto
1169 2734 1355 2790 continentias
1378 2733 1502 2799 noudum
1522 2738 1563 2788 ast
1581 2731 1731 2800 adstricta,
1755 2737 1850 2804 potest
1866 2750 1913 2788 nn·

211 2839 273 2876 eum
294 2823 460 2892 exceptione,
476 2838 543 2890 erpo
562 2820 613 2889 gui
623 2821 822 2888 fornicarium
840 2836 860 2872 u
877 2819 940 2873 uiro
953 2819 1050 2872 dimis·
1078 2821 1152 2877 bere.
1191 2820 1304 2892 Ergone
1329 2819 1513 2875 Bellarminns
1534 2818 1622 2889 dica,
1653 2817 1775 2888 priorem
1800 2818 1914 2891 exlege

210 2928 270 2966 som
288 2909 413 2974 durent,
432 2923 487 2960 riou
504 2906 673 2961 moechetur.
711 2905 792 2974 Erpo
810 2905 910 2959 melior
930 2912 970 2958 est
988 2922 1050 2957 cou.
1077 2906 1180 2963 Christi
1196 2907 1340 2963 damneris
1357 2923 1418 2963 esee
1434 2905 1600 2961 conditionis
1617 2921 1703 2974 quam
1713 2904 1913 2974 posteriorem?

211 2996 282 3049 ditio
303 2994 487 3063 fornicariae
517 3009 601 3060 quum
625 2990 780 3045 innocentis
805 2998 831 3044 et
852 2999 959 3056 costus,
986 3010 1050 3046 nom
1077 2992 1131 3048 hae
1148 2993 1256 3054 ratione
1275 3010 1331 3048 una
1349 2992 1434 3047 litura
1451 2992 1564 3061 delebit,
1583 3007 1656 3062 quae
1675 2991 1711 3046 de
1729 2991 1817 3046 votivi
1834 2990 1914 3048 coeli·

204 3081 374 3149 fornicaria
404 3079 495 3132 libero
525 3084 567 3130 est
594 3084 620 3130 et
650 3076 752 3130 nubere
775 3084 886 3147 potsst;
920 3079 1050 3131 innocens
1076 3079 1157 3134 batus
1184 3079 1321 3150 dignitate
1342 3095 1376 3134 ao
1397 3079 1501 3134 meritis
1527 3094 1621 3156 peram
1644 3077 1705 3132 Deo
1730 3076 1796 3133 libr.
1819 3083 1845 3135 2.
1880 3077 1913 3132 de

211 3175 303 3220 eutem
333 3166 437 3233 injuste
466 3163 587 3217 dimisso
613 3180 664 3215 nec
682 3163 810 3231 priorua
834 3164 925 3218 sinim
949 3164 1050 3218 leodem
1076 3165 1217 3221 monachis
1239 3181 1289 3236 per
1311 3165 1418 3235 aliquot
1442 3165 1536 3236 capita
1553 3163 1713 3233 disputavit.
1751 3169 1776 3221 8.
1798 3167 1913 3234 Πρῶτον

207 3259 309 3321 potest,
329 3269 379 3304 nec
397 3251 486 3304 elteri
501 3251 613 3307 nubem.
647 3250 738 3318 Atqui
754 3249 806 3303 isos
817 3250 1050 3304 absurdissimum
1077 3253 1181 3321 ψεῦδος
1197 3250 1330 3306 illationis
1342 3249 1575 3304 Bellarminianae
1589 3249 1617 3305 in
1635 3263 1668 3304 eo
1684 3246 1821 3317 oonshtlt,
1840 3248 1913 3320 qnod

212 3345 261 3405 est,
279 3345 310 3390 ut
327 3337 372 3390 len
384 3337 492 3391 Christi
502 3335 668 3405 justissimo
683 3336 831 3389 dimissam
843 3337 921 3405 juste
938 3337 1051 3392 meliori
1075 3337 1228 3402 emstimat,
1246 3336 1387 3391 Christum
1405 3336 1473 3405 Joi.
1493 3338 1517 3388 8.
1532 3334 1677 3390 numicius
1695 3335 1786 3404 legem
1804 3335 1913 3390 Mosei·

212 3425 272 3478 ioco
308 3438 368 3475 esse
398 3422 465 3476 uelit
488 3439 572 3491 ᾳιιανη
596 3422 744 3475 dimissum
766 3422 879 3490 injuste.
924 3422 1049 3492 Respon-
1075 3442 1137 3478 sum
1155 3425 1191 3477 ds
1211 3423 1352 3478 adulteris
1369 3421 1532 3492 capitaliter
1546 3420 1701 3490 puniendis
1719 3419 1785 3477 libr.
1804 3420 1841 3476 de
1858 3438 1911 3475 ma·

212 3503 322 3565 demus:
354 3513 377 3563 l.
395 3507 481 3562 verba
500 3506 602 3562 Christi
621 3524 676 3562 non
695 3508 839 3574 uniuersa,
859 3509 985 3563 andrum
1005 3527 1049 3564 es·
1075 3509 1147 3565 trim.
1172 3526 1232 3580 cap.
1255 3515 1294 3566 te.
1318 3513 1339 3574 ξ.
1359 3515 1384 3566 l.
1410 3524 1444 3563 en
1462 3525 1494 3564 eo
1519 3506 1593 3563 enim
1610 3506 1687 3562 color
1706 3506 1810 3579 aliquis
1831 3524 1910 3580 argu·

212 3597 337 3666 ceptione
365 3594 529 3664 accipienda
552 3609 628 3663 esse,
652 3609 686 3648 ex
704 3593 772 3664 ipsis
790 3600 881 3651 textus
898 3595 1049 3651 visceribus
1075 3602 1167 3651 mento
1189 3594 1311 3663 accedit,
1338 3594 1413 3666 quod
1428 3595 1511 3664 juxta
1530 3593 1621 3664 legem
1639 3591 1744 3651 Christi
1765 3593 1864 3649 melior
1879 3593 1912 3647 sit

211 3691 239 3738 et
264 3680 516 3750 antiquissimorum
535 3687 647 3750 patrum
664 3679 938 3750 interpretationibus
958 3687 1047 3735 osten·
1075 3680 1196 3736 conditio
1225 3680 1369 3735 adulterae
1399 3695 1483 3750 quam
1513 3684 1608 3734 suus
1636 3678 1741 3749 injuste
1773 3678 1910 3733 dimissae

211 3769 301 3823 dimus
321 3767 457 3838 superins.
495 3773 519 3823 t.
539 3765 648 3836 Scopas
663 3764 765 3821 Christi
782 3771 826 3822 est
845 3767 954 3834 docere,
973 3766 1048 3836 quod
1075 3766 1131 3821 Sed
1151 3765 1258 3820 falsitas
1276 3764 1351 3819 illius
1363 3762 1548 3834 hypotheseos
1559 3780 1610 3819 sno
1623 3762 1684 3820 loco
1698 3762 1910 3821 demonstratur.

212 3855 251 3922 is,
269 3855 318 3926 qui
338 3871 451 3909 uxorem
469 3854 507 3909 ob
524 3853 608 3907 aliam
627 3869 821 3925 quamcunque
839 3869 950 3908 oausam
968 3852 1046 3907 dimi-
1109 3857 1167 3909 583.
1208 3858 1234 3908 2.
1261 3850 1347 3905 Maro.
1375 3855 1419 3906 10:
1449 3850 1610 3919 Quaeque
1635 3849 1778 3903 dimitrit
1800 3849 1953 3945 ueoemffl

210 3942 285 4010 serit,
301 3942 356 3995 uisi
376 3941 438 4011 ipsa
455 3940 622 3994 adulterium
641 3940 807 3996 commiserit
826 3948 854 3994 et
872 3938 925 3994 hae
940 3939 1046 3995 ratione
1072 3954 1153 3992 suem
1172 3946 1197 3992 et
1214 3938 1303 3991 ulium
1321 3937 1449 4006 duceri,
1478 3935 1649 3989 adulterium
1664 3935 1813 3990 committet
1829 3954 1953 4008 superest

210 4027 358 4098 conjugale
390 4026 489 4081 foedus
519 4025 625 4081 nefarie
653 4025 780 4098 fregerit,
817 4025 903 4080 faeiat
930 4024 1047 4080 eandem
1072 4041 1141 4080 sum.
1159 4039 1185 4083 r.
1204 4028 1242 4079 tt.
1268 4023 1351 4075 Etsi
1368 4038 1440 4076 sssor
1456 4020 1596 4074 dimiserit
1608 4019 1701 4075 sirum
1718 4039 1802 4077 mm
1820 4030 1846 4076 et
1861 4014 1953 4097 oliiss

209 4112 361 4180 moechari,
380 4112 446 4182 quia
464 4112 493 4166 iu
510 4118 669 4180 causaest,
689 4118 721 4166 ut
740 4111 1045 4182 ipsaalterinubeudo
1070 4111 1214 4181 nupserit,
1246 4110 1417 4166 inueniretur.
1467 4106 1573 4164 Similia
1601 4105 1742 4164 habentur
1772 4109 1840 4163 Luc.
1872 4113 1907 4175 lt,

209 4199 375 4253 adulterium
405 4197 574 4265 committat,
599 4203 629 4253 et
656 4196 704 4267 qui
729 4197 769 4251 sio
793 4196 933 4251 dimissam
959 4196 1045 4266 ducit,
1070 4214 1095 4253 r.
1114 4203 1158 4253 ts:
1182 4196 1279 4251 Omnis
1301 4195 1351 4264 qui
1374 4194 1491 4249 dimittit
1511 4209 1631 4257 ,uxorem
1648 4210 1732 4249 suam
1748 4203 1777 4248 ct
1792 4195 1907 4249 wore

208 4284 285 4338 illum
314 4283 411 4338 itidem
445 4283 513 4339 dicit
540 4282 601 4337 fieri
631 4283 788 4349 moechum,
816 4282 946 4336 nimirum
978 4283 1045 4354 quia
1070 4284 1160 4351 ducit,
1190 4282 1360 4347 noscimur,
1387 4288 1414 4333 et
1443 4280 1494 4350 oui
1521 4279 1669 4334 dims'ssom
1688 4297 1708 4335 u
1736 4280 1799 4334 uiro
1828 4281 1906 4349 ducit,

208 4387 320 4423 uxorem
336 4369 478 4441 illegitime
499 4369 640 4423 dimissam
659 4368 744 4432 ducit,
764 4384 836 4439 qnae
855 4367 933 4423 alteri
952 4368 1043 4423 adhuc
1069 4369 1237 4424 moechetur.
1273 4368 1354 4421 Haeo
1378 4366 1464 4420 serbo
1484 4365 1683 4420 uniuersaliter
1704 4366 1820 4436 decena
1844 4380 1906 4421 uss·

207 4455 347 4510 indivulso
378 4454 502 4525 conjugii
531 4453 641 4508 vinculo
672 4458 715 4508 est
743 4452 866 4523 alligata.
919 4453 1043 4513 Ulterius
1071 4473 1155 4526 wem
1183 4455 1225 4508 itu
1248 4452 1368 4508 dissolui
1392 4452 1602 4507 matrimonium
1626 4452 1702 4505 intes·
1722 4453 1825 4521 fideles
1848 4470 1905 4519 cos-

207 4541 333 4596 Christns
358 4540 410 4594 hoc
434 4540 496 4595 loco
519 4556 575 4593 non
598 4538 788 4609 progreditur,
811 4555 848 4594 an
871 4555 936 4600 vero
960 4540 1043 4594 etiem
1069 4549 1189 4596 tractum
1207 4547 1235 4594 et
1249 4547 1474 4607 consummatum,
1493 4547 1524 4598 ut
1541 4538 1626 4591 licent
1642 4539 1684 4593 ud
1699 4538 1779 4592 elios
1796 4539 1904 4610 nuptias

207 4627 318 4682 nocenti
343 4626 414 4696 parti
433 4625 640 4680 consedendum
656 4625 692 4678 sit
711 4641 811 4678 novum
830 4625 1043 4691 matrimonium,
1069 4627 1201 4681 transire.
1237 4624 1398 4695 Respondet
1426 4623 1615 4689 Chemnicins,
1642 4639 1702 4679 esse
1724 4625 1904 4680 uniuersolsa

208 4714 231 4768 si
255 4713 435 4785 magistratus
452 4712 482 4766 in
499 4709 591 4767 officio
608 4728 657 4764 sno
675 4710 820 4781 negligens
837 4710 888 4781 sit,
915 4729 965 4767 suo
981 4711 1042 4766 loco
1070 4731 1105 4768 nc
1121 4711 1311 4766 necessario-m
1328 4710 1457 4780 sepulum
1468 4711 1498 4763 in
1515 4709 1693 4778 mespelistis
1706 4712 1804 4783 (qnam
1816 4710 1903 4783 Augu·

208 4798 370 4854 ridebimus.
408 4803 434 4853 3.
452 4798 558 4852 Demus
576 4813 612 4851 err
625 4795 782 4867 hypothesi,
799 4797 953 4851 adulteram
967 4798 1044 4867 juste
1070 4800 1159 4855 atinus
1184 4798 1214 4853 in
1238 4796 1299 4853 libr.
1326 4797 1361 4852 de
1385 4812 1509 4853 consens.
1535 4812 1634 4867 evang.
1656 4797 1770 4868 saepius
1787 4797 1902 4870 repetit),

208 4880 347 4937 dimissam
367 4899 449 4953 posse
465 4883 577 4951 nubere,
591 4882 769 4938 ‘innocentem
783 4883 887 4952 injuste
901 4882 1044 4941 dimissam
1070 4885 1146 4958 quod
1169 4901 1236 4939 sero
1257 4884 1452 4953 interpretatio
1475 4889 1502 4936 et
1524 4881 1662 4936 isumus
1684 4885 1852 4950 qma-endo
1874 4898 1902 4935 oc

208 4983 263 5021 non
281 4967 384 5024 habere
404 4975 569 5040 potestatem
587 4968 669 5023 alteri
686 4968 827 5036 nubendi,
848 4985 883 5023 ex
901 4986 934 5025 eo
951 4975 1044 5027 nmen
1072 4971 1245 5025 dewmendu
1270 4969 1308 5023 sit
1338 4985 1371 5023 es
1398 4967 1550 5022 collatione
1575 4966 1815 5039 ducrsptiouuss,
1839 4982 1903 5039 quos

207 5052 251 5106 lex
274 5051 376 5108 Christi
400 5055 555 5124 justissima
577 5072 633 5109 nou
657 5055 759 5125 poterit
784 5054 937 5125 injustitiae
962 5073 1043 5111 aeon
1055 5034 1058 5163 i
1071 5064 1181 5110 exstant
1199 5057 1279 5126 apud
1296 5054 1422 5125 reliquos
1438 5053 1634 5122 euangelistae,
1655 5053 1696 5106 itu
1712 5053 1790 5108 nim
1801 5061 1904 5109 medum

207 5139 275 5205 sari,
299 5139 366 5209 quia
389 5140 492 5209 injuste
520 5140 634 5196 dimissa
649 5140 736 5196 habet
749 5142 797 5210 jus
815 5158 895 5195 suum
915 5141 1044 5197 maritum
1071 5158 1172 5212 operas
1196 5141 1386 5209 tradiderunt,
1403 5147 1434 5194 ut
1453 5141 1531 5210 quod
1550 5156 1624 5195 unus
1645 5137 1757 5196 iremus
1773 5149 1803 5197 et
1820 5140 1903 5196 em

190 5224 361 5294 repetendi,
389 5242 452 5280 cnm
475 5228 623 5298 conjngale
647 5225 789 5284 vinculum
807 5225 931 5281 nondum
948 5227 985 5282 sit
1000 5244 1043 5281 so·
1067 5229 1129 5284 rius
1146 5228 1249 5299 possit,
1276 5227 1353 5281 illud
1368 5227 1444 5281 nitu
1460 5225 1593 5296 supplent
1612 5233 1638 5279 et
1656 5225 1767 5281 elarius
1786 5227 1905 5307 sepius.

205 5311 307 5374 lutum;
334 5309 383 5363 sed
412 5312 539 5368 adultera
562 5313 639 5382 juste
663 5311 777 5367 dimissa
807 5328 863 5368 nou
886 5311 972 5368 habet
991 5314 1040 5383 jus
1067 5313 1242 5371 Conferenda
1271 5312 1356 5384 igitar
1388 5315 1434 5366 est
1466 5311 1549 5368 etiam
1577 5309 1715 5367 Matthaei
1747 5310 1905 5383 suceptio,

205 5397 333 5451 mantum
351 5413 432 5452 snum
450 5399 602 5470 repetendi,
621 5414 686 5453 eum
705 5398 830 5470 conjugii
846 5397 988 5456 vinculum
1001 5401 1039 5456 sit
1065 5416 1137 5472 quas
1153 5404 1280 5469 matur,
1299 5415 1356 5454 non
1370 5398 1463 5464 semel,
1480 5396 1530 5452 sed
1549 5396 1660 5453 duobus
1677 5396 1749 5452 loeis
1766 5395 1905 5453 Christum

204 5481 338 5552 solutum,
367 5483 467 5554 quodsi
496 5501 563 5555 ergo
593 5484 735 5540 continere
756 5489 893 5556 nequeat,
919 5501 953 5539 ac
980 5502 1038 5542 ma·
1063 5486 1180 5541 disemis
1196 5484 1376 5557 temporibus,
1393 5482 1506 5555 quando
1519 5481 1665 5539 mium
1678 5481 1905 5541 &cernimus
