4020 6022
812 289 865 347 DE
886 287 1087 346 consueto.
1738 301 1797 359 ³85

100 465 178 511 mus:
202 446 377 504 Chemnicius
402 463 435 502 es
462 445 563 504 Leonis
589 445 746 501 testimonio
763 461 938 518 nequaquam
964 442 995 497 in
1012 444 1185 499 adulterium
1197 444 1295 499 neoris
1307 445 1450 514 imposuit,
1463 444 1491 499 ai
1504 445 1560 499 alii
1573 462 1607 500 ea
1620 446 1800 502 ducessions's

94 533 381 603 confirmarevoluit,
406 533 578 591 sacerdotem
602 533 679 588 illum
698 538 762 604 post
779 536 938 602 susceptum
964 530 1276 585 mumurantem
1294 529 1346 599 sit,
1374 531 1485 586 nulum
1513 531 1601 586 aliam
1621 549 1734 587 causam
1752 536 1800 588 de-

104 637 212 676 saonem
230 620 356 676 ordinem
381 635 495 676 uxorem
515 619 642 689 duxisse,
666 634 700 674 ea
722 617 796 673 enim
813 617 938 687 quaestio
963 615 1080 681 ficiendi
1098 633 1118 670 a
1141 616 1274 686 contupio
1292 616 1497 688 praescribens,
1516 635 1600 688 quam
1619 635 1690 689 quae
1708 621 1800 674 cirum

104 712 148 763 est
165 707 279 763 alterius
296 707 366 776 loei3
385 707 434 763 sed
453 723 509 762 non
525 705 611 761 fuisse
631 704 755 760 aIeone
774 703 938 759 dissolutum
959 702 1132 772 prostitutae
1173 701 1270 756 uaoris
1304 702 1438 757 coaucta
1480 703 1633 773 pollueret.
1688 704 1801 776 Excipit

10 797 28 840 Ι.
43 797 90 841 1⁴⁷·
104 793 308 849 matrimonium
331 793 419 864 illius,
437 792 485 864 qui
501 791 592 864 priore
610 806 696 847 uxore
716 790 752 846 ob
772 789 938 845 adulterium
964 787 1057 844 Sixtus
1077 787 1103 844 d.
1121 788 1139 844 l.
1177 789 1325 844 Hilarium
1343 808 1362 844 a
1382 790 1530 845 concubitu
1547 799 1573 845 et
1593 792 1718 846 canente
1737 810 1800 846 con·

104 879 218 934 dimusa
245 879 329 934 aliam
357 879 488 947 duxerat,
514 877 544 931 id
574 877 649 948 quod
679 893 712 931 ex
740 875 860 946 epistola
890 874 940 929 illa
963 875 1041 944 iupis
1060 874 1210 930 adultam
1228 876 1360 931 maritum
1375 876 1518 945 dirimere,
1532 879 1615 931 secta
1624 878 1801 946 juremutri·
1876 924 1888 951 ,

103 965 255 1022 efficaciter
270 965 380 1036 probat.
415 961 556 1019 Frivolum
576 968 633 1031 est,
658 961 733 1033 quod
754 959 939 1016 Bellarminus
964 961 1064 1032 monii,
1094 963 1260 1026 a-foedere
1291 963 1454 1032 nuptiarum
1479 971 1505 1017 et
1529 979 1549 1017 a
1567 963 1678 1019 cincto
1703 982 1800 1020 sacra·

101 1053 218 1123 regerit,
244 1068 301 1106 non
320 1051 411 1115 fuisso
434 1051 525 1106 Leom
548 1049 725 1119 propositam
749 1049 938 1117 quaestionem
963 1047 1050 1100 menti
1077 1046 1170 1117 speum
1192 1047 1300 1103 uiuente
1327 1049 1446 1118 conjupe
1463 1066 1518 1104 non
1546 1050 1696 1107 absoluere.
1746 1051 1800 1108 Re·

101 1139 160 1191 nisi
176 1141 212 1193 de
232 1138 420 1193 ordinatione.
470 1136 500 1192 si
529 1135 601 1191 enim
620 1135 678 1191 Leo
700 1134 863 1205 judicasset,
880 1131 938 1188 tale
963 1131 1146 1204 spondemus:
1186 1133 1333 1190 divortium
1370 1134 1440 1190 illud
1476 1135 1589 1200 lictum,
1626 1137 1731 1207 pictum
1765 1154 1799 1194 ec

101 1224 306 1281 matrimonium
325 1239 387 1278 osse
406 1221 568 1293 simpliciter
586 1220 815 1293 improbandum,
838 1219 936 1291 utique
962 1218 1157 1290 imaginarium
1186 1225 1242 1287 est,
1274 1226 1306 1278 ut
1338 1221 1509 1278 ostendimus
1550 1223 1684 1294 superine.
1730 1224 1799 1280 Tale

101 1310 272 1366 sacerdotem
290 1309 368 1364 illum
386 1324 442 1363 non
458 1312 568 1364 tantum
587 1307 623 1362 ab
641 1306 736 1362 ordine
752 1322 831 1361 sacro
849 1322 936 1362 remo·
962 1306 1112 1362 divortium
1138 1308 1281 1365 aChristo
1306 1310 1334 1365 in
1359 1326 1444 1366 cansa
1466 1310 1657 1366 fornicationis
1684 1311 1712 1365 iu
1735 1310 1799 1382 lege

101 1397 194 1461 risset
212 1396 260 1452 sed
279 1396 362 1451 etiam
381 1393 586 1450 matrimonium
605 1393 696 1464 ipsum
709 1392 872 1449 diremisset.
901 1390 935 1444 ln
963 1392 1128 1464 euangelica
1153 1411 1313 1450 concessum
1342 1413 1403 1451 csse
1425 1396 1524 1452 statuit
1544 1395 1683 1461 Hilarius,
1716 1397 1799 1470 quale

101 1482 238 1555 principio
256 1481 389 1552 epistolae
407 1480 475 1536 dicit
492 1480 559 1550 leo,
576 1496 607 1533 ss
624 1495 657 1534 sc
671 1480 778 1551 pietate
796 1486 823 1533 et
839 1478 933 1533 sotici·
962 1492 995 1531 ex
1021 1478 1078 1533 alia
1102 1479 1228 1550 qnalibet
1254 1497 1338 1537 causa
1356 1482 1385 1536 in
1403 1482 1465 1553 lege
1484 1482 1571 1538 reteri
1588 1499 1607 1537 a
1622 1483 1719 1554 Moyse
1736 1500 1797 1554 per·

101 1568 199 1622 tridino
216 1568 339 1622 muneris
356 1569 404 1621 nui
419 1568 491 1623 nette
510 1573 617 1621 mutare
637 1573 663 1620 et
679 1566 840 1634 corripere,
862 1582 934 1635 quae
961 1561 1078 1618 nisum
1105 1564 1134 1619 in
1151 1564 1187 1621 N.
1207 1564 1240 1621 T.
1269 1567 1388 1636 amplius
1413 1567 1519 1623 licitum
1543 1585 1604 1625 csse
1623 1574 1715 1640 negat
1763 1568 1798 1623 Id

102 1671 136 1708 ca
155 1653 285 1709 Potentia
305 1660 483 1722 copnoosrot,
506 1652 537 1706 in
561 1652 687 1707 ecclesiis
705 1651 858 1716 Africanis
876 1651 934 1705 iili·
959 1665 1024 1704 vero
1042 1649 1259 1707 eratdirortium
1272 1652 1364 1724 quoad
1378 1654 1528 1709 uinculum.
1556 1658 1581 1709 t.
1595 1656 1799 1724 Epiphaniam,

102 1741 155 1794 cite
183 1740 245 1808 peri
277 1746 304 1792 et
333 1738 484 1808 usurpari;
515 1737 613 1809 quodsi
645 1736 673 1792 in
702 1753 797 1792 eorum
820 1750 935 1792 numero
961 1734 1009 1806 qui
1038 1734 1099 1791 libr.
1130 1742 1154 1791 t.
1186 1742 1252 1792 tom.
1285 1743 1307 1792 1.
1338 1738 1446 1795 haeresi
1476 1745 1517 1795 59.
1549 1745 1647 1795 contra
1664 1740 1797 1796 Catharos

103 1826 247 1882 habuisset
285 1823 489 1879 matrimonium
532 1822 645 1878 dimissa
687 1823 779 1894 priore
815 1824 935 1894 conjuge
961 1825 1026 1876 ante
1042 1819 1165 1876 medium
1191 1822 1227 1878 de
1251 1822 1355 1893 nuptiis
1379 1828 1444 1895 post
1471 1825 1619 1882 divortium
1647 1826 1797 1882 contractis

103 1911 231 1966 adultera
248 1909 361 1982 initum,
388 1909 486 1980 utique
504 1908 587 1963 etiam
605 1908 675 1962 illud
693 1908 784 1978 ipsum
801 1907 936 1964 abolevis-
961 1906 1001 1961 sic
1019 1905 1145 1963 disserit:
1164 1907 1180 1964 ὁ
1197 1908 1236 1981 μὴ
1255 1909 1386 1977 iouneetr
1403 1914 1437 1986 τῇ
1451 1917 1506 1984 μιᾷ
1517 1911 1687 1985 ripatorium
1704 1917 1796 1968 reten-

104 2002 154 2067 tet,
176 2013 239 2052 eum
258 2012 294 2052 ex
313 1993 461 2067 hypothesi
479 1993 688 2050 pontificiorum
706 1993 816 2066 legibus
833 1991 935 2049 cuncti
961 1991 1064 2068 ruodep
1083 1992 1177 2049 trenta
1202 2016 1275 2057 τινος
1292 1996 1460 2069 προφάσεως
1483 2004 1615 2071 πορνείας
1637 1998 1796 2074 ῆμοιχείας
1827 1998 1829 2002 ’

102 2088 133 2139 el
159 2082 277 2154 apostoli
306 2081 375 2136 illud
407 2080 510 2136 directe
536 2079 707 2134 adversetur.
741 2078 895 2137 innocentii
913 2078 934 2132 I.
963 2078 978 2146 ἢ
1010 2082 1097 2147 κακῆς
1128 2083 1217 2142 αἰτίας
1241 2083 1390 2154 χωρτομοῦ
1416 2087 1583 2153 γενομένου,
1614 2089 1796 2157 συναφθέντα
1810 2088 1918 2135 miss

103 2168 265 2224 constitutio
283 2167 344 2240 agit
361 2166 395 2222 de
416 2165 464 2221 illo
482 2164 615 2230 divortio,
638 2164 713 2236 quod
731 2164 767 2220 ob
786 2180 935 2237 quamcun-
963 2167 1076 2238 δευτέρᾳ
1094 2169 1207 2237 γυναικὶ
1230 2164 1246 2237 ἢ
1270 2167 1340 2239 γυνὴ
1359 2168 1477 2241 δευτέρῳ
1502 2168 1584 2242 ἀνδρὶ
1604 2169 1656 2225 οὐκ
1675 2175 1796 2227 αἰτιᾶται

103 2272 157 2328 que
175 2255 264 2310 levem
283 2258 312 2308 et
330 2269 385 2307 non
402 2250 587 2307 sufficientem
598 2267 713 2306 cansam
729 2250 790 2307 fieri
807 2250 934 2322 prohibe·
962 2249 977 2304 ὀ
995 2257 1073 2313 θεῖος
1094 2250 1191 2322 λόγος,
1217 2253 1283 2309 aiil
1300 2251 1357 2309 ini
1378 2258 1423 2323 τῆς
1443 2255 1584 2323 ἐκκλησίας
1604 2259 1651 2310 καὶ
1668 2257 1714 2324 τῆς
1731 2261 1798 2327 ζωῆς

104 2346 150 2395 tur
168 2338 268 2395 Matre.
288 2345 318 2407 5,
337 2356 363 2394 t.
383 2342 425 2395 32.
446 2355 506 2409 cap.
527 2343 575 2405 te,
593 2353 618 2393 v,
638 2344 662 2393 9.
681 2337 756 2404 atqui
775 2336 858 2392 aliam
875 2352 936 2392 esse
961 2336 1154 2412 ἀποκηρύττει,
1185 2336 1254 2393 idid
1280 2340 1452 2409 διαβαστάζει
1475 2341 1521 2397 διὰ
1543 2343 1571 2395 τὸ
1603 2341 1719 2406 ἀσθενὲς
1737 2342 1797 2415 οὐχ,

103 2427 238 2482 rationem
256 2423 368 2479 divortii
380 2424 416 2479 ob
427 2439 539 2478 causam
551 2422 679 2479 adulteri
689 2421 757 2478 iacti
770 2422 936 2479 eximmotit
961 2421 1077 2480 ivodio
1097 2429 1230 2497 γυναῖκας
1249 2424 1344 2480 tutet
1364 2424 1430 2481 αὐτὸ
1450 2427 1501 2501 σχῇ
1530 2427 1568 2481 ἔτι
1587 2426 1734 2498 περιούσης
1750 2431 1797 2496 τῆς

102 2510 289 2567 fundamentis
305 2509 521 2564 demonstratum
535 2507 597 2563 tuit
619 2509 678 2566 Nec
689 2507 830 2564 sufficiens
838 2508 937 2564 suunt
961 2511 1035 2583 μιᾶς,
1054 2507 1112 2567 ttt’
1134 2508 1191 2564 ini
1208 2513 1275 2583 μιᾶς
1306 2512 1487 2583 incorrecte,
1514 2513 1631 2587 δευτέρᾳ
1656 2518 1680 2568 rt
1712 2515 1797 2587 τύχοι,

101 2596 240 2669 generalis
266 2596 315 2650 illa
340 2596 377 2650 ad
399 2596 642 2666 praedecessorum
657 2595 769 2652 decreta
788 2594 936 2667 ablegatio,
962 2596 992 2653 ir
1014 2594 1091 2672 νόμῳ
1109 2600 1308 2669 duraedirae,
1341 2599 1391 2667 qui
1408 2618 1464 2654 noa
1484 2601 1580 2669 potuit
1608 2619 1666 2655 una
1686 2610 1798 2657 roortua

102 2683 151 2738 scd
173 2683 202 2737 in
220 2681 312 2753 specie
325 2680 467 2737 debuisset
484 2681 542 2737 Leo
555 2698 633 2736 snam
646 2681 682 2735 da
698 2678 752 2737 hoc
763 2681 938 2738 matrimonio
962 2690 1105 2738 contentus
1125 2696 1184 2738 esse
1202 2683 1236 2738 ot
1254 2684 1382 2754 aliquam
1402 2686 1601 2741 scortationem
1618 2695 1669 2741 aut
1688 2689 1799 2744 adulte

103 2768 269 2825 mutandam
283 2783 426 2838 exponere,
441 2765 465 2820 si
477 2766 546 2821 illud
558 2767 742 2823 dirimendum
760 2769 921 2823 censuisset.
961 2769 1037 2824 rium
1055 2769 1114 2824 'aret
1137 2769 1317 2839 separatione
1343 2770 1377 2824 ab
1403 2772 1530 2841 aliquam
1556 2773 1661 2829 malam
1686 2794 1799 2831 causam

139 2860 196 2910 579.
233 2853 319 2908 Hisce
348 2869 367 2907 s
394 2851 554 2907 Chemnicio
580 2852 707 2908 addumis
732 2853 860 2924 patribus
887 2853 936 2908 ad·
962 2857 1057 2926 facto,
1090 2872 1152 2912 eum
1181 2855 1280 2910 diuina
1298 2856 1449 2926 Scriptura
1468 2877 1525 2914 noa
1543 2868 1675 2930 οααοτοτ,
1705 2863 1733 2916 si
1750 2871 1799 2917 aut

100 2940 244 3013 jungdmus
265 2945 288 2995 1.
308 2938 522 3007 Tertullianum,
542 2937 637 3009 quiin
656 2937 703 2993 lib.
722 2924 748 2994 1.
766 2939 828 2994 adv.
847 2939 934 2996 Marc.
962 2943 1007 2996 eir
1025 2943 1215 3012 eonjunputur
1233 2945 1373 2997 secundae
1390 2944 1488 3014 errori,
1517 2952 1567 2999 aut
1583 2963 1655 3000 naor
1672 2950 1795 3003 seeundo

103 3044 127 3081 c.
146 3032 187 3083 et.
205 3026 235 3081 in
252 3025 339 3097 prino.
366 3023 508 3095 explicans
530 3023 616 3079 verba
640 3023 745 3079 Christi
768 3024 868 3082 hlutth.
896 3032 935 3083 19.
962 3028 1033 3093 ciro,
1049 3044 1137 3098 neque
1158 3029 1194 3083 ab
1214 3028 1331 3083 ccclesia
1349 3035 1375 3083 et
1391 3029 1449 3084 otto
1468 3030 1597 3100 abdiam,
1623 3034 1677 3086 sed
1699 3036 1800 3104 suffert

102 3112 239 3177 ostendit,
275 3110 417 3168 Christum
437 3127 493 3166 uon
518 3109 630 3164 omnino
653 3116 681 3166 et
706 3111 734 3165 in
758 3117 859 3178 totum,
889 3112 937 3168 sed
960 3121 1078 3184 propter
1108 3114 1296 3184 debilitatem,
1328 3132 1383 3171 non
1411 3123 1443 3169 ut
1473 3118 1546 3170 duas
1577 3134 1678 3172 uaorcs
1715 3120 1800 3174 simui

105 3197 331 3253 conditionaliter
348 3196 522 3268 prohibuisse
539 3196 693 3252 Mosaicum
711 3198 872 3270 repudium,
897 3199 937 3254 sic
962 3200 1064 3255 tabeat
1092 3199 1185 3255 altem
1216 3201 1309 3256 adduc
1339 3202 1503 3273 superstite,
1533 3204 1586 3256 sed
1617 3211 1647 3257 ut
1679 3205 1715 3256 ab
1741 3223 1799 3260 uno

103 3284 177 3340 enim
195 3283 307 3339 scribit:
344 3284 435 3353 Dico,
457 3283 598 3337 Chrirtum
617 3284 848 3340 conditionaliter
863 3303 937 3340 nunc
961 3293 1111 3358 separatus
1143 3288 1299 3356 secundae,
1333 3287 1359 3341 si
1385 3287 1427 3342 ita
1459 3287 1616 3357 continpat,
1647 3290 1797 3361 copulemr,

103 3372 206 3437 serum
223 3370 342 3425 divortii
364 3369 591 3442 prohibitionem,
610 3369 638 3424 si
646 3370 711 3425 ideo
731 3372 795 3440 quis
813 3371 937 3425 dimittat
962 3373 1061 3427 divina
1080 3371 1232 3443 Scriptura
1251 3381 1277 3426 et
1304 3380 1404 3427 sauma
1422 3373 1483 3427 Dei
1501 3373 1618 3427 ecclesia
1641 3375 1702 3442 ejus
1719 3376 1798 3429 mise-

103 3473 232 3521 uaorem,
261 3462 294 3509 ut
314 3454 405 3509 aliam
430 3455 523 3509 ducat
578 3453 633 3518 Qut
656 3455 810 3526 dimiserit,
837 3457 936 3528 inquit,
962 3465 1040 3512 retur·
1061 3462 1114 3514 etc.
1151 3456 1229 3515 Haec
1249 3458 1335 3513 verba
1353 3457 1503 3529 Epiphanii
1528 3475 1584 3515 non
1602 3467 1719 3530 possunt
1735 3480 1798 3517 con·

102 3559 217 3597 acorem
237 3550 265 3596 et
291 3541 381 3595 aliam
398 3540 526 3609 dicerit,
555 3542 728 3597 adulterium
748 3542 893 3612 commisit,
911 3554 937 3599 ct
961 3544 1080 3613 iuncum
1099 3543 1203 3614 accipi,
1233 3542 1314 3614 quasi
1345 3548 1404 3598 tum
1430 3543 1540 3599 demum
1564 3544 1657 3600 licitae
1682 3547 1738 3602 sint
1753 3566 1796 3604 se-

104 3630 155 3699 qui
173 3646 192 3682 a
210 3627 314 3682 morito
336 3627 482 3680 dimissam
499 3628 626 3693 durarit,
643 3642 731 3698 acque
754 3630 869 3684 adrulter
888 3640 936 3700 est,
962 3628 1071 3685 caudae
1104 3632 1168 3698 post
1205 3627 1354 3683 divortium
1391 3629 1524 3699 nuptiae,
1561 3631 1584 3683 si
1619 3631 1694 3701 prior
1729 3651 1797 3688 uxor
1865 3624 1870 3631 ¹

101 3732 135 3769 ea
150 3705 248 3768 cadem
270 3713 366 3783 tutique
390 3729 487 3781 cansa,
504 3729 561 3783 quo
580 3730 636 3768 non
655 3714 728 3785 licet,
746 3715 878 3786 dimittit,
905 3725 936 3769 ut
962 3713 1088 3770 adultera
1106 3712 1191 3768 fuerit
1208 3719 1326 3778 mortua,
1346 3712 1396 3767 sed
1416 3714 1529 3767 divisim
1547 3722 1613 3770 sunt
1626 3717 1798 3787 accipienda,

103 3801 165 3855 olio
183 3801 313 3868 meatur,
331 3797 434 3854 rtttctte
451 3799 526 3853 enim
544 3799 691 3854 dimissam
706 3818 764 3871 pro
787 3802 936 3856 indimissa
962 3799 1037 3872 quod
1065 3798 1173 3853 licitum
1206 3798 1243 3852 sit
1274 3798 1428 3852 seeundum
1459 3799 1677 3870 matrimonium,
1706 3802 1730 3857 si
1753 3805 1798 3860 vel

106 3889 210 3941 ducens
229 3885 344 3940 adrtlter
361 3892 418 3951 est,
433 3892 527 3938 manet
540 3885 613 3940 enim
624 3886 839 3957 matrimonium,
860 3889 937 3957 quod
962 3888 1058 3952 morte,
1077 3881 1123 3938 vei
1150 3887 1265 3954 propter
1289 3881 1456 3938 adulterium
1479 3885 1685 3955 matrimonium
1712 3888 1798 3944 fuerit

103 3990 158 4026 non
176 3973 232 4026 rite
251 3971 397 4025 diremtum
417 3977 466 4041 est,
483 3979 610 4026 manetur
627 3973 808 4028 matrimonio
834 3974 935 4027 nubae
962 3969 1092 4038 solutum,
1121 3968 1191 4024 aliae
1211 3967 1298 4023 rerba
1314 3969 1363 4023 illa
1388 3969 1480 4025 ἕνεκεν
1496 3977 1631 4044 πορνείας
1650 3977 1798 4048 χωρισμοῦ

103 4057 278 4112 σάαῑτανίαοι
309 4064 367 4127 est,
397 4056 440 4111 ita
468 4056 497 4110 si
529 4056 758 4113 conditionaliter
794 4059 936 4129 prohibuit
961 4058 1116 4128 γενομένου
1130 4053 1510 4122 continerentlimitationem‚
1521 4057 1669 4128 quesitum
1679 4059 1798 4127 demum,

104 4146 207 4198 ducere
237 4159 364 4207 nomem,
393 4159 452 4196 noa
473 4143 503 4197 in
526 4150 614 4198 totum
628 4143 782 4213 probibuit,
816 4153 841 4199 et
860 4147 938 4214 quad
962 4149 1026 4214 post
1045 4147 1161 4197 mortem
1181 4141 1283 4205 uxoris,
1302 4141 1409 4196 licitum
1428 4141 1465 4197 sit
1483 4143 1700 4213 matrimonium,
1718 4144 1742 4199 si
1761 4144 1798 4200 ob

102 4228 356 4298 noaproliiuitin
374 4236 468 4298 totum,
480 4230 614 4298 perenisit
633 4235 685 4286 etc.
714 4231 810 4285 Habes
843 4231 936 4300 itaque
961 4227 1171 4284 fornicationem
1186 4227 1263 4282 facta
1275 4226 1535 4299 iuissetseparatio,
1553 4229 1627 4300 quod
1645 4231 1799 4287 sententiae

104 4317 245 4372 Clrrirtum
286 4321 459 4369 assertorum
493 4314 622 4385 justitiae
670 4315 793 4372 diuortii.
844 4315 936 4388 Hujus
962 4312 1112 4386 Epiphanii
1135 4313 1261 4384 etipsius
1273 4313 1680 4385 Scripturaeest’contrarium,
1695 4316 1799 4387 quippe

103 4402 171 4457 dicti
191 4406 270 4456 tanta
287 4405 329 4456 est
347 4398 502 4467 evidentia,
521 4403 553 4454 nt
572 4398 665 4456 Sirtus
685 4400 815 4457 Senensis
831 4401 893 4459 libr.
912 4408 938 4458 6.
964 4417 1037 4472 quae
1049 4398 1176 4455 omnibus
1186 4398 1292 4454 maritis
1300 4403 1364 4469 (non
1373 4399 1427 4455 illis
1439 4392 1556 4470 tantum,
1566 4400 1613 4472 qui
1622 4400 1659 4456 ab
1668 4400 1799 4458 uxoribus

102 4487 229 4544 biblioth.
255 4492 347 4542 annot.
375 4490 417 4541 81.
443 4502 471 4556 p.
496 4491 556 4541 tet.
585 4486 808 4542 Tertullianum
835 4488 938 4544 referat
962 4492 1077 4559 propter
1093 4484 1259 4541 adulterium
1273 4485 1393 4556 separati
1404 4485 1492 4554 fuere)
1507 4493 1570 4558 post
1581 4491 1696 4543 mortem
1707 4487 1798 4543 uxoris

101 4574 130 4627 in
157 4574 273 4628 classem
311 4588 419 4638 eorum,
445 4570 492 4643 qni
528 4578 605 4626 certo
642 4580 668 4626 et
698 4573 860 4628 indubitato
892 4592 936 4628 as·
963 4571 1147 4629 secundarum
1159 4573 1318 4643 nuptiarum
1337 4577 1504 4643 potestatem
1519 4573 1594 4643 facit,
1608 4589 1641 4627 ex
1655 4573 1797 4644 σιιοοαιιᾶ
1878 4590 1880 4595 ·

99 4661 222 4715 sortione
252 4659 398 4730 utiusque
422 4659 550 4729 repudii,
575 4659 627 4714 hoc
651 4667 692 4714 est
716 4679 735 4713 a
758 4661 938 4715 cordubernio
962 4659 1098 4714 immerito
1128 4659 1191 4729 quis
1221 4657 1382 4729 colligeret,
1410 4659 1456 4714 rel
1483 4658 1624 4730 adjectum
1644 4674 1704 4714 ease
1729 4658 1799 4716 illud

101 4754 127 4801 ot
146 4765 165 4799 o
182 4745 328 4815 connuhio,
347 4745 489 4799 licentiam
503 4747 669 4817 protorum.
713 4748 739 4802 2.
757 4745 936 4800 Εοαταατίαστ
963 4741 1155 4818 r‘stsor'nrriop,
1175 4740 1363 4798 rel'omisssm
1375 4742 1572 4815 perticulam'i
1595 4742 1799 4816 disjunctivam.

100 4831 165 4890 libr.
183 4838 208 4888 6.
228 4830 311 4886 instit.
331 4847 355 4885 c.
373 4825 415 4886 tt
433 4831 508 4886 circa
525 4830 590 4889 dne
614 4832 740 4887 Adulter
771 4840 832 4900 est,
850 4833 901 4905 qui
918 4850 937 4887 a
958 4831 1060 4902 'Neque
1076 4828 1172 4884 tamm
1188 4827 1254 4883 huic
1266 4826 1423 4899 'Epiphanii
1436 4829 1496 4885 loco
1514 4826 1663 4885 admodum
1685 4824 1798 4886 confidi·

99 4919 205 4975 marito
224 4916 370 4972 dimissam
388 4917 515 4988 cluserit,
539 4925 565 4972 ct
584 4919 618 4987 ts,
637 4918 688 4988 p'ui
700 4918 815 4988 praeter
832 4916 937 4972 σαίἤιαα
962 4916 1080 4972 muse.
1099 4912 1297 4997 dupustinuit,
1314 4915 1362 4986 qtri
1383 4910 1509 4986 quamvis
1527 4914 1652 4989 inlibris
1672 4917 1707 4972 de
1720 4914 1798 4972 adul-

67 5003 240 5060 -adultertii
248 5018 363 5058 uacrsm
376 5003 500 5069 diuidit,
514 5010 547 5058 ut
563 5003 652 5058 utiam
671 5006 768 5076 ducat,
783 5005 938 5060 duracium·
960 5003 1057 5060 terims
1082 5000 1220 5076 conjugiis
1244 4998 1280 5055 sd
1303 4999 1473 5056 Pollentiam
1496 4996 1720 5075 lat'e·'disputet,
1740 5011 1799 5058 tam
1843 5026 1849 5033 ·

102 5092 174 5146 euim
192 5102 296 5159 eorpus
314 5094 339 5144 et
357 5088 483 5144 aunam
501 5090 712 5145 Daus·noluit.'
732 5094 760 5148 ³.
781 5091 936 5163 Hilarium,
961 5092 1031 5160 niro,
1044 5092 1127 5162 quotu
1144 5086 1338 5157 mulieripost
1354 5086 1506 5144 aioordum
1518 5088 1637 5145 illicitas
1650 5104 1708 5145 esse
1722 5090 1798 5145 aliar

101 5177 149 5251 qui
168 5193 266 5234 canon.
297 5182 322 5232 t.
354 5177 383 5230 iu
401 5176 500 5233 Matth.
544 5181 607 5248 post
639 5176 760 5233 medium
794 5179 823 5232 in
849 5172 936 5235 rerba
962 5177 1089 5248 nuptias,
1120 5180 1212 5230 tamen
1239 5173 1267 5228 in
1295 5172 1367 5230 libro
1384 5172 1427 5230 'de
1449 5173 1498 5232 fid.
1518 5174 1695 5247 et'operihus
1713 5192 1737 5230 c.
1756 5180 1797 5232 19.

76 5262 205 5320 ‘otest
223 5261 322 5318 Mtte.
344 5268 368 5329 5,
385 5278 411 5320 τ.
430 5266 470 5319 31.
490 5261 530 5317 sic
549 5266 762 5319 commentetur:
790 5262 867 5318 'Cum
892 5266 936 5319 lea
962 5263 1036 5320 circa
1061 5258 1154 5316 tinem
1181 5258 1306 5316 modeste
1325 5258 1437 5316 scribit:
1471 5258 1602 5333 Quoquo
1625 5274 1741 5316 nomem
1767 5262 1798 5316 in

52 5420 64 5429 ..
100 5349 260 5405 libertatem
282 5349 375 5402 dandi
396 5348 511 5418 repudii
533 5364 566 5402 en
589 5346 683 5429 librili
705 5348 871 5405 auctoritate
888 5351 936 5404 tri·
961 5349 1105 5405 adulterio
1131 5346 1340 5417 deprehensam·
1363 5347 1502 5403 dimiserit
1518 5354 1545 5403 tt
1564 5347 1653 5402 aliam
1678 5346 1798 5413 duxerit,

55 5434 65 5481 .'
97 5435 233 5502 'tutum
252 5450 328 5489 nunc
349 5435 461 5489 :marito
488 5434 565 5505 fides
583 5433 750 5504 *moapelica
772 5452 829 5490 non
845 5436 936 5491 scium
960 5454 1017 5493 noa
1044 5434 1156 5490 ridetm
1185 5436 1351 5504 aequandus
1381 5433 1436 5504 eis,
1474 5435 1525 5505 qui
1558 5434 1691 5503 eacepta‘
1711 5430 1798 5488 canta

35 5528 41 5535 ‘
67 5518 70 5523 ’
102 5522 271 5576 uoluntatem
279 5519 688 5590 pacis-indicitnerumetidm
701 5524 935 5576 reatumoouc'tae
961 5518 1100 5579 adrdtcrii
1115 5519 1259 5575 dimittunt
1276 5524 1302 5575 et
1321 5522 1433 5575 ducunt.
1480 5518 1519 5575 ut
1543 5520 1573 5576 in
1597 5517 1669 5589 ipsis
1693 5516 1799 5574 (ticinis

157 5613 259 5658 (turult
272 5613 321 5660 leel.
339 5613 385 5659 tu
1434 5627 1466 5678 25
