4020 6022
65 171 71 185 '
179 212 238 271 ιιι
762 204 885 265 cocus
901 202 1107 265 moasmm
1128 204 1299 273 aumaas

175 372 271 415 aarum
287 374 342 429 ops
359 360 483 415 succurri
499 361 595 433 possit,
612 362 676 417 ideo
694 374 751 417 non
768 366 863 417 sunta
879 358 1011 431 conjugio
1040 358 1149 431 leproso
1168 360 1384 431 permittendam
1398 362 1554 433 censeatsi
1569 360 1677 418 scilicet
1687 378 1773 419 sanus
1786 362 1876 419 libers

174 442 355 517 prohibendi,
390 446 444 501 uisi
479 446 582 501 malum
613 446 724 517 penitus
761 446 918 503 insanabile
952 462 1013 501 esse
1039 445 1182 501 voluntate
1207 447 1235 501 in
1258 447 1328 503 illud
1355 450 1525 517 consentiat,
1549 448 1578 503 in
1605 464 1689 519 quam
1708 446 1875 503 sententiam

175 535 295 589 masne.
341 530 481 602 Ulpianus
503 532 521 586 1.
547 532 571 586 si
593 548 680 588 serva.
699 538 742 591 39.
761 532 791 588 li.
810 532 846 588 de
860 532 917 603 jur.
940 530 1012 585 dot:
1039 532 1122 587 etiam
1141 532 1202 587 abit
1218 532 1435 590 Bidembachius
1452 535 1487 589 de
1506 550 1581 589 caus.
1599 534 1755 591 matrimon.
1776 552 1804 606 p.
1818 538 1874 593 1011.

180 614 216 671 a·
231 618 359 687 spadoni
373 619 624 687 muliernuprerit,
640 620 869 688 distinguendum
881 619 1013 680 arbitror,
1038 622 1132 673 tamen
1153 624 1228 673 recta
1252 624 1379 674 statuunt
1399 620 1558 675 Mentaerus
1582 620 1619 677 dc
1641 621 1753 691 conjug.
1775 637 1803 691 p.
1819 622 1876 675 tos.

177 710 320 757 11111111
333 705 438 775 fuerit,
455 720 548 769 necne,
568 712 600 758 ut
617 705 648 758 in
666 712 793 761 cumrato
821 704 903 759 dicas
922 705 1014 757 (111111
1039 709 1069 759 et
1085 702 1229 774 Gyprseas
1256 704 1291 759 de
1315 706 1467 775 sponsalib.
1490 723 1514 763 c.
1535 712 1575 763 1³.
1595 702 1625 779 ξ.
1644 712 1686 761 115.
1706 722 1763 761 ιιοιι
1780 719 1876 761 esses

178 804 236 843 aaa
258 804 330 857 esse,
359 792 389 843 in
411 806 458 858 co,
488 791 539 860 qui
560 798 704 845 castratur
728 810 783 845 non
801 798 853 859 eat,
886 790 955 861 qnia
973 796 1013 842 cst
1040 788 1198 845 Christiano
1216 792 1382 862 magistrata
1399 792 1455 848 tals
1480 793 1643 864 conjugium
1660 790 1876 857 mucedendum,

178 876 394 943 matrimonium,
413 883 439 929 st
462 878 516 931 alos
545 883 572 930 et
595 876 671 931 dotis
688 877 763 929 actio
789 883 838 933 cst.
884 876 930 929 An
949 890 1104 941 veromam
1122 874 1201 931 Deus
1217 876 1278 947 ipse
1295 875 1367 932 hanc
1385 877 1610 949 conjunctionem
1627 884 1783 947 aversetur,
1809 876 1874 931 darn

180 960 284 1015 ιιιιΙιιιιι
304 960 341 1015 sit
359 960 483 1017 sanabile
500 962 546 1018 vel
565 963 751 1035 desperatam,
769 962 806 1017 ad
826 961 901 1016 illins
919 944 1178 1032 exple-ileprosum
1206 962 1357 1018 solitariam
1386 964 1473 1019 vitam
1500 979 1583 1037 agere
1606 964 1703 1035 jussit,
1733 978 1797 1017 cum
1824 962 1875 1019 rei·

183 1046 316 1101 rationem
346 1045 421 1117 leges
441 1047 552 1103 triennii
572 1054 682 1119 tempus
701 1048 932 1120 praestituerunt,
959 1038 1170 1117 quaipubliese
1188 1048 1304 1117 intersit,
1317 1050 1428 1119 nuptias
1445 1049 1582 1119 ejusmodi
1600 1047 1748 1120 prohiberi,
1765 1063 1876 1103 aecon-

179 1132 216 1185 de
239 1148 269 1185 re
295 1130 368 1186 inira
385 1133 502 1202 plenius.
542 1133 586 1188 De
605 1134 709 1205 nuptiis
728 1136 958 1202 androgynorum
975 1132 1013 1186 vi·
1026 1128 1148 1203 litigium
1165 1132 1235 1188 illud
1252 1133 1336 1189 latius
1355 1139 1449 1205 serpat
1466 1150 1500 1189 ac
1517 1140 1689 1206 propagetur
1706 1134 1875 1207 tandemque
1887 1147 1927 1191 xv.
1938 1146 1974 1189 ιιι.

180 1215 279 1271 destun
296 1216 442 1288 (lypraeus
468 1218 504 1274 de
527 1235 618 1291 spons.
644 1236 666 1275 c.
691 1225 714 1275 o.
738 1216 768 1291 ξ.
794 1224 836 1276 lt.
855 1234 882 1271 n.
902 1224 944 1273 45.
964 1210 1876 1293 1111111111(1111111111111111111,1111111111111

181 1302 318 1373 disputat,
337 1322 355 1359 a
372 1306 474 1376 potiori
493 1322 561 1361 sexa
578 1322 625 1361 eos
644 1306 795 1362 censendos
812 1312 841 1363 11
852 1304 1013 1375 conjugium
1040 1306 1136 1359 uolens
1153 1324 1209 1362 aon
1228 1308 1266 1360 rit
1282 1308 1450 1371 audiendas,
1469 1306 1487 1360 l.
1511 1310 1550 1361 11.
1569 1306 1604 1362 ds
1622 1306 1753 1378 appellat.
1775 1304 1876 1378 quibas

178 1387 233 1443 illis
250 1390 475 1459 permittendum.
1041 1391 1196 1447 rationibus
1214 1392 1297 1447 etiam
1316 1392 1385 1447 illud
1403 1393 1470 1447 sddi
1488 1397 1594 1463 potest,
1622 1392 1697 1465 quod
1721 1391 1875 1463 periculam

50 1462 73 1506 ⁸·
88 1464 123 1505 ⁸¹¹
214 1480 274 1531 tta.
322 1476 455 1541 Quaestio
483 1484 507 1535 o.
554 1481 601 1532 rin
636 1478 771 1547 leprosis,
798 1476 955 1547 epilepticis
988 1482 1015 1529 et
1041 1477 1092 1546 sit,
1118 1494 1154 1533 ne
1182 1496 1247 1550 pars
1264 1496 1333 1533 sarra
1371 1478 1530 1549 nuptiarum
1549 1478 1673 1547 illarum,
1700 1494 1769 1549 quas
1795 1476 1876 1533 nimis

51 1516 167 1609 mitii-
177 1562 267 1617 simili
287 1564 447 1617 morborum
470 1564 710 1633 cantapiosoram,
733 1563 964 1617 abominabilium
990 1570 1016 1617 et
1042 1562 1154 1619 incaute
1185 1564 1366 1635 approbavit,
1399 1565 1512 1620 taudem
1543 1570 1671 1635 pertaesa
1705 1564 1742 1619 ad
1772 1564 1875 1619 alienos

51 1618 134 1709 232¹..
178 1648 377 1704 incurabilium
406 1666 507 1719 penore
546 1651 655 1720 affectis
681 1650 890 1705 matrimonium
921 1666 1015 1703 conce·
1042 1666 1149 1705 amores
1174 1651 1295 1706 animum
1321 1651 1435 1721 adjiciat
1464 1656 1493 1706 et
1517 1650 1646 1705 adulterii
1675 1656 1793 1721 peccato
1815 1650 1876 1705 illa·

51 1720 165 1762 ⁶⁸³⁴¹¹¹fl²
179 1736 325 1789 dandami
368 1734 496 1789 Diximus
520 1734 659 1805 superins,
683 1736 720 1790 ob
745 1736 815 1789 tales
841 1733 953 1790 morbos
977 1692 1166 1805 al-iqueetur.
1213 1736 1243 1793 Si
1264 1744 1356 1793 tamen
1381 1736 1469 1792 morbi
1495 1754 1550 1792 non
1573 1736 1629 1790 sint
1653 1736 1807 1809 contagiosi
1824 1752 1875 1791 nec

178 1820 276 1875 nrum
310 1820 356 1875 val
388 1821 498 1891 utrique
521 1821 596 1891 parti
618 1820 843 1891 supervenientes
876 1814 1209 1892 sponsatialheredinrii,
1237 1823 1339 1894 poterit
1366 1821 1489 1893 conjugii
1524 1821 1638 1877 incundi
1669 1821 1791 1877 facultas
1810 1818 1874 1891 illis,

181 1906 294 1962 dissolvi
319 1922 415 1977 posse,
443 1924 476 1962 cx
503 1924 559 1978 quo
585 1916 693 1979 promte
711 1908 865 1979 colligitur,
892 1908 940 1971 iis,
967 1907 1014 1977 qui
1026 1868 1030 1977 i
1042 1908 1089 1978 qui
1109 1908 1245 1979 ejusmodi
1265 1908 1345 1963 malis
1362 1908 1480 1980 correpti
1498 1915 1570 1972 sunt,
1589 1908 1724 1979 permitti,
1743 1908 1773 1963 in
1791 1926 1873 1982 quam

176 1992 228 2049 nii
254 1994 411 2049 morborum
434 2010 537 2067 genere
554 1994 648 2051 affecti
668 2002 746 2061 sant,
764 2012 820 2050 non
839 2010 899 2049 esse
920 1992 1207 2049 mani-mantenano
1225 1994 1331 2049 Ludor.
1348 1994 1434 2049 Vives
1456 1993 1486 2047 1ιι
1505 1994 1551 2048 lib.
1574 1994 1608 2049 de
1631 1994 1729 2049 Christ.
1752 1994 1816 2051 iem.
1834 1995 1874 2049 sic

177 2078 298 2133 monium
328 2080 545 2137 concedendam.
596 2089 619 2139 1.
653 2084 680 2135 Α
712 2082 867 2137 1111111111
901 2080 1150 2167 ‹lirinaeiscribitt
1173 2082 1240 2134 Etsi
1266 2080 1358 2134 morbi
1384 2081 1501 2149 qnidam
1522 2080 1589 2132 tetri
1606 2080 1662 2133 sint
1694 2080 1833 2134 torrendi
1848 2088 1873 2133 ct

177 2166 354 2223 auctoritate.
396 2166 473 2223 Deus
497 2168 558 2237 ipsc
583 2167 707 2238 leprosos
730 2168 767 2221 ab
786 2165 929 2221 hominnm
948 2166 1228 2233 con-linsanabiles,
1255 2174 1349 2219 tamon
1375 2166 1402 2218 si
1427 2165 1451 2218 ia
1474 2166 1510 2218 sit
1542 2166 1687 2235 utriusque
1707 2168 1826 2236 affectos
1849 2174 1874 2219 et

177 2252 262 2307 sortia
278 2260 398 2307 remotos
413 2254 507 2309 rivere
526 2252 631 2324 voluit,
657 2253 772 2309 Lavit-ic.
795 2259 825 2309 13
832 2293 840 2321 ,
867 2270 893 2307 v.
917 2259 942 2307 4.
968 2252 1012 2306 cui
1041 2253 1229 2307 benovolentia
1255 2270 1324 2321 erqo
1349 2252 1484 2320 alterum,
1509 2260 1539 2305 ((1
1565 2254 1724 2321 conjrrqium
1750 2252 1874 2325 cupiant,

178 2338 314 2393 meconi
333 2339 485 2394 conformis
513 2344 579 2393 sunt
594 2340 721 2409 exempla
760 2339 881 2393 Miriam
914 2339 1013 2393 sororis
1040 2340 1235 2411 impediendos
1260 2356 1319 2393 csse
1347 2357 1403 2391 non
1422 2340 1563 2404 arbitror,
1594 2340 1743 2392 dummodo
1768 2356 1786 2391 1
1812 2355 1874 2392 eon·

178 2421 283 2493 Moysis
302 2423 416 2481 Numer.
438 2430 477 2493 11,
501 2444 526 2479 ι.
555 2430 595 2480 to.
618 2425 693 2495 regis
713 2425 797 2479 Orias
818 2430 842 2479 1.
861 2424 952 2479 Paral.
971 2430 1013 2491 111,
1040 2426 1152 2495 capione
1170 2425 1241 2479 nibil
1261 2426 1298 2478 sit
1312 2426 1443 2495 periculi.

179 2525 204 2563 v.
232 2516 271 2567 19.
295 2511 449 2583 eademque
472 2510 502 2567 iu
527 2511 599 2566 bene
631 2510 790 2565 constitutis
813 2493 1028 2582 rebuspublicis
1076 2517 1134 2567 131.
1169 2512 1216 2566 Ab
1235 2510 1438 2581 impedimentis
1458 2510 1624 2566 matrimonii
1640 2516 1769 2581 respectu
1784 2510 1874 2581 11111-
1887 2508 1994 2603 {inquun-

178 2594 271 2650 adbuc
288 2594 371 2651 hodie
390 2595 487 2651 merito
505 2595 682 2663 observatur,
708 2613 772 2651 cum
798 2613 854 2652 non
878 2597 915 2650 sit
940 2612 1014 2651 mere
1039 2604 1125 2649 tatum
1153 2598 1284 2665 corporis
1307 2596 1454 2650 transitum
1482 2594 1598 2651 iacimus
1624 2596 1660 2650 ad
1678 2594 1875 2666 impedimenta
1888 2618 1965 2655 antus.

178 2680 295 2737 forensis
320 2682 497 2737 constitutio.
528 2682 577 2737 ssd
602 2681 708 2753 aliquid
732 2681 835 2736 morale
865 2682 1013 2737 contineat.
1039 2689 1167 2753 respectu
1199 2682 1366 2753 qualitatum
1398 2684 1428 2733 in
1456 2682 1531 2736 uitae
1562 2682 1720 2736 corrditione
1750 2692 1776 2736 ct
1798 2690 1872 2737 stota

177 2764 337 2823 Herodotus
363 2767 425 2822 libr.
458 2774 486 2823 1:
513 2770 603 2838 Apud
627 2770 746 2837 Persas,
782 2770 831 2839 qui
854 2769 938 2839 lepre
964 2777 1013 2821 aut
1039 2768 1178 2823 anteriori.
1212 2767 1281 2822 Jtue
1302 2768 1434 2822 canonico
1454 2768 1680 2838 impedimentum
1707 2768 1873 2824 matrimonii

177 2852 317 2922 uitiligine
339 2854 443 2922 infecti
462 2862 541 2918 sunt,
568 2870 615 2907 eos
633 2855 728 2907 urbem
745 2854 862 2923 ingredi
877 2872 933 2908 non
948 2872 1012 2907 con·
1039 2860 1081 2910 est
1110 2856 1182 2907 orclo
1211 2853 1428 2917 ecclesiasticas,
1465 2854 1512 2923 qui
1547 2852 1618 2907 enim
1656 2854 1684 2908 in
1720 2854 1872 2925 majoribus

178 2940 289 2993 cedaar
315 2946 341 2991 et
365 2956 428 2993 cum
445 2940 514 2992 alitis
533 2940 632 2993 Persis
660 2942 887 2995 consuetudinem
903 2942 1012 2993 babere.
1039 2939 1183 2993 ordinibus
1214 2946 1242 2995 et
1273 2938 1406 2993 ecclcsiae
1439 2938 1589 2994 ministerio
1621 2940 1764 2994 constituti
1800 2946 1872 3009 sunt,

179 3026 206 3080 2.
222 3024 251 3079 A
274 3024 428 3095 multiplici
442 3025 543 3079 talium
560 3025 752 3094 eonjrspiorum
777 3026 1013 3093 incommoditate,
1039 3026 1094 3079 illis
1119 3025 1287 3080 matrimonii
1311 3024 1425 3079 ineundi
1450 3024 1570 3079 facultas
1594 3024 1656 3095 lege
1687 3024 1873 3081 ecclesiastica

178 3116 238 3165 tam
274 3117 403 3181 respecta
440 3111 564 3182 ipsorum
594 3112 757 3180 conjupum,
791 3118 851 3166 tam
885 3118 1012 3181 respectu
1039 3116 1082 3167 est
1099 3112 1245 3181 adempta,
1276 3113 1324 3165 sed
1344 3111 1514 3166 ostendimus
1535 3112 1562 3164 in
1582 3116 1690 3166 1111111.
1717 3112 1752 3166 (11
1770 3112 1872 3167 minist.

178 3196 331 3252 1111111111
349 3213 384 3252 ex
403 3197 454 3252 tali
471 3198 574 3268 copula
589 3198 806 3269 progenitorum.
856 3198 932 3253 Inter
949 3197 1217 3253 con·=ecclasiastie.
1245 3196 1472 3266 impedimentum
1508 3196 1578 3249 illud
1613 3196 1780 3251 matrimonii
1817 3214 1872 3253 non

175 3284 259 3356 juges
283 3282 454 3339 cohabitatio
478 3283 600 3353 illanuon
617 3290 710 3355 potest
737 3301 792 3339 non
820 3300 880 3339 esse
908 3284 1099 3340 athomi-*esse
1119 3283 1282 3353 legitimum.
1317 3282 1386 3337 Jurc
1399 3282 1472 3337 civili
1492 3282 1520 3336 in
1539 3283 1582 3350 iis,
1601 3282 1648 3353 qui
1668 3282 1872 3338 matrimonium

181 3368 284 3425 nabilis
314 3374 428 3425 etcum
468 3370 610 3440 perpetuis
639 3369 741 3441 jurgiis
770 3373 923 3442 conjuncta.
981 3370 1013 3424 ln
1041 3369 1203 3425 contrahere
1222 3369 1353 3439 cupiunt,
1381 3368 1531 3439 requiritur
1549 3374 1638 3423 status
1657 3367 1788 3437 libertas,
1808 3368 1873 3439 quis

181 3454 282 3510 liberos
301 3455 371 3510 11111
389 3454 476 3509 morbi
494 3455 676 3527 utplurimum
699 3462 903 3528 propagantur,
938 3456 1012 3527 quod
1040 3474 1058 3511 a
1079 3456 1163 3527 justis
1186 3456 1291 3526 nuptiis
1313 3454 1498 3509 excluduntui
1524 3454 1609 3522 servi,
1628 3453 1647 3508 l.
1667 3453 1811 3509 Proculus.
1832 3460 1872 3511 61.

180 3556 245 3597 cum
257 3540 405 3595 manifesto
417 3540 587 3611 reipublicae
597 3541 763 3597 detrimento
775 3547 818 3596 est
826 3543 1013 3613 conjunctum.
1043 3542 1077 3597 do
1091 3543 1148 3612 jar.
1175 3541 1230 3595 dot.
1250 3541 1267 3593 l.
1288 3558 1351 3594 cnm
1369 3539 1486 3595 ancillis.
1508 3540 1540 3595 C.
1559 3540 1594 3595 de
1616 3540 1713 3595 incest.
1736 3546 1765 3595 et
1782 3540 1872 3595 inutil.

180 3624 278 3683 Refert
306 3625 503 3698 Hemmingius
531 3628 561 3682 in
600 3627 652 3681 loe.
684 3628 720 3683 de
755 3628 866 3699 conjug.
896 3645 924 3698 p.
958 3624 1118 3699 littinapt.
1143 3627 1160 3683 l.
1190 3634 1215 3682 1.
1239 3627 1274 3681 (11
1299 3644 1363 3698 agn.
1389 3626 1437 3680 lib.
1455 3642 1571 3696 quorum
1600 3626 1757 3696 conjunctio
1776 3626 1813 3680 ad
1833 3626 1874 3681 in-

182 3714 309 3770 Goronae
351 3714 438 3768 cioem
483 3716 623 3783 quendam
660 3715 797 3787 epilepsia
841 3714 1182 3789 laborantequividuam
1200 3712 1273 3767 vitae
1292 3713 1517 3769 consuetudinem
1529 3718 1648 3766 vocatur
1656 3714 1873 3780 conturbernium,

179 3800 293 3855 (1111111
311 3818 425 3854 unorsm
453 3808 478 3853 et
491 3816 523 3853 ea
536 3800 1029 3863 1111οά111111111111111111111,
1042 3802 1058 3855 Ι.
1083 3804 1120 3854 ll.
1139 3797 1167 3869 ᾖ.
1187 3806 1211 3855 1.
1231 3799 1265 3853 (11
1283 3798 1359 3853 instr.
1378 3798 1433 3869 leg.
1446 3800 1554 3853 interim
1566 3802 1659 3852 tamen
1668 3800 1734 3868 jure
1746 3800 1872 3869 gentian

178 3886 209 3939 ia
227 3886 327 3955 quibus
344 3886 471 3940 omnibus
484 3893 620 3955 paternus
638 3887 750 3939 morbus
775 3895 805 3938 ((1
827 3886 1014 3939 hereditarius
1025 3870 1029 3977 ἶ
1036 3888 1146 3957 justum
1165 3886 1370 3940 matrimonium
1390 3885 1558 3939 contraxisse
1578 3884 1715 3949 dicuntur,
1734 3883 1799 3939 licet
1808 3886 1872 3955 juro

182 3970 321 4025 laeserat.
354 3969 414 4025 Nec
432 3978 481 4039 est,
498 3971 572 4041 quod
592 3978 741 4043 urgeatur,
757 3972 885 4040 leprosos
896 3978 1015 4041 propter
1026 3988 1029 4013 ³
1040 3972 1114 4027 civili
1135 3990 1188 4025 non
1208 3973 1245 4025 sit
1259 3973 1385 4041 justum,
1404 3970 1456 4025 hoc
1475 3978 1516 4024 ost
1536 3987 1590 4025 non
1608 3970 1739 4024 sortiatur
1756 3970 1873 4025 effectus

179 4058 341 4113 1111111111
367 4057 476 4125 impu-ri
497 4058 644 4126 sanpuinis
656 4060 802 4130 pruritum
825 4059 854 4110 in
883 4059 1014 4111 Venerem
1038 4060 1101 4129 jure
1119 4058 1194 4111 civili
1209 4058 1293 4127 justis
1311 4057 1417 4127 nuptiis
1435 4072 1587 4124 concessos,
1606 4061 1691 4127 atque
1709 4072 1742 4110 eo
1760 4056 1874 4127 respicit

175 4143 380 4217 propensiores
396 4159 464 4205 erre,
482 4144 601 4213 ideoque
623 4144 778 4198 remedium
797 4143 926 4198 libidinis
944 4144 1015 4213 ipsis
1038 4144 1085 4214 jus
1106 4144 1284 4208 canonicum,
1316 4141 1427 4213 quando
1445 4141 1517 4194 inter
1539 4156 1631 4195 servos
1653 4143 1743 4212 Justas
1761 4141 1874 4213 nuptias

180 4246 239 4283 esse
256 4230 475 4283 concedendum.
523 4228 576 4293 Qui
602 4230 675 4283 enim
700 4230 792 4299 lepra,
821 4227 1183 4317 elephantiasiiagnoscit,
1213 4234 1262 4282 tot.
1289 4228 1332 4281 tit.
1359 4246 1383 4281 ιι,
1410 4228 1446 4280 (11
1469 4227 1580 4296 conjug.
1610 4242 1679 4281 serv.
1728 4226 1785 4282 Sed
1811 4245 1874 4283 cum

180 4312 227 4371 lue
254 4313 366 4371 Gallica
394 4314 439 4368 vel
464 4312 527 4368 aliis
553 4314 686 4383 ejusmodi
715 4314 884 4385 contagiosis
912 4313 1160 4369 morbisservitns
1179 4314 1242 4377 illa,
1275 4313 1310 4367 de
1328 4313 1447 4383 quajus
1466 4310 1545 4365 civile
1564 4312 1716 4376 tractatio
1730 4314 1875 4383 republica

180 4400 299 4471 correpti
316 4404 396 4470 sunt,
434 4399 475 4453 ilii
493 4407 661 4470 agnoscant,
690 4417 719 4454 se.
737 4417 787 4469 per
804 4416 921 4469 poenam
939 4398 1201 4455 illanlctnisaana
1226 4400 1283 4454 fere
1310 4403 1370 4453 tota
1393 4395 1553 4462 exoleverit,
1584 4397 1646 4451 ideo
1671 4398 1743 4452 inter
1759 4398 1874 4469 impedi·

181 4485 314 4541 dirinitus
338 4486 489 4540 immissam
511 4502 529 4540 a
556 4485 687 4556 conjugio
704 4486 814 4540 excludi
835 4490 864 4539 ct
880 4486 916 4539 ad
934 4485 1015 4539 coeli·
1042 4492 1134 4541 menta
1152 4484 1317 4539 matrimonii
1335 4484 1452 4537 servitus
1471 4500 1525 4535 nou
1545 4488 1636 4552 potest
1653 4484 1799 4539 numerari.
1841 4484 1875 4539 Ut

181 4570 278 4625 batum
295 4573 399 4641 vocari,
416 4578 570 4643 agnoscant
587 4570 673 4641 igitar
690 4578 807 4639 peccata
832 4587 885 4624 sua
907 4572 1015 4626 eadem·
1042 4574 1071 4625 in
1088 4572 1200 4625 Christo
1224 4590 1278 4625 non
1299 4578 1339 4621 cst
1357 4585 1452 4621 remim
1476 4586 1525 4623 nec
1542 4570 1613 4622 liber
1632 4568 1723 4623 Galat.
1742 4574 1766 4635 3,
1785 4588 1811 4626 v.
1832 4576 1873 4627 11.

182 4672 237 4729 qne
271 4656 300 4710 in
336 4674 403 4713 vera
429 4655 601 4727 poenitentia
635 4655 793 4726 deplorent,
830 4656 1016 4713 continentiae
1041 4659 1082 4711 ita
1098 4674 1208 4729 quoque
1233 4656 1268 4709 ad
1289 4672 1382 4709 verum
1402 4661 1430 4709 ct
1450 4653 1511 4710 Deo
1538 4661 1648 4726 gratum
1670 4656 1873 4711 matrimonium

182 4742 285 4797 donum
316 4744 448 4799 divinitus
474 4745 527 4799 sibi
553 4743 613 4797 dari
642 4748 754 4811 petant,
783 4741 900 4813 jejuniis
920 4749 949 4797 et
967 4738 1108 4798 ab-inihil
1136 4742 1288 4814 quidquam
1313 4741 1435 4801 interest,
1464 4742 1522 4795 sive
1540 4756 1635 4795 servus
1653 4741 1697 4811 sit,
1717 4741 1775 4797 sius
1793 4742 1873 4810 liber,

180 4830 313 4899 stipenda
330 4846 440 4885 carnem
458 4829 624 4886 mortificent
647 4836 675 4883 et
701 4828 837 4899 peccandi
855 4798 1088 4901 sensioncsiqui
1115 4828 1184 4883 illud
1211 4825 1364 4893 contrahit,
1398 4826 1480 4880 modo
1508 4827 1538 4879 in
1571 4828 1696 4881 Domino
1721 4826 1790 4881 illud
1809 4843 1874 4882 con·

180 4913 304 4969 studiose
323 4913 456 4983 devitent,
470 4934 604 4973 memores
624 4916 769 4970 versiculi:
1026 4867 1141 4977 itrahat.
1189 4912 1391 4970 Wesenbecius
1418 4914 1445 4967 in
1468 4921 1557 4984 parat.
1581 4912 1664 4967 1111
1694 4914 1736 4967 rit
1753 4916 1873 4985 ariptiar.

1040 5020 1115 5057 num.
1146 5008 1175 5057 t:
1202 5002 1275 5053 Jure
1298 5000 1428 5053 Romano
1459 5000 1574 5069 nrsptim
1604 5000 1696 5063 iustas
1724 5008 1750 5053 et
1779 5002 1875 5055 ciuiles

1040 5088 1205 5140 constituere
1224 5093 1368 5153 neqncrmt,
1387 5086 1445 5137 nisi
1460 5087 1510 5153 qui
1523 5086 1595 5138 moes
1608 5087 1733 5140 Romani
1747 5104 1782 5141 aa
1794 5088 1875 5156 juris

1025 5174 1125 5241 :liujus
1149 5172 1309 5241 participes
1336 5179 1408 5223 mont.
1456 5172 1547 5240 Atqui
1576 5172 1698 5225 ciuitatis
1711 5174 1764 5241 jur
1787 5190 1874 5242 penes

304 5034 381 5097 Ores,
400 5045 478 5089 casta
495 5040 583 5108 lepos,
597 5038 722 5108 jcjrrncs,
741 5038 800 5091 otia
817 5038 895 5100 ritas,

337 5118 372 5173 Si
387 5137 501 5175 screare
518 5124 589 5179 uelis
607 5142 731 5193 corpora
751 5129 831 5177 cesta
850 5122 923 5174 Deo.

215 5256 346 5321 Quamvis
369 5274 434 5312 vero
453 5260 501 5329 jus
523 5262 686 5316 canonicam
711 5278 775 5333 cap.
814 5260 959 5325 Quoniam.
987 5266 1012 5315 2.
1025 5230 1133 5311 iser-ooo
1160 5275 1215 5311 non
1246 5265 1299 5319 ast,
1328 5275 1383 5311 non
1409 5259 1498 5324 ipitar
1513 5260 1582 5323 jaro
1608 5258 1688 5311 cirili
1712 5276 1775 5312 earm
1792 5276 1873 5313 seroo

180 5360 208 5397 x.
231 5342 267 5397 de
291 5343 421 5413 conjugio
446 5344 630 5413 leprosorum,
666 5346 826 5419 conjugium
857 5346 918 5401 sani
948 5364 1012 5402 cum
1025 5310 1151 5401 ireroaoe
1162 5344 1369 5397 matrimonium
1383 5343 1517 5407 comistit,
1535 5344 1728 5399 maaimccum
1746 5363 1780 5401 ea
1793 5363 1873 5402 seruo
