4028 6030
249 252 306 307 lto
831 234 956 293 Locus
974 232 1179 293 VIOESIMUS
1197 235 1367 303 QUIM'US

242 396 375 453 stieornm
390 400 420 449 et
433 410 536 451 causae
546 392 618 449 alise
629 392 793 463 complures.
816 389 946 461 Denique
957 386 1079 459 conjugii
1093 392 1096 439 ἓ
1108 392 1229 463 conjuge
1246 390 1383 463 quosdam
1401 390 1474 447 tilios
1484 390 1649 461 suscepisse,
1666 398 1815 463 antequam
1828 390 1950 447 limiam

242 482 305 537 duis
331 486 375 537 ast
395 482 528 551 nrpsticao
547 479 774 549 rmspomationi's
802 477 874 533 inter
894 476 1034 533 Christum
1053 476 1082 529 et
1093 542 1096 547 Δ
1107 477 1160 533 sibi
1175 482 1241 549 post
1259 476 1366 534 obitum
1386 476 1510 533 Salomes
1529 476 1731 548 desponderet,
1762 494 1866 549 sosque
1883 492 1948 549 pro-

242 568 388 625 eoelesiam
415 565 631 636 proefipsratio.
676 564 760 619 liuns
786 562 870 618 finem
896 562 925 617 in
951 554 1096 616 secundis¹
1106 572 1203 636 pterea
1221 563 1326 619 Christi
1335 568 1449 634 francs
1464 562 1565 619 vocari.
1596 562 1721 627 Nonest,
1736 564 1949 637 quadrigam,

242 653 347 727 nuptiis
365 651 569 725 quodammodo
582 650 734 707 desiderari
746 648 932 705 Bellarminus
944 652 1080 713 autumat,
1107 652 1192 705 etiem
1215 650 1398 721 polygamiae
1426 650 1614 705 sinsntteneoc
1637 650 1766 721 menapia
1792 650 1823 705 in
1855 649 1951 705 Veteri

245 741 286 797 sic
309 739 382 796 onim
400 736 498 793 scribit
525 738 586 791 loco
604 735 729 807 proxime
747 735 850 791 oimto:
884 737 920 791 In
948 734 1080 789 secundis
1110 738 1286 791 Testamento
1299 736 1948 807 eceteram-cinricsuccmsisampolppamium

245 827 353 899 sssptiis
377 827 453 879 ‹lesst
476 828 609 895 perfecta
632 822 804 893 clarificatio
827 822 954 891 cordesii
972 819 1080 873 Christi
1091 796 1163 903 ison
1183 838 1323 893 possess
1347 822 1441 877 Veteri
1460 824 1638 877 Testamento
1661 821 1796 892 esrcmpiis
1812 821 1948 889 stabiliri

243 933 306 969 cnm
332 912 465 978 ccclesia,
496 912 546 979 psi
571 909 646 963 enim
674 910 827 963 secundam
854 924 965 962 imorem
986 907 1075 974 dimit,
1107 915 1150 965 est
1167 908 1240 963 enim
1259 907 1305 962 hio
1322 906 1433 963 diversa
1449 908 1535 977 ratio,
1566 907 1616 963 illa
1643 908 1791 963 discedam
1812 925 1831 963 a
1849 910 1949 979 regula

241 998 385 1069 sipiriticot
411 998 524 1067 quidem
551 994 684 1064 corsjnm'o
709 1012 760 1049 suo
780 992 889 1049 Christi
912 980 1220 1061 conjepisns‚¹dirinae
1240 994 1440 1059 iustitutionis,
1458 994 1598 1065 adquam
1617 994 1645 1049 in
1665 994 1746 1051 Novo
1763 992 1945 1049 Testamento

242 1088 295 1139 scd
311 1103 367 1139 rien
392 1085 435 1139 itu
456 1086 584 1153 perfude
605 1088 635 1135 nt
653 1079 688 1145 is,
707 1080 758 1149 gni
775 1096 858 1133 renam
870 1079 960 1134 solam
975 1077 1078 1142 taonis,
1106 1082 1227 1136 revocati
1245 1098 1348 1146 sumne,
1368 1080 1438 1136 hacc
1456 1098 1522 1137 voro
1539 1098 1603 1135 curn
1623 1080 1721 1137 eadem
1739 1086 1909 1152 congruunt.

242 1190 298 1227 non
316 1170 389 1225 enim
407 1169 558 1239 siginificat,
571 1166 712 1221 Christum
726 1166 768 1219 ita
780 1182 839 1220 csse
851 1166 934 1219 ronias
946 1160 1094 1247 ecclcsiae¹
1145 1173 1202 1224 188.
1238 1172 1263 1221 d.
1286 1170 1333 1221 Er
1341 1175 1459 1236 petrum
1471 1166 1673 1237 testificatione.
1697 1165 1831 1240 Origenes
1842 1166 1906 1223 libr.
1920 1172 1944 1223 6.
1956 1162 2010 1265 :35

241 1274 383 1325 sponsum,
410 1264 440 1309 ut
454 1272 597 1324 stangnum
614 1252 741 1307 habitarit
758 1252 855 1307 aliem.
904 1252 1009 1307 Verum
1027 1250 1135 1331 bsc'in
1155 1252 1273 1323 epistola
1290 1253 1383 1309 Rom:
1412 1254 1534 1307 ilinlieri
1550 1254 1656 1307 crimen
1672 1272 1728 1307 rien
1755 1261 1807 1321 est,
1837 1254 1866 1307 si
1880 1254 1944 1308 siro
1957 1268 2010 1307 tssn

243 1342 279 1397 de
309 1342 387 1397 rein
401 1346 522 1397 tractatu
543 1340 578 1395 de
602 1338 766 1408 ministerio,
797 1355 857 1410 cap.
888 1338 924 1394 do
950 1337 1079 1408 conjugio
1102 1340 1202 1409 priore
1229 1340 1364 1405 ilesuncto
1382 1340 1520 1409 criscipiet
1538 1342 1663 1393 secando
1685 1340 1829 1394 cornubie.
1875 1322 2013 1393 sim-⁰⁸⁰

243 1428 418 1485 sacerdotnm
436 1430 491 1483 late
511 1427 566 1482 init
584 1427 763 1497 disputatum.
1092 1424 1215 1507 lbrosins
1234 1424 1262 1479 in
1281 1444 1306 1482 c.
1325 1432 1348 1481 3.
1367 1425 1467 1496 prioris
1484 1426 1522 1481 ad
1541 1425 1717 1481 Timotheum
1731 1431 1762 1481 3:
1782 1424 1944 1481 διιιιιιιὶαιιι

281 1520 338 1571 181.
374 1522 398 1572 «1.
417 1514 670 1583 eriminatorum
690 1512 876 1581 probatorum
907 1510 1078 1567 institutione.
1092 1528 1346 1599 irirsrrscrorseorsm
1363 1513 1466 1565 habere
1482 1530 1539 1565 non
1550 1520 1591 1565 est
1606 1512 1788 1581 prohibitum.
1816 1510 1944 1582 Epipha-

245 1602 390 1655 Atratum
409 1606 489 1671 pater
506 1598 628 1654 omnium
646 1598 817 1653 credentium
833 1598 911 1653 Rom.
933 1603 965 1663 4,
989 1613 1017 1653 r.
1038 1597 1380 1675 nantuadensium.
1402 1604 1424 1654 1.
1442 1597 1547 1654 haeres.
1569 1603 1609 1653 18.
1629 1597 1682 1655 eol.
1709 1604 1774 1653 31ος
1808 1598 1946 1653 Ecclesia

244 1692 307 1758 post
328 1694 444 1741 mortem
464 1685 549 1742 Sarae
567 1686 646 1741 duxit
662 1684 826 1754 Chartam,
856 1684 926 1739 Gen.
945 1689 993 1750 25,
1010 1702 1035 1739 r.
1057 1684 1268 1755 tioirpinituti
1286 1686 1453 1754 corspamlst,
1471 1702 1543 1737 unas
1561 1684 1807 1754 rsrmtiuslscnoret
1825 1690 1879 1741 otc.
1912 1686 1948 1739 Si

245 1790 336 1844 neque
362 1772 413 1827 hoe
439 1771 551 1828 nomine
576 1789 594 1826 a
611 1772 717 1842 Spiritu
745 1777 841 1825 sancto
861 1758 1173 1839 reprehenditur·,iecro
1209 1771 1273 1841 prim
1306 1788 1359 1841 per
1396 1771 1568 1825 debilitatem
1605 1790 1675 1841 opus
1717 1770 1844 1826 taeduerit
1877 1779 1946 1840 post

244 1858 293 1913 sed
322 1857 490 1914 foecundum
525 1858 617 1929 potins
649 1856 854 1913 matrimonium
886 1855 956 1910 illud
986 1854 1081 1909 divina
1102 1858 1243 1927 propriae
1285 1858 1380 1913 seceris
1425 1856 1527 1912 obitum
1566 1859 1705 1911 sccundus
1742 1856 1856 1927 nuptias
1881 1874 1946 1913 corr

243 1944 437 2001 benedictione
456 1944 605 2014 experitur,
619 1962 644 1998 r.
664 1950 687 1999 2.
717 1942 842 2011 Nouem,
862 1942 937 2013 quod
959 1930 1234 2013 regoraa'treiscre,
1266 1944 1339 1997 linire
1371 1944 1463 2012 ipsum
1491 1944 1617 1997 ueritatis
1647 1944 1750 2013 rapula
1777 1962 1834 1997 aen
1859 1942 1946 1999 inter-

244 2031 395 2088 Gbetursm
414 2030 507 2085 vocari
528 2031 708 2085 concubinam
726 2048 751 2083 r.
769 2036 793 2085 6.
808 2029 874 2101 quis
886 2012 967 2101 &3¹32
986 2031 1080 2099 (qusm
1108 2030 1248 2085 disiecto.
1288 2031 1329 2083 Hi
1346 2046 1412 2083 vcro
1432 2028 1639 2099 (Montanistne)
1662 2030 1796 2100 rejiciant
1811 2032 1947 2085 emundis

244 2117 348 2172 dictum
375 2122 476 2187 putant
510 2116 589 2188 quasi
623 2106 724 2189 fttti'tt
738 2098 804 2189 2222,
823 2114 932 2169 diversa
955 2116 1033 2181 uxor)
1052 2064 1214 2187 ininnptis's
1235 2118 1413 2187 conjmsctum
1439 2123 1465 2169 ct
1489 2125 1589 2187 coperit
1607 2117 1738 2171 secundis
1762 2116 1869 2187 nuptiis
1888 2134 1947 2172 non

244 2202 279 2259 V.
297 2202 331 2256 T.
356 2201 410 2258 init
434 2218 501 2258 vers
520 2202 632 2274 quidem
653 2219 736 2269 uxor,
754 2202 811 2264 ‚sod
828 2201 1009 2269 secundaria,
1039 2193 1256 2272 sicicopuiuri,
1293 2220 1344 2257 nos
1373 2218 1439 2257 cero
1468 2220 1525 2257 non
1552 2204 1741 2257 seccessitatem
1768 2203 1947 2273 imponimus,

244 2288 322 2343 diota
339 2305 395 2343 non
408 2296 539 2359 respectu
557 2288 666 2357 mariti,
695 2288 743 2342 sed
768 2294 897 2358 respectu
916 2287 1009 2341 uxoris
1025 2286 1080 2357 pri·
1110 2306 1203 2343 scr-um
1233 2306 1296 2343 cum
1323 2290 1394 2343 borio
1418 2290 1538 2343 cosrsilio
1568 2291 1749 2343 urinimscmns
1766 2290 1947 2344 caliortantes

245 2374 357 2431 mariae.
409 2374 492 2431 Unde
511 2374 631 2430 Chotura
659 2373 761 2429 diserte
792 2372 894 2427 dieitur
913 2390 982 2428 uror
1008 2389 1034 2429 r.
1058 2380 1079 2429 l.
1093 2358 1181 2455 isnin,
1212 2376 1262 2443 qni
1272 2382 1365 2444 potest
1394 2380 1447 2430 ete.
1497 2374 1576 2430 Idem
1593 2374 1640 2431 tib.
1658 2380 1683 2431 2.
1701 2382 1766 2431 tom.
1794 2382 1818 2434 1.
1834 2374 1944 2431 haeres.

247 2466 286 2527 (et
304 2476 361 2515 uns
378 2460 532 2533 eademque
549 2460 666 2516 Levitae
685 2461 803 2530 conjux,
822 2459 916 2515 Judic.
940 2465 977 2513 tu.
998 2459 1150 2516 modoet.
1173 2460 1225 2515 col.
1250 2467 1316 2517 413:
1346 2460 1467 2515 Licitum
1487 2461 1666 2529 carpenedo,
1694 2468 1726 2515 ut
1746 2468 1867 2531 propter
1894 2462 1946 2516 im-

128 2558 172 2601 ru.
188 2554 231 2599 tta
244 2554 360 2601 vocatur
377 2563 446 2602 uxor
463 2566 487 2602 r.
508 2552 532 2603 9.
551 2546 633 2603 modo
651 2545 808 2601 concubina
828 2564 852 2599 r.
878 2552 899 2601 l.
918 2548 978 2613 21).
1016 2544 1079 2597 Dis·
1093 2524 1096 2607 i
1108 2548 1288 2603 berillitetcm
1303 2549 1425 2612 fer-atur,
1443 2554 1469 2600 ct
1487 2546 1584 2615 estqui
1602 2564 1658 2601 sion
1674 2554 1791 2617 possunt
1804 2548 1835 2601 in
1844 2548 1947 2617 primu

245 2632 349 2687 crimen
376 2647 445 2702 ergo
474 2632 529 2688 fuit
559 2633 630 2688 inter
666 2632 764 2687 Suram
794 2638 822 2685 et
847 2630 997 2685 Chetnrum
1025 2646 1196 2731 norrlssrore
1214 2634 1334 2688 contenti
1354 2649 1430 2698 esse,
1460 2634 1599 2688 secundae
1615 2640 1682 2703 post
1695 2634 1808 2703 prinsoe
1825 2643 1948 2689 nimum

242 2718 354 2773 ratione
372 2719 571 2783 isoncstetiset
583 2718 680 2787 juris,
708 2720 761 2773 scd
781 2725 910 2787 respectu
932 2716 1081 2786 ‹iipm‘tutis
1107 2720 1316 2788 corrinnpentrsr
1333 2724 1387 2775 etc.
1415 2719 1466 2787 prii
1482 2736 1538 2772 nors
1554 2718 1647 2789 potnit
1668 2738 1725 2773 sine
1751 2728 1863 2775 mortim
1880 2738 1946 2777 cors-

243 2812 270 2859 st
300 2804 477 2859 hereditatis.
523 2803 627 2859 Rabini
664 2809 802 2869 statuunt,
841 2804 991 2857 ditaturum
1008 2804 1200 2887 isursciterstes
1215 2822 1273 2861 csse
1289 2806 1323 2859 uir
1339 2806 1466 2875 aliquem
1482 2806 1690 2870 scortationem,
1701 2814 1750 2861 eat
1762 2806 1947 2872 adulterium,

239 2890 334 2957 fuisse
351 2892 509 2963 desperem,
522 2908 595 2963 quse
613 2892 685 2945 Ssrn
703 2890 795 2945 adhuc
819 2890 929 2945 virente
948 2890 1081 2945 Abrabae
1092 2909 1096 2957 g
1108 2900 1157 2946 out
1180 2893 1362 2963 sspmntione
1387 2892 1421 2946 ob
1445 2891 1572 2961 aliquam
1591 2891 1698 2945 ntalem
1720 2908 1836 2945 causam
1846 2898 1947 2963 jactu,

241 2976 297 3033 fuit
313 2984 417 3048 nupts3
441 2978 556 3033 Rabirii
575 2986 726 3048 assurgunt
755 2976 882 3045 Lyranus
907 2982 936 3031 et
959 2960 1169 3053 Thornusieum
1200 2980 1300 3034 dis-inc
1329 2979 1481 3047 Scriptura
1514 2996 1570 3031 non
1598 2985 1726 3042 accusat,
1764 2978 1793 3033 si
1820 2985 1872 3033 cat
1901 2979 1947 3033 eir

241 3064 409 3137 Angelieus,
440 3064 489 3135 qni
508 3064 679 3133 existimant,
707 3062 858 3119 Choturam
879 3062 982 3117 dictam
1000 3064 1079 3133 qussi
1092 3066 1095 3147 j
1106 3068 1247 3121 amaristus
1263 3067 1452 3135 corrinnputer
1468 3066 1559 3135 sicori,
1578 3072 1628 3119 aet
1644 3082 1717 3119 seror
1735 3066 1858 3121 seeundo
1872 3066 1944 3131 nuo,

242 3150 480 3215 thuriiiostam,eo
498 3150 682 3221 quodllagar
696 3150 785 3219 eJecta
805 3166 839 3204 ox
855 3148 1193 3260 domoAbrshaejnepuo
1222 3153 1257 3205 uh
1286 3152 1404 3205 ecclesio
1437 3160 1487 3205 eut
1516 3150 1564 3205 sie
1595 3152 1723 3219 seilicet,
1763 3154 1816 3205 scd
1842 3154 1945 3221 suffer-t

243 3236 403 3309 pudicitiae,
421 3235 539 3291 orationi
555 3243 583 3291 et
596 3236 683 3291 enltui
699 3235 802 3304 divino,
823 3236 904 3304 cujus
922 3234 1224 3309 symbolum-propter
1241 3238 1423 3293 stabilit-utem.
1472 3238 1686 3308 chrysostomus
1715 3237 1810 3295 homin
1839 3244 1882 3293 20.
1913 3237 1942 3293 in

243 3330 286 3377 est
305 3320 485 3385 thurificatio,
506 3338 566 3377 sese
584 3321 700 3377 dederit.
747 3320 802 3375 Sed
821 3320 873 3374 lroc
893 3328 1077 3376 commentum
1090 3328 1093 3335 '
1106 3324 1225 3396 epistola
1256 3325 1293 3379 ud
1325 3324 1427 3395 Epiros.
1460 3326 1600 3379 secundas
1628 3325 1744 3395 ineptias
1773 3342 1829 3379 nora
1857 3342 1942 3393 porse

243 3408 300 3461 late
320 3406 425 3461 reiutat
442 3405 595 3460 Abulensis
612 3424 646 3460 ac
662 3405 793 3461 inlsitntis
805 3422 840 3461 ex
850 3422 883 3461 oo
895 3406 1078 3472 convincitur,
1090 3462 1093 3485 χ
1106 3410 1248 3478 ἀαιιιιιιιιί,
1263 3410 1368 3466 scribit.
1389 3410 1587 3479 Hieronymus,
1599 3409 1725 3481 quanvis
1737 3408 1942 3467 Tertullianum

243 3493 319 3563 qnod
347 3509 402 3548 non
426 3492 521 3561 unius¹
554 3492 603 3547 sed
619 3491 741 3563 plurium
768 3492 984 3547 concubinarum
1002 3492 1215 3562 apudseeutus
1246 3496 1351 3551 iteratis
1381 3495 1486 3565 nuptiis
1529 3496 1567 3551 sit
1602 3494 1735 3567 iniquior,
1772 3494 1942 3553 evidentium

241 3579 360 3649 Moysen
390 3578 423 3633 fit
453 3579 556 3635 mentio
585 3597 612 3635 v.
644 3584 668 3633 d.
698 3578 829 3650 quodque
852 3578 974 3651 Hsgaris
1004 3580 1077 3635 iilius
1103 3589 1197 3637 tamon
1220 3581 1356 3637 dictorum
1378 3580 1592 3652 apostolicorum
1618 3581 1730 3651 penitus
1762 3581 1941 3637 considerans

242 3664 344 3719 ismail
380 3681 399 3721 a
432 3664 571 3720 Cheturae
606 3664 670 3719 filiis
706 3665 852 3721 manifeste
889 3665 1133 3749 distinguiturgin
1159 3668 1270 3740 apolog.
1299 3684 1350 3739 pro
1378 3667 1442 3723 libr.
1470 3667 1578 3722 advers.
1603 3666 1695 3723 dorin.
1722 3667 1760 3724 ad
1778 3666 1940 3725 Pammaeb.

245 3756 268 3807 1.
287 3750 379 3807 Paral.
401 3755 423 3813 1,
441 3770 466 3805 r.
484 3758 528 3807 21.
546 3758 574 3805 et
593 3756 635 3805 32.
670 3750 801 3807 Calvinus
819 3752 966 3819 existimat,
983 3754 1076 3806 stira·
1087 3782 1091 3849 1
1103 3754 1212 3810 scribit:
1233 3757 1298 3810 Non
1318 3758 1422 3809 dimne
1442 3754 1578 3822 bipennes,
1604 3756 1895 3825 incrastinum,
1914 3763 1942 3809 ct

242 3838 354 3891 hamum
374 3837 488 3891 ducisse
509 3838 659 3892 Ciretsrem
677 3838 754 3893 Sere
773 3840 866 3892 sillano
883 3839 1001 3906 virente,
1021 3856 1077 3910 qua
1102 3841 1131 3896 si
1153 3841 1213 3895 dici
1227 3848 1319 3911 potest
1339 3849 1507 3911 octspamos.
1557 3840 1590 3894 ln
1609 3840 1726 3911 epistola
1752 3839 1940 3897 adderent:

243 3922 350 3979 ratione
383 3922 515 3978 Abrabae
548 3924 704 3994 exemplum
722 3941 776 3979 nou
801 3924 959 3979 conveniret
982 3922 1281 3991 nostroiDemnamns
1298 3930 1422 3981 secrsndu
1441 3926 1643 3981 mmrinimmr
1665 3926 1746 3981 absit.
1779 3927 1998 3996 Atjmmmv·

242 4009 392 4081 proposito.
418 4010 474 4065 Sed
494 4010 571 4064 nulla
588 4010 738 4067 necessitas
756 4029 807 4065 nos
825 4012 908 4082 cogit,
927 4017 957 4065 ut
977 4002 1139 4067 aseris'de
1166 4014 1284 4067 ccclesia
1313 4014 1467 4083 stipantes!
1496 4014 1589 4067 absit!
1637 4012 1671 4068 ln
1695 4011 1794 4067 eadem
1819 4012 1941 4084 epistola

241 4096 372 4153 historiae
398 4096 571 4153 discedentes
594 4096 795 4171 ιιρωιιύσιιρον
821 4098 874 4152 hoc
898 4098 959 4153 loeo
977 4098 1076 4153 consti·
1088 4082 1091 4159 i
1104 4104 1246 4169 memoret,
1266 4118 1297 4155 se
1308 4100 1413 4155 Itomae
1432 4098 1535 4153 vidisse
1553 4098 1608 4153 dno
1627 4097 1708 4169 paris
1724 4100 1885 4168 conjupum,
1906 4116 1941 4153 es

238 4190 362 4254 tuamne.
409 4182 523 4253 Moyses
546 4183 649 4239 diserte
667 4184 778 4249 asserit,
809 4184 999 4239 Abrsbnmum
1023 4188 1075 4239 ‹sd-
1103 4186 1201 4255 quihus
1239 4186 1360 4240 inanitus
1390 4186 1491 4255 eipinti
1533 4184 1682 4253 sepelierat
1714 4200 1832 4255 asera,
1866 4203 1941 4241 asor

242 4272 353 4325 didisse
370 4286 421 4323 sen
439 4269 593 4339 perrexisse
612 4287 726 4323 risorem
744 4271 886 4339 accesere,
915 4290 948 4325 ox
974 4270 1075 4343 quibus
1088 4266 1091 4279 ¹
1104 4273 1265 4341 ripesimum
1276 4272 1572 4327 secundumhubucrct
1583 4271 1723 4325 saturitate.
1744 4270 1938 4327 incomment.

241 4357 333 4413 verbis
370 4356 445 4411 baud
471 4356 589 4411 obscuro
606 4354 761 4428 colligitur,
790 4356 909 4426 priorem
928 4344 1158 4428 coujugsnr'rit.
1189 4365 1210 4415 1.
1234 4365 1299 4413 tom.
1321 4366 1344 4415 t.
1371 4374 1399 4427 p.
1420 4363 1482 4411 153:
1513 4359 1580 4413 Non
1609 4374 1716 4413 omnen
1744 4374 1943 4426 mmpamem

241 4443 328 4499 fuisse
348 4448 493 4497 mortuam.
545 4439 670 4512 Cumque
689 4441 852 4497 concubitus
880 4461 944 4497 oum
963 4444 1216 4515 Hsgaregdipamo
1231 4452 1362 4513 pmtcmas
1381 4442 1531 4500 rectiorem.
1581 4445 1654 4497 Esto
1671 4443 1789 4513 quippe,
1815 4442 1943 4514 aliquem

241 4546 327 4601 aegre
344 4545 363 4584 a
379 4528 450 4585 Sara
467 4528 521 4599 ipsi
539 4528 576 4583 ob
594 4528 680 4598 prolis
692 4528 898 4598 generationem
914 4528 1075 4600 persuaderi
1086 4520 1090 4589 f
1102 4528 1342 4585 adolescentsdum
1359 4528 1505 4598 coojripcm
1517 4528 1682 4598 perdidisse
1696 4536 1722 4583 et
1740 4528 1837 4583 carnis
1847 4546 1941 4585 ncces

240 4615 377 4687 potuerit,
408 4614 557 4671 verisimile
590 4630 644 4669 uon
674 4621 729 4683 ost,
762 4616 855 4686 ipsum
886 4616 955 4673 Sera
985 4608 1186 4681 adhucisitets
1198 4622 1362 4686 superatum
1373 4632 1487 4670 arerem
1499 4618 1651 4671 secandum
1659 4616 1809 4685 accepim,
1817 4624 1943 4686 mmmst

242 4701 354 4759 vivente
380 4708 408 4759 et
435 4700 617 4773 promissione
645 4699 674 4756 in
690 4702 787 4757 isaaco
810 4702 937 4773 jamdum
963 4702 1077 4774 impleta
1102 4702 1301 4773 ipsumstutim
1316 4702 1442 4757 amiserit
1461 4702 1943 4772 eietncspsstssn’rsonrmmrer3

242 4788 338 4860 sicque
350 4792 529 4860 πολυγαμίας
542 4804 628 4844 cansa
641 4786 785 4845 deficiente
797 4789 881 4843 aliam
893 4790 1075 4845 concubinam
1087 4838 1090 4845 .
1102 4790 1193 4845 atium
1210 4806 1275 4845 nero
1288 4806 1374 4857 usque
1386 4792 1427 4843 ad
1437 4796 1576 4843 sersectem
1587 4790 1718 4843 irrisisse
1731 4790 1943 4845 matrimonium

243 4874 347 4932 babere
363 4875 493 4933 voluisse.
532 4873 641 4931 calvini
661 4874 824 4931 ratiunculis
837 4876 988 4946 respondet
1007 4875 1075 4931 Ges·
1103 4877 1244 4932 stecoris
1262 4893 1357 4943 mam,
1386 4883 1416 4929 ut
1433 4876 1562 4947 plerique
1587 4876 1746 4931 sentiment
1757 4876 1943 4945 felicitatem,

241 4978 325 5018 uerus
342 4961 372 5017 in
388 4966 535 5018 comment.
552 4961 628 5016 illius
648 4960 711 5017 loci.
763 4960 896 5018 Abrahae
921 4954 1244 5047 exempluminanquam
1273 4979 1292 5016 e
1320 4963 1415 5017 cernis
1438 4978 1522 5032 opere
1551 4977 1675 5017 cessasse
1682 4982 1694 5030 ,·
1723 4961 1787 5031 guis
1817 4962 1899 5019 eodm
1927 4980 1945 5019 s

241 5052 355 5104 secutus
380 5055 423 5103 est
438 5052 532 5119 Boos,
561 5048 610 5120 qui
636 5047 757 5103 Rutbam
785 5047 897 5103 viduam
916 5048 1076 5119 Scripturas
1103 5050 1211 5103 dnobus
1228 5050 1339 5104 ridetur
1357 5065 1414 5105 esse
1434 5049 1543 5117 metior,
1551 5048 1718 5118 pudicitior,
1735 5047 1945 5106 commorationi

241 5134 398 5191 testimonio
424 5142 550 5191 sancum
581 5134 676 5205 duxit,
702 5133 786 5191 Ruth.
804 5140 837 5205 «1,
864 5153 891 5189 v.
911 5142 951 5191 11.
999 5124 1197 5209 Sar-aimigero
1217 5136 1276 5203 iile,
1295 5136 1346 5207 qni
1360 5137 1465 5202 insciis
1484 5136 1748 5191 etiaminsccmsde
1758 5134 1944 5195 matrimonio

243 5219 350 5276 Tobiae
368 5235 437 5274 uxor
455 5226 520 5290 post
537 5227 646 5291 septem
664 5219 746 5289 viros,
763 5238 833 5292 quos
846 5219 983 5277 habuerat
995 5238 1076 5292 quos·
1088 5223 1160 5307 ¹snit
1184 5228 1210 5277 st
1230 5230 1329 5293 postca
1355 5223 1461 5295 pudice
1481 5231 1507 5277 et
1524 5228 1621 5277 sancte
1639 5228 1817 5277 coarmantes
1833 5230 1892 5295 est,
1915 5232 1944 5280 et

242 5322 298 5376 qus
329 5304 502 5361 Asmodasus
530 5306 686 5376 occiderat,
723 5313 821 5362 octavo
854 5306 936 5361 nubit
970 5307 1158 5377 marito‚‚mm
1176 5308 1210 5375 is,
1229 5310 1280 5379 qai
1296 5312 1331 5364 ab
1356 5309 1454 5363 aroris
1473 5309 1605 5379 amplecti
1622 5325 1672 5363 nec
1691 5306 1777 5363 senili
1793 5314 1834 5362 est
1858 5324 1943 5381 aspra·

241 5392 312 5447 Tob.
342 5399 365 5446 t.
382 5390 556 5461 Nicephorus
584 5391 644 5447 libr.
674 5398 698 5448 2.
718 5392 814 5449 histor.
832 5392 931 5449 eccles.
958 5410 983 5449 e.
1003 5400 1025 5449 3.
1043 5400 1182 5451 exsretns
1203 5403 1302 5451 amoto.
1347 5396 1390 5451 lb.
1405 5394 1507 5449 librum
1525 5394 1689 5451 Tertulliani
1710 5394 1746 5451 de
1763 5396 1946 5467 monogamia

240 5477 397 5550 Hippolyto
423 5482 575 5544 memorat,
606 5478 761 5548 Josepham
788 5495 822 5535 ex
850 5480 960 5537 Seiome
986 5480 1275 5553 prioratum-sticum
1302 5498 1364 5539 esse
1387 5480 1493 5539 asserit.
1542 5480 1718 5552 Augustinus
1743 5480 1807 5539 libr.
1838 5487 1882 5541 16.
1906 5482 1945 5541 de
