4020 6022
812 222 865 281 DE
883 217 1082 283 conabam.
1727 238 1784 301 m

90 378 192 445 prada.
230 374 365 433 Claudius
390 376 540 451 imperator
565 396 627 434 cum
654 379 839 452 Agrippinam
856 376 1066 435 Ger-'ludium
1105 381 1220 443 Quanta
1236 384 1401 451 hujusmodi
1418 382 1541 440 inuenies
1560 402 1618 439 nou
1630 389 1786 443 mesimer-

90 462 191 517 usanici
207 462 302 517 fratris
321 464 364 517 sui
392 464 478 519 filiam
497 483 609 522 uxorem
639 466 740 521 ducere
767 466 868 536 vellet,
896 462 1028 519 in'dicta
1052 467 1113 536 lrpe
1131 484 1186 537 per
1212 468 1331 537 Moysen
1355 471 1444 537 edita,
1468 478 1495 524 et
1521 479 1612 525 tarsen
1633 474 1786 527 interdieta

90 564 152 603 cam
167 564 225 604 rem
245 551 516 605 senatusconsultum
534 552 694 622 postulavit,
711 570 767 624 quo
786 553 815 607 in
835 560 926 623 poste·
950 559 1014 605 sunt
1032 556 1156 621 quadam
1174 571 1239 608 vase
1256 564 1384 609 amarae.
1420 554 1635 627 Chrysostomus
1651 558 1723 613 born.
1745 565 1784 615 te.

90 650 150 687 rum
178 634 293 704 nuptiae
317 635 388 689 inter
412 644 526 706 patruos
545 638 717 709 fratrumque
736 638 808 693 filias
831 640 925 709 justae
936 584 939 703 I
950 634 979 688 iu
994 654 1016 691 6.
1031 644 1070 696 tt.
1087 639 1200 695 stetin:
1221 640 1366 702 Quaenam
1378 650 1439 695 erat
1451 642 1505 697 illa
1512 645 1613 715 prisea
1628 646 1680 716 len,
1701 664 1785 714 qnam

89 724 292 788 statuerentur,
317 722 366 775 sed
391 721 507 778 Tacitus
533 724 579 779 lib,
603 730 641 779 12.
666 724 757 781 annal,
784 732 926 793 memorat,
950 721 1096 778 Jolsannce
1120 726 1280 779 inculcabat
1302 736 1327 779 et
1353 728 1480 781 Herodes
1502 728 1709 785 nnbeebntnrt
1752 732 1788 785 Si

88 824 144 859 aon
163 808 222 860 nisi
237 825 322 860 senum
341 816 482 880 repertum
501 826 573 879 esse,
599 812 650 879 qui
665 812 734 865 talis
751 812 927 865 undrimonr'i
936 800 939 859 s
952 810 1015 876 qun
1034 812 1138 880 absque
1158 813 1254 866 liberis
1274 813 1387 880 obierit,
1414 814 1507 884 fratri
1526 817 1588 883 ejus
1605 834 1675 868 naor
1694 816 1785 885 ipsius

89 894 211 962 cupidus
238 902 315 948 essct.
357 894 504 952 Suetonius
528 897 557 950 iu
582 898 679 952 Claud.
702 915 763 969 cap.
787 904 827 955 te.
856 899 924 953 duos
952 896 1034 949 ‹lctsa
1051 906 1101 951 etc.
1138 898 1206 951 Oum
1226 900 1311 952 liberi
1334 907 1413 951 erant
1438 900 1580 969 eliminati,
1596 902 1676 954 nrdlo
1699 902 1783 954 modo

88 976 174 1033 fuisse
194 980 277 1045 dicit,
299 996 333 1034 sc
353 979 448 1036 Nerva
464 982 613 1053 imperator
632 984 766 1055 abrogato
784 984 831 1039 illo
848 1001 924 1039 sena·
951 981 1008 1034 tata
1043 984 1250 1037 martrisnoniuns
1279 986 1457 1055 procedebat.
1500 986 1561 1039 Sed
1588 1004 1704 1039 curnasn
1732 988 1783 1050 aa,

88 1065 259 1119 tusconsulto
276 1072 373 1135 postea
388 1067 457 1121 talia
474 1068 613 1123 connubia
630 1069 781 1139 prohibuit.
814 1069 923 1124 Plutar-
950 1064 1067 1137 inquies,
1087 1087 1152 1123 nam
1167 1071 1195 1123 si
1210 1070 1265 1123 ulii
1282 1088 1394 1124 acorem
1408 1072 1538 1135 66666666·
1555 1074 1656 1126 ducere
1673 1072 1783 1141 licebat,

88 1148 157 1204 chus
175 1152 203 1204 iu
221 1150 383 1221 problemat.
405 1153 515 1219 scribit,
544 1156 612 1209 olim
630 1158 805 1210 necmsarias
824 1159 924 1211 ducere
949 1168 1041 1207 nenne
1060 1154 1147 1208 msdto
1165 1156 1256 1223 mapis
1275 1157 1390 1223 fratri?
1415 1158 1541 1213 Minime.
1588 1159 1682 1212 Voluit
1704 1158 1783 1223 enim,

87 1237 179 1300 fuisse
195 1239 381 1307 prohibitum,
409 1244 507 1309 quoad
532 1242 576 1296 lea
600 1252 639 1296 est
664 1245 739 1312 lata,
768 1244 852 1297 licere
881 1244 925 1297 ecl
950 1238 1037 1292 latins
1054 1241 1211 1304 assirritatcs
1237 1243 1367 1309 eremari,
1391 1250 1421 1294 ut
1437 1244 1533 1297 miritis
1551 1245 1643 1298 modis
1661 1244 1733 1296 intes·
1754 1260 1784 1295 66

84 1330 220 1390 patruum
248 1325 293 1377 sel
323 1327 489 1380 arunmlnm
518 1329 625 1391 frueris
657 1330 800 1383 sos-orisve
828 1331 925 1397 filiam
951 1325 1074 1379 lsornines
1091 1328 1271 1383 vincirentur.
1301 1327 1478 1399 Augustinus
1498 1329 1527 1383 iu
1541 1330 1606 1384 Lev.
1620 1347 1646 1399 q.
1660 1334 1701 1383 bt.
1716 1334 1781 1381 torn.

89 1410 192 1463 ducere
205 1418 327 1481 propter
342 1413 433 1465 uirum
453 1416 594 1481 6666661666
618 1416 718 1468 bonurn
737 1424 764 1468 et
781 1424 924 1485 acceptum
951 1418 975 1465 4.
1003 1411 1054 1465 eol.
1074 1416 1136 1467 222:
1162 1414 1247 1467 Talia
1271 1415 1316 1467 liic
1331 1415 1476 1483 prohibita
1498 1422 1577 1483 ssent,
1602 1432 1673 1483 qnae
1698 1416 1781 1467 ctiam

85 1498 276 1567 popularibus
307 1500 384 1551 tenire·
415 1517 512 1567 smmi,
546 1503 596 1571 qni
626 1504 732 1567 fratris
762 1504 808 1556 mi
829 1504 924 1573 filiam
950 1504 1072 1565 ternpore
1097 1498 1134 1554 N.
1157 1500 1187 1553 Τ.
1206 1508 1313 1552 rensntn
1336 1501 1498 1555 umbrarum
1515 1509 1637 1555 aetenam
1657 1501 1782 1554 obserua-

89 1582 211 1636 nubr'lem
231 1591 256 1635 et
274 1585 399 1638 dotatam
418 1587 479 1654 ipse
498 1589 552 1641 sibe
571 1589 601 1640 lm
618 1588 827 1643 matrimonium
847 1605 922 1642 acce.
951 1583 1024 1635 tione
1039 1584 1100 1637 siste
1118 1585 1202 1639 dssbio
1222 1586 1407 1640 custodienda
1425 1595 1495 1639 suist.
1533 1586 1611 1641 Idem
1624 1585 1671 1641 lib.
1687 1592 1726 1644 15.
1747 1585 1782 1639 de

87 1676 185 1737 perat,
212 1686 331 1739 resteque
354 1673 417 1739 eine
446 1674 572 1727 oriminis
597 1676 695 1738 factus
717 1691 771 1743 pro
793 1676 924 1729 sancimen
949 1669 1000 1723 eir.
1019 1668 1074 1722 Dei
1092 1686 1115 1724 c.
1137 1676 1182 1724 lb:
1210 1672 1341 1725 Hismario
1366 1689 1465 1741 pencre
1480 1680 1618 1725 necessita
1643 1680 1669 1724 et
1688 1672 1781 1725 multi-

90 1755 233 1807 absolntue
252 1763 307 1819 est,
331 1757 392 1825 iope
417 1758 519 1811 ibidem
538 1760 600 1812 lata
624 1768 650 1813 et
666 1778 768 1827 nsapno
789 1777 923 1813 remensa
947 1754 1055 1823 plicato
1069 1757 1154 1808 etiarn
1174 1757 1247 1810 inter
1264 1758 1366 1825 impios
1390 1761 1506 1812 eteorum
1524 1759 1673 1812 saultornm
1690 1758 1781 1823 falso-

90 1840 257 1909 approbata.
286 1840 341 1905 Qui
359 1842 440 1912 plura
457 1842 616 1913 hujusmodi
633 1844 780 1913 desiderat,
797 1845 923 1900 consulat
948 1858 1064 1908 rumpere
1083 1842 1203 1895 cnlmres
1220 1843 1261 1895 sic
1279 1844 1425 1897 observari
1444 1844 1597 1912 cernimus,
1623 1852 1653 1896 ut
1673 1844 1784 1897 etiamsi

88 1924 242 1995 Tiraquclli
258 1927 311 1997 leg.
329 1928 449 1985 conuub.
468 1936 493 1986 7.
934 1870 1087 1995 Iners-ersis
1111 1926 1217 1995 lapibus
1254 1929 1453 1997 permittantur
1471 1931 1610 1997 fraterna
1641 1930 1781 1999 eonjupia,

123 2015 182 2066 364.
218 2014 245 2065 3.
265 2014 311 2066 Ea
329 2014 472 2068 brutorum
497 2015 630 2070 laetari-is.
666 2016 841 2071 lastinianus
859 2032 922 2070 nov,
948 2013 1048 2066 snels'or
1082 2021 1173 2066 tamen
1204 2016 1372 2067 cmssuctudo
1401 2016 1493 2084 ipsam
1522 2016 1604 2069 medii
1635 2016 1782 2069 erborrere

91 2100 129 2151 1².
149 2096 252 2168 inquit.
277 2100 446 2153 incestuosos
470 2109 584 2169 patrna
605 2119 665 2154 cum
687 2103 800 2163 filiabus
819 2110 844 2155 ct
864 2121 920 2156 sira·
948 2098 1100 2164 licentiam,
1125 2106 1150 2151 et
1167 2116 1229 2152 cuns
1248 2116 1359 2154 sorores
1378 2101 1505 2173 accipere
1527 2104 1557 2155 in
1574 2103 1781 2156 matrimonium

89 2192 161 2235 tran
189 2201 249 2236 nrm
271 2184 340 2249 filiis
366 2187 526 2239 sorrentum
552 2187 640 2240 sistat
668 2192 712 2240 rut
732 2189 787 2240 rar
811 2186 922 2260 didym·
944 2185 1047 2252 priuis
1073 2185 1189 2238 numani
1211 2186 1322 2253 ueneris
1341 2189 1511 2255 temporibus
1528 2189 1640 2242 omniuo
1658 2188 1781 2258 licuerit,

88 2266 246 2322 ἀποσείεται
274 2270 362 2334 ζώων,
387 2270 517 2339 plurima
544 2274 628 2326 etiam
653 2274 837 2327 irrationalia
860 2276 921 2327 uni-
947 2270 988 2322 tic
1008 2279 1163 2339 auersetur,
1194 2273 1278 2339 meari
1302 2290 1444 2342 nunmsam
1469 2274 1554 2328 licere
1573 2279 1707 2343 potuerit.
1744 2273 1781 2329 Et

86 2355 174 2409 rnalia
197 2364 325 2409 amarent
346 2374 381 2409 as·
408 2359 587 2414 detestamur,
633 2359 796 2414 Arismteles
823 2359 870 2413 lib.
895 2366 920 2415 9,
947 2364 1058 2424 postea:
1079 2358 1155 2409 Inest
1173 2358 1267 2411 nescio
1285 2360 1424 2426 quomodo
1440 2360 1578 2414 lausannae
1595 2360 1781 2414 saecundiae

87 2439 149 2499 bist.
181 2443 263 2497 anim.
294 2461 317 2498 c.
344 2450 388 2498 47.
410 2449 438 2499 et
454 2443 589 2499 Aelianus
620 2445 667 2500 lib.
695 2454 719 2501 5,
737 2445 800 2502 hist,
839 2447 919 2503 anim,
947 2441 1084 2510 quiddam
1112 2443 1244 2495 naturale
1270 2451 1354 2512 atquc
1380 2444 1540 2514 landabile,
1573 2454 1604 2499 ut
1627 2448 1673 2499 cui
1701 2446 1781 2499 debet

85 2526 223 2591 referunt,
249 2531 371 2584 carnalos
394 2548 536 2599 rsunquasn
562 2549 623 2584 curn
650 2534 787 2587 matribus
809 2552 919 2589 cosmae·
946 2546 1032 2581 cansa
1056 2527 1284 2597 propinquitatis
1299 2532 1484 2583 ueresnndnm
1508 2532 1648 2598 bassorum,
1678 2532 1714 2583 ab
1746 2548 1780 2584 ea

86 2616 211 2668 tudinem
237 2616 352 2685 labere,
382 2624 409 2670 et
431 2636 493 2670 cuns
516 2619 674 2687 alr'qrsando
697 2628 813 2674 aeratos
835 2622 921 2675 nutri
946 2614 1099 2683 contiueat,
1123 2616 1250 2683 niarasis
1273 2616 1473 2684 pensrntricesn
1505 2624 1598 2669 tamen
1625 2616 1778 2684 libidinem,

86 2703 516 2772 φονιαιεριιιιιιηι66666666,
535 2720 596 2757 essin
616 2707 920 2777 membresitanis
946 2701 981 2752 ue
1010 2717 1066 2768 qna
1092 2700 1253 2753 crubescas
1282 2701 1408 2754 videmus
1439 2708 1464 2753 u
1489 2702 1582 2770 ipram
1608 2703 1779 2771 pudicitiam

87 2796 112 2841 ct
127 2795 219 2840 matre
234 2789 344 2855 eopnila
356 2794 514 2843 cetratorum
527 2808 621 2844 morsu
638 2793 723 2854 infixo
741 2794 920 2851 interesnisse.
946 2785 1132 2854 0⁰⁷¹j¹¹tlssltttlr
1150 2785 1178 2838 111
1196 2802 1277 2856 quem
1297 2785 1404 2839 LUdOV·
1417 2786 1502 2843 Vivet
1514 2788 1554 2841 sic
1566 2796 1781 2843 commentatur:

87 2871 195 2927 Plinius
211 2873 257 2927 lib.
271 2880 295 2929 a.
308 2874 371 2930 nist.
384 2882 440 2929 nat.
454 2892 476 2928 c.
490 2880 533 2931 tt.
545 2875 710 2931 Aristoteles
720 2878 920 2934 dannanus
946 2872 1090 2924 arnse-m
1114 2872 1247 2940 conjucta
1268 2875 1348 2941 apuu
1373 2874 1529 2943 Aenmtios
1550 2882 1576 2927 n
1599 2876 1780 2929 Athenienses

88 2959 138 3016 lib.
152 2968 176 3015 t.
190 2959 253 3013 hist.
262 2961 344 3014 anim.
355 2978 378 3013 o.
390 2968 411 3016 7,
424 2960 556 3025 referunt,
569 2964 631 3031 rapi
646 2964 813 3031 Scytharum
822 2982 919 3035 squam
938 2959 1060 3026 scierunt
1083 2967 1211 3027 recepta,
1239 2960 1363 3012 Rornani
1390 2967 1481 3014 tannen
1506 2977 1567 3013 essm
1592 2978 1695 3016 nsorcsn
1712 2980 1780 3015 nun·

80 3047 178 3113 fuisse
198 3047 349 3115 sprem'am,
368 3064 552 3114 oppansam
570 3052 700 3118 mmmm
716 3067 809 3104 ommm
825 3004 1029 3113 „mmbqssam
1065 3053 1237 3114 receperunt.
1286 3044 1441 3099 Concilium
1467 3045 1633 3101 Tolotauum
1661 3065 1725 3102 sess.
1755 3052 1778 3102 2.

88 3140 196 3196 rentur,
215 3148 248 3186 eu
267 3133 304 3185 iis
322 3150 410 3201 sessus,
430 3135 480 3201 qni
495 3134 614 3202 reliquis
628 3138 821 3203 praestantia-r
839 3112 1005 3205 labe-leurs.
1025 3138 1049 3185 t.
1074 3130 1207 3201 conjugia
1228 3131 1256 3184 iu
1282 3131 1427 3201 prohibitis
1451 3132 1585 3202 gradibus
1611 3132 1779 3186 interdicens

86 3218 177 3286 batur,
197 3219 284 3271 matri
299 3219 357 3282 fuit
375 3220 524 3286 admissus,
544 3227 573 3272 nt
591 3236 668 3273 enea
682 3232 857 3293 procrearet,
870 3226 921 3277 sed
945 3222 1077 3286 provocat
1096 3216 1131 3270 ad
1150 3216 1227 3287 leget
1254 3216 1283 3269 111
1300 3216 1426 3272 Levitico
1445 3218 1651 3289 promulgatas:
1679 3218 1779 3272 Sanci-

86 3306 120 3357 ῑα
133 3306 239 3372 samm
265 3305 411 3359 memmii,
458 3307 562 3358 Pomm
587 3315 702 3360 mairem
726 3316 852 3378 mmmm
870 3312 920 3363 im.
945 3322 1020 3369 nisis,
1044 3320 1079 3356 ne
1104 3304 1167 3372 quis
1181 3302 1313 3369 fidelium
1335 3304 1529 3375 propin-qnam
1554 3306 1701 3373 carmanis
1725 3306 1779 3374 sisi,

82 3392 212 3460 prudens
230 3392 398 3459 superuenit,
418 3400 444 3443 et
451 3399 602 3460 postquam
622 3410 640 3445 a
654 3410 804 3461 conpressu
814 3397 919 3458 faciem
944 3406 1086 3459 nemusque
1109 3388 1262 3457 affinitatis
1286 3389 1455 3443 lineamenta.
1475 3390 1587 3457 peneris
1606 3391 1779 3445 successione

86 3477 188 3531 matris
211 3478 346 3530 detectam
363 3477 490 3546 aprsoait,
504 3487 666 3547 praerupta
681 3480 764 3549 petiit
783 3489 809 3534 et
826 3482 1100 3545 θωπί-66666666,
1128 3475 1158 3527 in
1184 3474 1362 3528 matrimonio
1388 3474 1445 3527 sibi
1475 3475 1616 3529 elucidaret
1640 3477 1779 3546 copulari,

86 3571 179 3619 matus
198 3570 247 3618 cst.
282 3562 346 3618 Joh.
365 3562 463 3634 Lupus
482 3563 510 3617 in
529 3570 608 3621 tract.
630 3565 665 3621 da
685 3567 803 3624 matrim.
816 3538 1077 3637 narmt'mmmen
1095 3561 1229 3629 scripturn
1253 3568 1308 3613 est:
1345 3560 1442 3614 Omnis
1459 3558 1540 3613 borno
1565 3564 1607 3614 ad
1618 3563 1779 3631 proximem

87 3668 184 3721 equum
213 3652 353 3719 menidam
381 3658 495 3704 matrem
525 3652 694 3720 adopertam
725 3657 919 3722 compressisse
944 3648 1090 3715 sasspuinis
1105 3648 1152 3700 sui
1162 3664 1217 3700 non
1235 3648 1361 3711 accedat,
1377 3663 1428 3699 nec
1446 3647 1506 3701 sine
1524 3648 1734 3700 denuntiatione
1750 3648 1781 3711 fit

86 3738 236 3804 eademque
268 3735 381 3803 connita
408 3736 546 3789 reclinato
584 3738 676 3805 capite
698 3740 836 3805 penitaliu
865 3732 1779 3803 sibi;sententiae,naminfcrtrstnima,assuefeceritslcabomina-

86 3823 241 3891 abrupisse.
288 3821 394 3879 Similia
423 3823 548 3893 exempla
575 3824 639 3877 vide
669 3824 744 3894 apud
769 3826 920 3880 Varronem
943 3821 1064 3873 timribns
1077 3820 1138 3872 istis
1149 3819 1302 3889 quippiam,
1318 3818 1425 3887 peribit
1442 3819 1477 3869 dr.
1494 3818 1587 3869 meslio
1606 3817 1713 3887 populi
1727 3817 1783 3871 sui.

87 3907 135 3963 lib.
153 3914 179 3964 2.
199 3907 282 3963 dere
301 3908 394 3962 rustic.
411 3925 472 3979 cap.
496 3915 533 3964 14.
980 3912 1038 3963 306.
1074 3908 1099 3960 9.
1121 3908 1167 3958 Ea
1187 3904 1418 3957 aslsscrsars'ornns
1437 3903 1620 3966 confessione.
1655 3898 1906 3990 Calixtusgpffiffl·

122 4001 182 4051 305.
232 3998 256 4047 i.
283 3995 330 4047 Ea
364 3996 498 4049 ecelesiae
536 3999 680 4050 doctorum
717 3995 974 4067 testificatione.}in
995 3992 1073 4063 epist.
1094 3997 1116 4046 2.
1135 3992 1171 4046 sd
1190 3991 1274 4061 episc.
1294 3988 1367 4043 Gall.
1385 3993 1414 4043 et
1432 3988 1535 4043 citatur
1554 4004 1578 4043 c.
1599 3988 1777 4059 Coujuuclio·
1792 4003 1875 4042 riorum

87 4081 250 4137 Ambrosius
269 4080 317 4136 lib.
337 4086 360 4137 8.
378 4081 456 4151 epist
475 4088 517 4137 66.
537 4090 601 4138 tom.
622 4090 647 4137 3.
665 4083 716 4137 col.
739 4088 795 4140 173.
813 4082 920 4138 dissua-
946 4096 995 4133 nes
1015 4084 1055 4133 35.
1081 4096 1106 4149 q.
1127 4082 1156 4132 2:
1185 4075 1400 4147 Gassjuncts‘ones
1427 4075 1698 4144 consanpnineosusn
1716 4052 1884 4145 fieriffffflssf'

88 4167 156 4223 deus
183 4166 344 4237 eonjugium
375 4166 468 4221 lratris
501 4184 564 4221 cum
592 4168 692 4223 sororis
713 4167 785 4239 lilia,
813 4138 1134 4245 etiamsilprobibcntur.
1182 4164 1296 4225 Quare!
1324 4161 1392 4231 quia
1417 4161 1469 4213 bas
1498 4162 1612 4214 diuinae.
1640 4160 1778 4227 sendimus

86 4253 172 4308 frater
192 4253 301 4307 diversa
318 4260 406 4307 matre
422 4252 512 4307 editus
538 4259 598 4309 erat
620 4272 703 4326 quam
726 4271 816 4323 soror,
841 4248 1092 4331 cujusffprolsibeut
1116 4251 1199 4319 lepus.
1242 4250 1330 4317 Lepas
1354 4264 1420 4317 erpa
1446 4248 1560 4300 dir-inae
1582 4247 1634 4299 lsoc
1658 4254 1779 4314 aperius,

85 4337 172 4394 liliam
198 4338 250 4393 sibi
271 4339 389 4409 jungere
409 4337 557 4408 cogitabat,
576 4340 649 4395 iuter
668 4340 724 4395 alia
740 4339 922 4397 fundamenta
933 4340 936 4417 ξ
947 4348 973 4393 ct
994 4356 1048 4405 eos,
1066 4339 1116 4407 qui
1132 4354 1165 4389 sa
1184 4335 1224 4389 eis
1236 4336 1388 4405 prodeunt,
1406 4351 1462 4386 non
1476 4335 1568 4387 selsam
1587 4333 1710 4401 ejiciunt,
1729 4332 1781 4384 sed

86 4431 168 4496 urget
185 4425 276 4495 legem
298 4424 419 4478 divinam
439 4424 468 4478 in
488 4424 613 4480 Levitico
631 4427 808 4496 propositam.
847 4424 1031 4490 Quid'cts'am
1057 4424 1222 4477 nrrslssls'ctos
1247 4420 1398 4491 appellant·
1442 4418 1555 4486 (Confer
1579 4435 1642 4472 cum
1661 4416 1715 4472 hoe
1734 4417 1780 4472 de·

87 4520 128 4564 set
150 4510 262 4581 (iuquit)
291 4512 369 4579 meod
395 4512 522 4565 dssbitasi
544 4522 642 4581 queat,
669 4531 731 4566 curn
754 4514 800 4567 ler
824 4490 1025 4585 divinalcreto
1043 4509 1128 4564 rerba
1144 4506 1304 4563 Bellarmini
1331 4507 1366 4560 de
1393 4505 1511 4559 matrim.
1538 4521 1561 4558 c.
1584 4508 1625 4559 25.
1649 4498 1676 4576 ξ.
1695 4502 1781 4557 adde:

87 4598 172 4650 etiam
187 4597 336 4666 patrueles
347 4598 462 4665 fratres
476 4597 629 4667 probibeat
648 4599 794 4651 conuenire
808 4600 838 4651 in
858 4616 921 4652 eon·
934 4618 937 4685 p
952 4600 1030 4659 (issae
1058 4594 1212 4647 Clsemnieio
1242 4593 1372 4645 ridentur
1399 4591 1513 4644 diuinae
1532 4588 1736 4659 prohibitiones
1755 4595 1782 4640 et

86 4682 212 4753 papalem
229 4683 367 4750 copulam,
388 4683 438 4753 qui
453 4683 509 4735 sibi
525 4693 627 4753 quarto
646 4686 790 4738 sociantur
807 4681 1095 4753 praenestinensis
1115 4680 1269 4748 aliqnando
1289 4693 1368 4746 papa
1400 4678 1558 4745 dispensat,
1581 4692 1630 4727 eus
1650 4692 1705 4727 non
1725 4690 1782 4726 esse

88 4770 145 4823 Hic
163 4777 257 4822 autem
278 4772 388 4837 prasius
406 4770 506 4824 tertius
525 4772 643 4840 estqui
663 4773 748 4825 etiarn
766 4770 844 4823 civili
854 4754 1062 4845 jaraldi-inas
1078 4766 1159 4834 apud
1185 4762 1363 4816 Christianos
1385 4759 1663 4826 demonstrabimus.)
1702 4758 1783 4813 Iuno·

89 4874 107 4909 a
128 4855 270 4908 consertio
296 4855 425 4926 conjupii
450 4864 580 4925 acceptus
606 4859 727 4913 sistetur.
766 4856 826 4910 Sed
841 4850 1058 4925 priusffceutius
1076 4850 1127 4904 ΙΙΙ.
1145 4850 1180 4904 ad
1200 4849 1401 4903 Bituriceuscm
1420 4844 1569 4901 archidiac.
1586 4846 1616 4899 iu
1633 4860 1657 4899 c.
1676 4844 1784 4901 Literss

89 4958 189 4995 ramae
208 4941 277 5009 lepis
292 4942 363 4996 scita
384 4942 595 5011 interrupimus.
625 4943 795 4997 Prmrman
811 4943 882 4996 enim
895 4942 925 4993 in
936 4898 939 4969 I
951 4944 1019 4995 extr.
1039 4938 1073 4991 dc
1091 4936 1175 4992 restit.
1192 4935 1318 5007 spoliat:
1344 4936 1380 4987 In
1398 4933 1534 5002 pradibus
1558 4932 1784 5001 consanpuinita·

90 5027 987 5099 tuisliters's,quodperrrsissumlsocdiuinajureconnubium,tis
1019 5024 1116 5077 dim'na
1147 5023 1208 5092 laps
1236 5020 1386 5091 prohibitis
1414 5018 1578 5085 dispensari
1601 5035 1656 5071 non
1680 5023 1784 5085 potest.

90 5114 254 5185 hujusmodi
268 5114 435 5182 pipnoribns
453 5115 637 5182 cnr’sts'mctur,
661 5132 692 5168 eo
715 5117 793 5184 quod
818 5132 874 5168 non
891 5106 1079 5165 sit¹Carerius
1097 5106 1143 5163 lib.
1164 5114 1187 5163 t.
1213 5106 1248 5162 de
1266 5105 1384 5160 matrim.
1404 5120 1428 5157 c.
1449 5110 1472 5157 5.
1507 5104 1663 5158 Falluntur
1680 5103 1785 5159 Palea

71 5200 270 5271 lprolsibituns.
311 5202 392 5271 Erpa
416 5210 506 5256 autern
530 5209 556 5256 ct
570 5200 742 5271 probibitnrn
769 5216 865 5256 assero
879 5170 1068 5273 ctalFloren.
1085 5203 1113 5248 et
1134 5194 1227 5263 Majo.
1248 5193 1277 5246 iu
1294 5198 1319 5247 «t.
1338 5198 1407 5245 seut.
1428 5190 1491 5245 dist.
1511 5196 1552 5246 to.
1572 5189 1620 5261 qui
1640 5189 1706 5243 ausi
1722 5196 1787 5243 sunt

92 5286 278 5341 Interdictum
295 5294 336 5339 cst
354 5288 426 5341 enim
445 5297 565 5341 staturae
584 5289 668 5357 jure,
694 5287 870 5341 interdictum
889 5291 930 5337 est
954 5283 1118 5350 affirmare,
1144 5280 1307 5348 pontificem
1335 5277 1364 5329 in
1391 5276 1479 5331 uirilis
1503 5277 1654 5343 praelibas,
1680 5276 1731 5343 qui
1756 5275 1786 5327 in

91 5374 163 5443 lere,
180 5388 253 5441 quae
278 5380 317 5425 est
334 5373 365 5425 in
383 5375 514 5427 corellius
540 5373 730 5443 sinpularnm,
750 5372 930 5425 interdictum
955 5368 1078 5422 Leuitico
1101 5367 1306 5435 exprimuntur,
1327 5378 1414 5431 posse
1440 5362 1615 5432 dispensare.
1649 5359 1788 5430 Tempore

91 5466 133 5513 cst
150 5457 312 5512 inviolabili
324 5461 551 5529 praescriptione
564 5460 691 5530 pietatis,
709 5458 791 5511 titula
811 5458 931 5510 6666666·-
954 5454 1069 5510 Hearici
1087 5452 1167 5509 VIII.
1194 5448 1314 5520 Angliso
1332 5448 1406 5520 regis
1431 5450 1582 5503 scannullas
1606 5449 1735 5501 doctores
1756 5446 1786 5499 in

146 5550 249 5595 usitati
263 5551 310 5595 loci.
331 5552 376 5595 Vll.
1426 5556 1456 5607 12
