4020 6022
221 200 261 259 98
801 186 926 247 LOCUS
941 184 1150 247 victamne
1166 184 1337 255 emrtuos

92 358 149 401 tat
260 354 317 405 165.
352 356 378 407 t.
397 349 428 405 si
453 347 595 419 sponsalia
622 346 679 403 sint
699 364 794 417 pura,
824 343 921 401 eadem
949 340 1056 413 duplici
1087 357 1143 397 non
1160 341 1199 399 sit
1216 358 1236 399 6
1258 342 1388 399 sectandis
1408 342 1514 415 nuptiis
1531 340 1683 410 arcendus,
1708 341 1734 397 si
1755 356 1775 395 a
1799 340 1921 412 conjuge

92 410 330 513 :fffifssratione
347 434 545 500 dissolvuntur,
563 432 608 490 vel
625 432 735 487 solmni
751 430 962 499 declaratione,
982 426 1057 500 quod
1083 426 1221 484 malitiose
1241 428 1386 485 deseratur
1416 436 1439 487 1.
1459 428 1522 484 Cor.
1539 435 1571 496 1,
1604 446 1630 484 r.
1655 426 1809 498 lacuque
1834 424 1920 481 multo

222 521 260 577 ab
278 520 360 577 initio
378 521 483 577 tuerint
499 520 585 589 irrita,
602 519 648 573 rel
657 518 802 587 judiciati
813 516 963 585 6661616166,
981 513 1056 586 quod
1084 512 1173 583 magis
1193 515 1347 584 sponsalia,
1375 531 1447 585 quae
1465 521 1529 570 sunt
1546 512 1708 585 conjugium
1725 512 1864 567 duntaxat
1881 509 1921 567 in·

222 605 259 662 ab
286 606 365 661 initio
394 606 507 677 quidem
523 605 627 661 fuerint
643 611 717 673 rata,
748 604 798 661 sed
815 604 852 661 ob
876 618 990 659 oausam
1007 598 1056 657 aii·
1083 598 1213 655 choatum
1238 618 1272 655 ec
1302 601 1481 671 promissum,
1511 600 1547 657 ob
1575 598 1742 655 malitiosam
1760 597 1920 653 alterutrius

221 708 305 763 quam
338 693 577 761 supervenientem
606 692 663 745 sint
692 690 883 746 rescindenda.
940 687 1057 751 Causae,
1083 686 1169 761 partis
1188 685 1373 743 desertionem
1394 687 1507 743 dissolvi
1527 690 1652 758 possunt
1704 690 1730 742 1.
1753 686 1920 741 incestuosa

221 782 336 848 propter
360 794 431 847 quas
459 777 600 847 sponsalia
618 777 654 831 ab
668 776 747 832 initio
767 775 861 831 statim
876 762 962 829 inisse
978 771 1058 827 irrita
1082 788 1144 825 cum
1163 773 1290 840 cognatis
1306 774 1406 842 sponsi
1421 774 1465 827 eet
1490 790 1611 843 sponsae
1629 772 1794 829 commistio.
1849 770 1920 827 Cum

175 874 178 881 ·
221 870 378 929 censentur,
400 862 521 919 revocari
540 870 656 934 possunt
677 862 714 918 ad
745 862 915 929 efficientem
944 868 970 914 61
995 877 1055 913 ma·
1083 856 1157 912 enim
1173 863 1245 913 teste
1263 858 1390 929 apostolo
1411 864 1433 915 1.
1455 858 1517 914 Cor.
1534 866 1564 927 6,
1593 877 1620 915 v.
1645 865 1684 916 16.
1711 860 1762 931 qui
1782 859 1919 915 adhaeret

221 949 357 1007 16616166.
387 949 432 1005 De
448 948 587 1004 efficiente
600 964 685 1003 causa
701 954 827 1003 66661666
846 951 939 1019 potest
960 962 994 1000 ex
1010 945 1053 1015 iis,
1082 943 1237 1016 meretrici,
1273 962 1358 998 ursam
1385 962 1488 1015 corpus
1516 963 1579 999 6661
1606 962 1641 999 66
1665 946 1826 1016 efficiatur,
1856 944 1918 1001 idea

220 1050 293 1106 quae
321 1034 358 1090 de
390 1051 540 1100 consensu,
575 1034 622 1107 qui
658 1039 701 1090 est
737 1033 939 1104 sponsaliorum
970 1048 1055 1087 causa
1081 1044 1202 1098 aequum
1232 1036 1290 1097 est,
1319 1035 1351 1085 ut
1381 1030 1417 1085 ob
1445 1029 1609 1087 affinitatem
1634 1030 1710 1087 illam
1734 1030 1917 1089 meretriciam

220 1120 352 1191 efficiens,
366 1120 442 1175 dicta
454 1128 520 1176 sunt
530 1120 666 1191 superius.
693 1122 860 1184 Comenses,
872 1118 913 1173 uti
927 1118 1055 1187 vidimus,
1081 1115 1221 1184 sponsalia
1238 1115 1434 1186 dissolvantur,
1459 1118 1484 1171 si
1501 1134 1618 1187 sponsus
1637 1134 1700 1172 curn
1716 1134 1837 1189 sponsas
1854 1135 1917 1173 oon·

220 1212 263 1261 est
289 1211 368 1261 66166
397 1205 503 1261 liberae
531 1206 683 1261 voluntatis
709 1222 727 1260 a
750 1222 819 1261 sano
835 1210 921 1275 atquc
945 1205 1053 1273 integro
1081 1200 1235 1272 sanguinea
1263 1202 1423 1270 consuevit,
1456 1219 1512 1274 qua
1543 1203 1579 1258 66
1613 1220 1642 1259 66
1671 1209 1762 1258 exsut
1799 1204 1829 1259 in
1855 1205 1918 1274 jure

215 1290 324 1361 jndicio
342 1291 493 1362 protectus,
511 1292 548 1346 ad
565 1307 628 1346 eum
646 1290 764 1361 proinde
786 1290 937 1362 requiritur
952 1289 1053 1361 judieii
1082 1287 1214 1341 66666166
1227 1288 1378 1359 peculiaris
1396 1288 1494 1343 titulus
1512 1288 1547 1344 ds
1561 1304 1603 1358 eo,
1621 1289 1669 1361 qui
1681 1290 1917 1361 consanguineam

219 1376 365 1447 integritas
384 1382 413 1431 et
430 1376 581 1432 voluntatis
601 1376 722 1433 libertas.
773 1375 844 1433 Cum
859 1376 960 1448 judicii
985 1375 1054 1429 inte·
1081 1372 1173 1427 uxoris
1191 1374 1331 1445 cognovit,
1349 1374 1434 1444 idque
1454 1390 1487 1429 eo
1505 1374 1590 1429 etiam
1609 1375 1770 1441 extendunt,
1788 1383 1820 1431 ut
1838 1375 1863 1430 si
1874 1376 1916 1431 val

219 1463 322 1534 gritate
334 1466 443 1533 pugnat
455 1480 546 1530 error,
557 1463 649 1531 66166,
662 1464 791 1527 chrr'etas,
795 1464 934 1531 fatuitas,
944 1464 1054 1531 furor;
1081 1458 1197 1513 maximo
1214 1475 1316 1531 sponsa
1335 1476 1353 1514 a
1369 1460 1458 1530 pactis
1475 1461 1604 1517 recedere
1627 1462 1704 1529 nolit,
1721 1462 1771 1517 666
1785 1462 1917 1519 delictum

219 1566 283 1603 cum
315 1549 469 1605 voluntatis
500 1548 630 1604 libertate
659 1555 787 1620 pugnent
820 1549 928 1617 minae,
961 1550 1053 1617 justus
1080 1544 1133 1599 hoc
1152 1562 1254 1615 sponso
1271 1546 1426 1615 condonet,
1456 1548 1598 1603 tamensi
1621 1548 1839 1617 permittendum
1862 1566 1917 1604 nou

217 1642 355 1691 66616661
378 1635 502 1691 violenta
528 1636 644 1691 6666116.
689 1637 736 1690 An
756 1650 822 1691 vero
839 1642 867 1690 et
884 1635 997 1706 quando
1016 1634 1052 1688 ob
1080 1631 1125 1700 sit,
1144 1638 1176 1687 ut
1192 1632 1365 1687 matrimonio
1383 1650 1447 1687 cum
1463 1650 1497 1689 ea
1516 1633 1668 1704 copuletur.
1714 1638 1739 1687 «5.
1757 1634 1918 1689 Homicidii

217 1738 351 1792 errorem,
382 1721 489 1791 dolum,
518 1720 694 1788 ebrietatem,
726 1720 898 1788 laniatam,
924 1720 1053 1789 furorem,
1078 1718 1236 1771 rotrsntarii
1251 1719 1440 1789 perpetratio.
1495 1718 1566 1774 Cum
1585 1720 1658 1775 enim
1677 1718 1858 1775 homicidium
1882 1720 1918 1775 sit

212 1809 322 1879 justum
346 1813 452 1862 metum
475 1812 527 1862 616.
553 1806 695 1877 sponsalia
722 1806 862 1862 censenda
887 1807 944 1861 sint
967 1806 1052 1875 irrita,
1080 1802 1212 1857 delictum
1244 1802 1394 1857 maximum
1424 1803 1537 1874 capitali
1565 1821 1656 1875 poena
1683 1806 1766 1874 juxta
1794 1804 1917 1860 divinam

217 1893 252 1948 de
289 1910 322 1949 6ο
359 1892 493 1947 1611661666
532 1892 637 1947 dictum
672 1892 727 1947 tuit
761 1909 812 1946 suo
840 1892 911 1949 loco.
962 1892 1054 1947 Causa
1079 1889 1283 1945 ordinationem
1313 1887 1414 1947 Genea.
1445 1896 1477 1955 u,
1510 1908 1535 1945 v.
1566 1896 1590 1948 6.
1635 1890 1720 1947 Num.
1744 1896 1791 1955 ³5,
1825 1909 1852 1947 v.
1876 1898 1917 1949 31.

216 1978 381 2046 materialis,
410 1983 626 2050 propterquam
644 1978 784 2049 sponsalia
802 1978 838 2033 ab
858 1978 938 2033 initio
958 1978 1051 2033 statim
1080 1975 1268 2045 plectendum,
1288 1975 1351 2031 ideo
1369 1992 1426 2030 uon
1445 1976 1529 2031 debet
1546 1994 1649 2047 sponsa
1666 1978 1744 2047 cogi,
1772 1982 1805 2032 ut
1822 1977 1917 2033 datam

216 2064 295 2121 irrita
320 2064 407 2120 161666
437 2063 615 2135 1661666166,
651 2065 838 2136 explicabitur
866 2066 895 2120 in
924 2065 1051 2136 sequenti
1080 2061 1245 2117 matrimonii
1265 2062 1348 2119 fidem
1368 2069 1431 2133 post
1449 2063 1564 2118 caedem
1581 2080 1600 2118 a
1617 2081 1718 2134 sponso
1729 2069 1918 2135 perpetratam

217 2150 310 2221 eapite
335 2151 369 2207 de
392 2150 508 2205 materia
531 2150 664 2222 conjugii.
712 2150 791 2214 Quae
818 2150 891 2204 enim
919 2168 1052 2221 personae
1079 2155 1178 2213 servet,
1198 2166 1233 2204 no
1254 2148 1344 2204 exitus
1364 2147 1491 2204 difficiles
1509 2155 1677 2221 sequantru·;
1704 2150 1804 2220 quodsi
1823 2156 1916 2206 umen

216 2236 253 2292 ob
272 2237 391 2307 gradum
408 2235 625 2308 propinquitatis
644 2235 818 2291 matrimonio
837 2236 971 2307 conjungi
989 2254 1050 2306 pro·
1085 2240 1184 2304 sponte
1210 2233 1263 2304 ipsi
1283 2234 1420 2289 condonet
1437 2235 1610 2305 eundemque
1628 2242 1760 2307 sequatur
1785 2236 1916 2303 amulam,

216 2322 362 2387 bibentur,
397 2323 506 2377 illarum
539 2322 681 2393 sponsalia
714 2322 929 2392 pronuntiantur
965 2322 1051 2376 irrita.
1080 2320 1253 2374 matrimonio
1285 2320 1418 2391 conjungi
1445 2326 1569 2391 possunt
1621 2324 1700 2385 Quae
1722 2337 1788 2376 rero
1813 2322 1849 2377 66
1867 2322 1916 2378 bo·

217 2408 287 2461 ltem
305 2424 453 2480 corporum
464 2406 779 2477 inhabilitassperatum
791 2407 957 2462 matrimonii
972 2425 1052 2462 usum
1079 2405 1190 2460 micidio
1222 2405 1311 2475 dicta,
1340 2423 1375 2461 ea
1405 2406 1441 2460 ad
1473 2406 1590 2478 quodvis
1618 2406 1721 2461 crimen
1748 2408 1861 2477 gravius
1887 2417 1916 2463 et

215 2494 326 2565 penitas
352 2494 521 2565 impediens,
548 2496 580 2547 ut
599 2510 684 2549 caasa
700 2498 742 2549 est
760 2493 928 2547 matrimonii
952 2492 1051 2547 616661-
1079 2491 1214 2561 capitale,
1241 2508 1297 2562 quo
1316 2491 1431 2546 infamia
1447 2492 1601 2564 irrogetur,
1628 2499 1726 2563 utpote
1750 2496 1792 2547 66
1810 2494 1916 2548 crimen

215 2580 307 2643 vendi,
320 2580 360 2636 116
371 2579 773 2651 multomagissponsalioram.
790 2579 950 2636 Notandum
960 2584 1052 2635 tammr
1079 2577 1177 2631 166666
1196 2576 1365 2647 niaJestatis,
1382 2580 1557 2648 uersesirinrn,
1569 2578 1712 2649 plapirnn,
1729 2582 1854 2649 furtnrn,
1872 2580 1915 2633 in·

214 2666 269 2721 hoc
288 2666 357 2735 loco,
375 2666 452 2739 quod
469 2665 697 2737 distinguendum
710 2664 747 2720 sit
762 2666 835 2719 inter
848 2664 1050 2721 inhabilitatem
1077 2664 1169 2717 satias
1208 2665 1283 2717 vitae
1322 2664 1441 2719 61166166
1458 2666 1649 2719 contrahentis
1666 2673 1789 2719 structas
1808 2674 1858 2721 616.
1882 2682 1914 2721 66

214 2752 348 2807 materiem
359 2760 548 2825 praesentem,
565 2738 637 2823 quiae
654 2768 784 2806 successu
799 2750 931 2821 temporis
950 2751 1052 2824 corrigi
1078 2749 1244 2819 extendunt,
1274 2749 1384 2806 interim
1406 2758 1500 2806 tamen
1519 2751 1548 2806 in
1565 2750 1641 2807 hisce
1659 2752 1769 2808 casibus
1797 2751 1914 2807 circum·

215 2843 322 2909 potest,
353 2844 382 2893 et
412 2838 485 2894 inter
510 2838 714 2893 inhabilitatem
732 2844 871 2907 perpetuo
895 2840 1051 2908 durantem,
1077 2836 1197 2891 61661166
1222 2852 1316 2893 omnes
1339 2836 1487 2909 diligenter
1510 2838 1720 2909 ponderandae,
1749 2854 1814 2893 cum
1846 2839 1915 2895 talia

216 2942 289 2996 quae
304 2924 447 2980 emendari
462 2923 566 2995 nequit
601 2924 720 2994 Propter
741 2923 862 2994 priorem
879 2941 935 2979 non
954 2924 1050 2979 dissol-
1080 2922 1199 2977 crimina
1217 2939 1272 2977 non
1290 2930 1416 2995 pugnent
1428 2940 1491 2978 cum
1505 2924 1567 2995 ipsa
1580 2923 1746 2981 matrimonii
1756 2924 1914 2981 substantia

57 3070 62 3079 ,
96 3010 143 3054 Π·
159 3008 318 3066 ι51666166
345 3027 398 3066 nec
420 3010 500 3065 irrita
523 3015 672 3067 censentur
689 3009 841 3080 sponsalia,
872 3027 944 3083 quae
966 3011 1051 3067 etiam
1077 3015 1106 3063 et
1123 3007 1188 3074 fine,
1207 3008 1280 3063 sicut
1296 3010 1397 3080 priora,
1425 3011 1559 3065 tentanda
1577 3010 1663 3081 igitur
1681 3010 1770 3081 primo
1790 3010 1913 3067 omniurn

215 3098 290 3153 inter
321 3096 480 3169 impuberes
516 3104 644 3153 66661666
670 3102 799 3167 possunt,
829 3096 879 3153 sed
915 3097 1051 3153 duntaxat
1076 3094 1278 3164 reconciliatio,
1311 3096 1410 3165 quodsi
1433 3112 1498 3151 vero
1531 3095 1616 3151 animi
1640 3103 1777 3167 apparent
1801 3097 1913 3165 penitus

214 3188 327 3253 propter
349 3184 536 3253 posteriorem.
585 3181 643 3239 Sed
662 3183 732 3238 haec
756 3182 848 3239 omnia
871 3184 1050 3255 exsequenti
1075 3182 1164 3237 aversi
1204 3188 1232 3237 ct
1260 3182 1400 3251 distracti,
1432 3181 1554 3237 violenta
1586 3181 1692 3237 coactio
1722 3199 1778 3237 non
1801 3190 1845 3239 est
1863 3184 1913 3241 ad·

214 3270 307 3339 capite
325 3278 407 3325 crunt
424 3268 549 3325 clariora
1076 3268 1207 3325 bibenda.

85 3354 167 3399 5011-
253 3360 308 3411 166.
346 3362 369 3413 5.
388 3355 544 3427 Sponsalia,
562 3370 635 3425 quae
655 3356 690 3409 ab
705 3355 786 3410 initio
801 3357 885 3421 fuere
903 3363 985 3425 rota,
1004 3358 1050 3427 ju·
1114 3360 1171 3410 161.
1207 3357 1233 3409 6.
1247 3354 1416 3409 Ertrirrsern
1429 3353 1589 3408 6666666116
1603 3353 1730 3410 alterutri
1745 3355 1962 3429 volucriquetl

84 3406 201 3499 iiiiii
214 3440 286 3496 dicis
303 3441 468 3497 auctoritate
481 3440 669 3497 dissolvuntur
694 3440 738 3495 vel
759 3442 791 3495 ob
806 3444 946 3510 quaedam
954 3442 1050 3510 partis
1075 3439 1149 3511 parti
1167 3439 1391 3511 supervenientia
1410 3448 1524 3512 propter
1543 3457 1616 3512 quae
1636 3442 1838 3512 sponsaliorum
1855 3444 1911 3499 dis·
1925 3420 1962 3501 iii

85 3520 184 3601 iffi}
213 3527 379 3581 alterutrim
396 3527 892 3597 6666166,66166661666616166666
909 3530 1048 3596 6666666
1075 3527 1175 3582 6616116
1195 3526 1313 3597 petitur,
1342 3527 1420 3581 varia
1439 3544 1499 3583 esse
1517 3532 1646 3599 possunt,
1678 3528 1827 3599 praecipue
1844 3547 1910 3587 vero
1925 3514 1962 3605 ffif

86 3613 374 3703 ‘mam-accidentia
393 3612 519 3669 611666161
537 3613 582 3668 vel
609 3612 721 3684 utrique
738 3612 960 3668 conuehentinm
976 3615 1049 3684 parti
1075 3614 1232 3686 sequentia:
1274 3618 1298 3668 1.
1337 3614 1544 3683 Superveniens
1580 3616 1702 3685 anoctis,
1747 3616 1910 3687 fripirtitns,
1925 3626 1962 3666 te<

85 3672 141 3753 i‘i'
159 3674 187 3703 ’ῃ
213 3700 448 3768 superuenientia.
502 3699 549 3753 Ad
583 3699 699 3755 crimina
728 3698 874 3755 commissa
901 3699 1048 3756 referenda
1074 3701 1219 3771 paralysis
1232 3700 1399 3770 penitolinrn
1412 3709 1462 3756 eto.
1476 3717 1556 3755 usum
1568 3700 1733 3755 matrimonii
1744 3702 1909 3773 impediens,
1924 3680 1962 3763 iii

214 3791 278 3839 sunt
299 3791 319 3841 1.
336 3785 510 3841 adnuet-inm
527 3787 572 3840 uel
588 3785 731 3841 cromatio.
780 3784 958 3841 Ostendimus
974 3787 1048 3841 enim
1074 3787 1124 3843 666
1149 3802 1183 3841 ea
1205 3786 1234 3841 in
1261 3785 1434 3841 matrimonio
1457 3792 1647 3841 consummato
1669 3787 1789 3858 primum
1815 3788 1910 3862 detegi
1924 3783 1962 3866 ξ’,ῗ

213 3871 355 3942 superins,
385 3888 517 3943 sponsum
542 3888 598 3925 non
616 3886 697 3942 posse
713 3871 790 3942 cogi,
819 3878 852 3926 ut
869 3872 954 3927 66661
978 3890 1049 3941 eam,
1074 3879 1284 3931 consueverunt.
1335 3880 1362 3927 2.
1394 3874 1491 3928 Furor
1524 3888 1631 3926 6616661
1669 3875 1790 3929 rationis
1828 3895 1911 3934 sunm

212 3974 285 4029 quae
301 3962 366 4028 post
384 3956 525 4025 sponsalia
542 3962 685 4011 contracta
699 3958 809 4027 copiam
822 3958 864 4011 sui
877 3958 957 4013 611661
970 3958 1047 4013 fecit.
1074 3959 1259 4013 attaminans
1278 3963 1307 4012 et
1325 3958 1501 4029 conjugalem
1512 3957 1681 4027 societatem,
1697 3978 1769 4031 qnae
1788 3962 1912 4020 debebat

212 4043 294 4110 Quod
311 4059 377 4099 voro
398 4042 551 4114 desponsa
571 4043 685 4111 dictum,
705 4044 779 4099 idem
797 4045 880 4099 etism
900 4046 1047 4115 desponsa
1073 4062 1134 4100 esse
1160 4059 1216 4098 non
1243 4060 1390 4115 corporum
1415 4050 1537 4110 tantum,
1566 4044 1615 4098 666
1642 4045 1795 4101 animorum
1824 4050 1911 4106 edem

212 4128 414 4200 accipiendum,
431 4128 506 4199 quod
527 4130 633 4185 66111661
649 4146 701 4185 ricc
715 4130 776 4201 ipsa
793 4129 857 4202 cogi
876 4130 991 4197 debeat,
1016 4138 1048 4186 ut
1073 4131 1244 4202 conjunctio,
1271 4129 1455 4185 miserabilem
1475 4146 1508 4185 66
1527 4130 1716 4189 calamitosam
1745 4134 1910 4195 66666661

212 4302 360 4357 taminanti
379 4301 475 4357 nubat
493 4316 516 4356 6.
547 4300 787 4367 Quemadmodum
804 4301 840 4355 de
853 4302 971 4372 jurajur.
989 4303 1007 4359 1.
1023 4310 1046 4358 6.
1075 4303 1259 4357 interveniens
1275 4302 1424 4372 mensalia
1439 4320 1496 4357 non
1513 4303 1648 4367 infirmem
1674 4303 1723 4359 ssd
1743 4305 1773 4359 id
1802 4306 1907 4363 intelli·
1923 4320 1962 4365 xv

212 4388 244 4443 (l.
265 4389 301 4443 66
317 4405 411 4460 spons.
443 4386 505 4451 Quo
522 4388 644 4457 pertinet
660 4386 731 4441 illud
743 4388 895 4459 Augustini
917 4389 952 4443 do
969 4389 1046 4446 verb.
1074 4388 1196 4461 gendum
1215 4388 1251 4445 66
1270 4404 1303 4444 66
1322 4387 1429 4452 furore,
1461 4387 1510 4458 qui
1530 4388 1623 4444 mitior
1643 4395 1686 4445 cst
1709 4397 1738 4447 et
1762 4390 1912 4451 intervalla

212 4474 293 4530 Dom.
314 4480 456 4532 sarmiti.
477 4473 552 4545 quod
572 4472 681 4528 citatur.
701 4491 726 4531 c.
745 4474 768 4528 61
787 4474 905 4531 ducturi.
923 4480 964 4531 ³2.
977 4494 1004 4547 q.
1017 4482 1047 4531 e:
1073 4476 1167 4533 habet.
1187 4475 1204 4528 l.
1226 4474 1250 4528 si
1270 4490 1334 4529 cum
1347 4474 1447 4529 dotem.
1466 4474 1496 4531 ff.
1517 4474 1598 4530 solut.
1614 4482 1695 4533 matr.
1707 4477 1774 4533 Alb.
1789 4477 1912 4537 Gentilis

213 4560 248 4615 Si
264 4562 382 4616 ducnrri
397 4561 465 4615 ests's
479 4576 589 4629 666666,
609 4568 717 4615 semna
736 4578 785 4615 uos
796 4561 928 4615 66661666
939 4563 1047 4619 reatris.
1074 4559 1784 4633 16666661.6161686661616166666161661
1811 4567 1910 4621 ihrer

215 4647 320 4708 1166166
338 4648 425 4703 mltis
441 4664 491 4702 eas
506 4646 646 4715 invertire,
672 4646 745 4701 tales
763 4654 789 4701 61
806 4647 885 4716 ipsae
906 4649 1047 4705 inueniant
1074 4647 1259 4703 interversione
1291 4646 1440 4715 sponsalia
1469 4664 1526 4701 non
1556 4648 1698 4717 infirmat,
1728 4652 1761 4705 iri
1786 4659 1825 4705 est
1853 4670 1911 4708 non

212 4749 268 4786 ros.
320 4732 388 4797 Quis
407 4735 501 4789 666666
519 4741 567 4797 cst,
587 4733 710 4802 quinon
727 4740 837 4787 castam
860 4734 927 4789 uelit
946 4737 1047 4791 ducere
1072 4733 1158 4802 tollit,
1176 4733 1260 4802 quasi
1276 4750 1333 4786 non
1351 4733 1431 4793 faeta
1448 4733 1518 4802 sint,
1534 4735 1693 4798 ut'inseota
1712 4737 1808 4791 reddit
1818 4739 1911 4806 saror

211 4835 332 4887 oaorem,
351 4827 376 4873 61
397 4821 425 4874 si
442 4828 608 4891 oecspturus
626 4828 667 4875 est
685 4820 911 4891 perpensaque
930 4841 987 4877 raon
1006 4823 1047 4877 in·
1070 4823 1259 4891 praecedens,
1284 4819 1434 4873 manebunt
1461 4820 1536 4875 enim
1553 4823 1652 4892 effecta
1669 4838 1774 4883 666666,
1793 4831 1824 4877 61
1843 4842 1910 4881 nero

210 4911 317 4957 tactam
332 4906 495 4961 6661666611
515 4907 650 4961 intactam
670 4908 809 4975 qnaeris!
836 4908 958 4962 intactus
978 4917 1045 4967 ceto.
1073 4916 1103 4963 nt
1117 4908 1288 4979 proriis'ssum
1301 4906 1910 4978 661616666161666611616666616611166661,

209 4990 320 5044 Puram
339 4992 475 5069 6666νί61
498 5010 592 5061 purus
609 5001 676 5047 esto.
724 4997 751 5049 2.
770 4994 1046 5051 aledicamontorum
1072 4994 1187 5049 166166
1204 4994 1355 5063 66661611,
1374 5010 1424 5048 666
1442 4995 1536 5049 dicere
1550 5001 1651 5063 potest,
1671 4995 1839 5063 qaiasnror
1851 5014 1910 5053 non

208 5074 369 5131 sterilitatis
399 5079 540 5134 msamtio.
589 5080 660 5133 Cum
691 5078 765 5134 enirn
791 5078 854 5135 11616
878 5062 1137 5169 6ιιι161666611161611
1156 5081 1367 5137 matrimonium
1385 5082 1557 5137 contrahere.
1585 5084 1613 5134 3.
1633 5082 1907 5152 Morticannpiosi.

208 5162 246 5217 sit
269 5160 373 5217 sobolis
396 5162 565 5232 procreatio,
597 5165 694 5221 merito
722 5164 868 5234 repudium
893 5164 933 5219 illi
953 5166 1101 5251 66166161
1118 5167 1254 5223 alterutra
1269 5184 1335 5238 pars
1354 5166 1576 5225 contrabentium
1596 5168 1755 5237 irrlcprom,
1776 5169 1908 5240 elephan-

209 5262 281 5317 quae
304 5264 335 5303 se
358 5246 395 5303 sd
413 5248 623 5318 conceptionem
640 5251 744 5307 sobolis
770 5250 894 5321 ineptam
912 5251 1173 5349 666616111116616,
1207 5251 1312 5311 6116666
1342 5255 1455 5313 morbos
1485 5253 1668 5325 insanabiles,
1705 5255 1908 5315 abominabiles

209 5334 555 5390 61161616666666.
603 5334 674 5391 Cum
695 5336 810 5391 enimin
829 5337 960 5409 conjugio
977 5345 1098 5421 con-get
1114 5339 1292 5411 contagiosus
1310 5340 1455 5407 inciderit,
1483 5340 1572 5395 altere
1596 5357 1660 5409 pars
1679 5340 1715 5395 ad
1733 5358 1906 5401 eonsumma-

209 5426 348 5476 summato
364 5423 459 5489 frater
478 5438 531 5474 nors
551 5421 587 5506 sit
601 5423 740 5490 entis-ctus
757 5426 896 5493 seruituti,
921 5429 972 5480 hoc
997 5432 1041 5481 est
1068 5424 1172 5482 1166616
1192 5426 1358 5485 matrimonii
1370 5432 1481 5485 666661
1500 5426 1633 5497 cogenda,
1650 5428 1789 5499 cumlege
1801 5430 1905 5487 divini·
