4020 6022
189 210 251 283 sos
521 283 525 291 Ι
772 198 1310 271 nocusvrcssruusoumrus

189 357 271 413 habet
298 357 401 427 airum,
435 357 500 413 ideo
524 364 622 428 ,caput
649 357 777 427 prinum
812 357 941 426 ipnorat,
976 354 1029 409 sed
1054 372 1116 411 cum
1145 366 1216 415 esset
1242 363 1442 434 cornupemque
1467 364 1499 419 in
1526 364 1712 421 matrimonii
1738 364 1858 421 haberet
1873 380 1898 432 a

186 460 346 515 parumper
371 446 476 500 munda
502 443 647 498 ministrat
676 451 702 499 et
730 450 863 513 miurus,
893 448 1027 513 numnam
1053 441 1156 499 liberos
1186 462 1219 500 en
1249 463 1284 502 ea
1314 458 1472 522 susceptos,
1504 469 1560 507 non
1596 460 1753 521 propterea
1779 452 1815 506 rei
1840 458 1900 507 trie

192 530 280 600 eripit
296 531 342 586 les
361 532 474 597 earnm,
497 546 547 585 seu
574 529 623 584 sili
641 530 751 600 potius,
775 530 826 599 aui
850 529 934 584 carni
955 530 1042 603 hanc}
1049 534 1161 601 χείρων,
1177 532 1208 586 in
1224 534 1305 589 rebus
1326 536 1431 591 diuinis
1450 538 1583 608 deurior,
1600 539 1698 610 aliqua
1715 540 1784 604 fuit.
1812 538 1888 593 Idem

189 617 280 686 lepem
297 616 362 672 tulit
372 619 445 673 Deo.
467 616 681 687 chrysostomus
699 617 729 671 iu
745 633 861 673 sermon
874 616 910 671 do
928 631 1028 685 evang.
1039 608 1042 693 j
1053 614 1227 687 Nicephorus
1245 619 1292 675 lib.
1315 626 1355 676 11.
1378 621 1473 677 histor.
1497 639 1523 680 e.
1549 630 1588 680 ts.
1605 625 1642 680 de
1661 623 1801 695 Gregorio
1819 624 1889 695 Nys-

194 702 316 774 Nuptiuo
334 701 424 757 factes
443 707 508 757 sunt
523 708 590 759 ton.
608 709 639 758 5:
670 704 715 756 Ne
734 717 846 756 esaues
863 709 890 756 te
906 709 1028 772 propter
1039 748 1042 797 Ι
1053 717 1120 757 senc
1136 702 1235 759 Basilii
1251 705 1338 762 fratre
1355 706 1466 776 scribit,
1484 712 1562 778 quod
1577 710 1669 774 fuerit
1692 711 1743 765 aa
1762 717 1789 764 et
1808 727 1889 764 orna-

195 792 324 861 nuptias,
352 790 493 845 Dominus
515 790 623 859 nuptiis
648 789 793 857 interfuit,
821 796 847 843 et
864 796 895 842 tu
913 788 1027 857 nuptias
1053 799 1172 844 arentum
1192 792 1328 847 ccclesiae
1349 796 1511 865 Nyssenae,
1537 797 1582 850 nir
1600 797 1748 861 doctrina,
1767 798 1889 851 maribus

192 878 290 947 asperis
318 894 354 930 ac
381 876 468 945 cliens,
500 876 615 946 nuptias
638 880 681 931 aa
692 876 830 946 pietatem
852 875 1027 931 obstaculum
1054 881 1079 928 et
1098 877 1174 931 uitae
1192 880 1339 934 sanctitate
1356 889 1514 952 spectatus,
1543 891 1571 938 et
1594 885 1721 954 masau
1745 886 1889 954 conjupem

192 964 270 1019 esset
303 962 413 1017 nullum
442 961 515 1017 enirn
546 966 589 1017 act
613 962 749 1033 pictatem
778 969 818 1016 est
845 960 1028 1016 obstaculum.
1052 962 1194 1031 hahart,
1222 966 1305 1019 rebrss
1323 974 1415 1022 tamen
1441 969 1510 1023 aliu
1527 970 1620 1033 fratri
1635 971 1752 1025 minime
1768 973 1888 1027 caseri.

191 1049 278 1104 Ibid.:
315 1048 363 1103 Vis
391 1065 570 1118 capnoscere,
603 1051 680 1120 quad
716 1049 788 1104 nihil
818 1056 897 1103 nocet
924 1048 1026 1102 habere
1052 1047 1183 1116 Baptista
1200 1050 1371 1107 Mantuanus
1392 1053 1428 1108 dc
1446 1052 1555 1110 Hilario
1573 1062 1695 1112 nxcrsto
1712 1057 1805 1112 canit:

191 1150 305 1191 usonem
331 1142 357 1189 et
381 1136 492 1191 liberas.
535 1137 651 1204 Moyses
673 1152 763 1190 ncnrse
789 1150 903 1189 rnorem
929 1134 1026 1187 habuit
1264 1188 1271 1200 .
1316 1189 1350 1202 Η
1479 1190 1485 1203 .
1684 1194 1713 1207 ..

191 1229 217 1276 el
237 1222 361 1276 liberos!
394 1221 480 1275 Elias
498 1238 589 1276 nonne
609 1222 687 1291 sirpo
705 1223 788 1275 erat!
805 1236 895 1276 nonne
908 1221 1025 1289 Mapses
1105 1186 1172 1239 ΝΜ
1188 1196 1281 1241 '‘m“
1297 1189 1348 1243 Μ’
1361 1206 1521 1261 mimi&
1539 1209 1595 1247 Μ’]
1616 1195 1723 1249 atnam
1742 1210 1817 1247 ¹⁴1⁰?

189 1326 295 1363 manna
311 1325 327 1363 e
341 1308 418 1363 coela
430 1307 566 1362 sanans
583 1324 675 1362 nonne
690 1308 777 1363 Elias
794 1308 885 1377 ipnem
899 1309 935 1360 de
946 1306 1024 1360 coelo
1108 1272 1243 1341 Mimm
1262 1276 1411 1342 ⁶⁰”i““⁶²⁰
1429 1284 1491 1332 ²⁰r⁰
1510 1283 1562 1334 ete·

189 1396 324 1450 dodran!
348 1410 439 1449 nonne
455 1396 570 1463 illapsas
596 1395 751 1449 coturnices
778 1394 916 1449 aduolare
934 1393 1025 1457 fecit?
1052 1392 1097 1448 cui
1114 1409 1165 1449 nos
1181 1393 1350 1449 succinimus
1367 1396 1420 1451 hoc
1433 1395 1531 1453 modo:

188 1499 280 1537 nonne
308 1481 394 1537 Elias
417 1483 499 1535 uerbo
523 1482 630 1536 caelum
653 1481 777 1536 clausi!

800 1496 901 1579 ,mm
928 1481 1027 1547 ΜΨ
1123 1516 1277 1569 Sacrorum
1294 1534 1379 1571 curae
1398 1518 1501 1587 conjus
1519 1535 1575 1571 nan
1595 1519 1695 1588 objicit
1711 1520 1806 1575 ullum

190 1571 272 1623 Dera
294 1567 404 1622 locutus
429 1584 472 1636 es,
499 1583 591 1622 nonne
615 1574 640 1622 st
664 1584 726 1621 cum
752 1568 824 1622 Ena
848 1573 1026 1620 conversatus
1123 1602 1312 1665 obstaculum.
1330 1604 1357 1657 a.
1375 1604 1413 1656 m
1425 1603 1543 1673 pietatis
1560 1604 1661 1658 maa
1681 1606 1796 1675 mam,

191 1657 253 1710 estt
272 1672 310 1708 an
327 1653 423 1707 nocuit
441 1653 505 1707 huic
525 1653 692 1722 oirpinitas,
709 1670 748 1707 an
764 1653 812 1707 illi
830 1652 1026 1722 impedimento

188 1742 308 1807 fuerunt
335 1758 406 1795 esaar
436 1746 463 1794 et
490 1738 597 1794 liberi.²
625 1744 677 1796 eto.
696 1738 726 1793 in
744 1738 842 1794 Metth.
874 1737 947 1793 hom.
979 1742 1026 1792 56:

190 1826 353 1897 Prophetas
371 1826 486 1895 quidem
503 1840 597 1879 omnes
615 1832 768 1890 clusores,
788 1832 816 1878 st
835 1826 934 1878 domos
945 1824 1026 1878 habe·
1052 1824 1139 1881 Hisce
1157 1826 1275 1896 permoti
1293 1826 1407 1897 qnidam
1425 1844 1458 1883 ex
1484 1827 1552 1898 ipsis
1571 1830 1727 1884 Pontificiis
1746 1832 1793 1886 hie
1811 1833 1888 1888 nobis

191 1914 265 1981 bant,
285 1913 359 1967 sicut
369 1913 479 1967 Esaias
491 1917 517 1965 et
528 1911 659 1967 Bacchiel
672 1918 698 1965 et
710 1910 829 1966 eximius
840 1910 890 1965 ille
901 1911 1026 1979 hlopses,
1053 1912 1197 1983 aequiores
1214 1917 1286 1981 sunt,
1304 1911 1400 1968 Claud.
1419 1911 1596 1983 Espencseuo
1617 1932 1714 1971 comm.
1737 1918 1887 1974 l.'1'imcth.

190 2008 217 2056 et
236 2001 310 2056 nihil
327 2000 392 2053 hine
411 1998 617 2053 uirtutieorum
627 1997 687 2062 suit
700 1997 906 2067 impedimenta.
923 1997 953 2050 in
966 2002 1025 2053 c.l.
1054 2004 1078 2051 3.
1112 1998 1219 2053 scribit:
1255 2000 1380 2067 Nuptiae
1413 1999 1478 2053 lieet
1508 2000 1664 2069 plurimum
1706 2002 1889 2070 difficultatis

192 2089 288 2144 Rom:
323 2086 391 2140 Non
419 2091 458 2138 est
484 2084 613 2153 uaporis
643 2100 689 2137 res
716 2083 879 2153 conjrspium
906 2085 973 2137 bene
997 2098 1027 2135 se
1054 2084 1189 2150 habeant,
1217 2086 1259 2140 sic
1281 2093 1375 2141 tamen
1395 2088 1503 2141 assumi
1523 2096 1654 2156 possunt,
1684 2098 1715 2144 ut
1736 2092 1814 2145 sitae
1827 2109 1888 2162 per·

192 2174 304 2242 liabens,
321 2173 374 2226 sed
392 2170 445 2239 his,
465 2170 515 2238 qui
533 2186 564 2224 eo
581 2187 638 2224 nan
656 2177 782 2235 utuntur,
801 2178 831 2223 ut
849 2174 966 2239 oportet,
985 2169 1027 2223 in·
1053 2170 1169 2234 sectiari
1192 2171 1388 2240 impedimenta
1412 2190 1468 2226 non
1485 2174 1557 2242 sint,
1581 2192 1649 2229 raro
1675 2176 1744 2230 licet
1765 2186 1792 2230 et
1805 2178 1889 2249 plane

193 2275 373 2315 nummorum
391 2256 533 2311 malorum
550 2258 582 2321 tlt
593 2256 722 2311 materia.
752 2256 865 2309 Etenim
883 2255 932 2324 qni
942 2255 1028 2323 juata
1055 2255 1177 2321 difficile
1199 2258 1233 2310 itt
1257 2257 1303 2310 sit.
1352 2257 1464 2313 Berhol.
1484 2257 1657 2314 Cesssnneus
1675 2260 1705 2315 in
1723 2262 1808 2318 cstsl.
1823 2263 1888 2335 glor.

192 2362 332 2417 conpruus
358 2345 435 2413 lepes
460 2343 538 2397 illud
561 2343 704 2411 observat,
732 2344 844 2395 slomurn
871 2349 896 2395 et
915 2358 1027 2395 imorem
1055 2342 1151 2396 mundi
1174 2350 1247 2412 pert.
1277 2350 1300 2398 3.
1326 2343 1433 2400 consid.
1461 2350 1503 2399 41.
1519 2345 1622 2400 refellit
1639 2362 1700 2414 sos,
1729 2350 1779 2419 arsi
1796 2353 1888 2405 matri·

191 2452 272 2489 suam
289 2439 320 2485 ut
339 2430 478 2484 malorum
498 2428 621 2483 omnium
639 2428 852 2483 consolatricem
871 2445 904 2482 ac
924 2427 1027 2481 libera-
1055 2430 1177 2483 monium
1194 2430 1302 2484 homini
1319 2431 1348 2485 in
1367 2435 1563 2501 consequenda
1581 2434 1673 2488 salute
1693 2435 1889 2505 impedimento

190 2521 289 2576 tricem
303 2518 416 2591 reperit,
436 2517 478 2571 ita
493 2516 543 2585 qni
559 2524 659 2570 temere
671 2522 698 2569 et
715 2516 869 2583 culpas-iter
882 2516 956 2569 hanc
968 2530 1027 2569 rem
1056 2533 1115 2570 esse
1139 2518 1250 2585 nolunt,
1274 2534 1308 2572 sc
1333 2517 1431 2572 laudat
1456 2517 1558 2573 librum
1576 2518 1730 2591 Augustani
1746 2522 1835 2579 Dsthi
1857 2525 1889 2581 de

190 2607 366 2679 apprestitur,
386 2606 531 2674 inpressas
548 2603 579 2656 in
597 2605 710 2656 domum
727 2603 859 2672 scopulos
879 2610 904 2656 et
929 2608 1028 2671 petras
1055 2603 1200 2659 connubiis
1226 2609 1347 2659 sanctor.
1369 2603 1505 2687 enemo,
1528 2606 1558 2660 in
1581 2607 1699 2665 consult.
1727 2616 1780 2664 art
1800 2616 1842 2671 23,
1857 2613 1888 2668 de

189 2694 300 2749 videbit.
322 2691 351 2745 in
369 2708 393 2746 c.
416 2696 454 2746 16.
472 2690 568 2745 Rom:
603 2689 683 2743 Licet
702 2696 729 2743 et
747 2690 786 2752 ei,
810 2688 860 2757 qni
882 2690 912 2741 in
930 2690 1027 2742 matri·
1055 2689 1151 2745 coelib.
1170 2690 1276 2747 sacerd.
1303 2709 1330 2761 p.
1355 2696 1416 2747 197:
1433 2693 1490 2746 Res
1503 2692 1533 2746 in
1543 2693 1887 2764 plerispucsacerriotitus

190 2780 284 2835 monia
303 2786 363 2847 est,
392 2793 451 2830 esse
470 2776 632 2844 ploricsum.
661 2776 689 2829 in
713 2782 733 2833 1.
753 2774 822 2829 Tim.
842 2781 866 2830 3.
885 2774 957 2829 hom.
982 2776 1095 2830 10:1ita
1113 2784 1295 2846 comparatae
1312 2783 1384 2841 sunt,
1404 2784 1435 2831 ut
1453 2780 1602 2849 conjupum
1617 2780 1735 2849 piarum
1754 2786 1888 2839 consorte

191 2866 367 2929 limitum,
385 2863 436 2932 aui
451 2878 565 2917 usorem
584 2862 683 2930 habet,
710 2862 794 2930 qaam
810 2878 866 2915 non
883 2860 1027 2915 habentem
1054 2880 1110 2916 nan
1125 2864 1208 2917 strada
1226 2862 1443 2933 adjunctiones
1460 2865 1664 2920 cccksintious
1675 2867 1823 2924 absumtos
1837 2890 1889 2926 soa

190 2968 258 3017 esse,
274 2952 340 3007 licet
359 2966 422 3003 eom
439 2964 500 3003 rern
517 2947 629 3003 honeste
646 2964 681 3002 ac
700 2947 778 3002 licite
788 2963 899 3018 capere,
919 2948 948 3000 si
965 2948 1028 3017 quis
1055 2948 1258 3017 tripertiuntur,
1285 2951 1337 3002 ssd
1361 2950 1446 3004 etiam
1472 2953 1514 3005 acl
1544 2969 1641 3006 earum
1660 2958 1889 3023 procurationem

190 3038 264 3093 uelit.
315 3037 554 3101 Quemadmodum
585 3034 659 3089 enim
691 3033 808 3089 disiice
846 3034 969 3100 difficile
998 3034 1028 3087 in
1055 3034 1225 3102 adjuventur
1250 3035 1286 3087 ab
1315 3035 1369 3099 eis,
1398 3039 1634 3106 quernastmacium
1662 3041 1698 3095 de
1729 3050 1817 3111 patre
1841 3062 1887 3100 sse

190 3142 307 3195 repnum
325 3124 468 3178 cadorum
487 3122 686 3186 introducunt,
715 3138 799 3191 saepae
817 3127 916 3188 ,tamen
935 3121 968 3175 id
985 3120 1028 3173 cti·
1058 3119 1200 3187 Greporio
1225 3128 1251 3174 et
1279 3127 1367 3173 matre
1386 3122 1492 3175 Nomia
1513 3121 1670 3193 Greparr‘su
1694 3128 1888 3185 Nonianum

191 3212 261 3265 ntes
284 3210 408 3279 plurimi
435 3207 558 3279 inpressi
582 3215 667 3278 sunt,-
698 3207 741 3261 ita
773 3215 801 3261 et
821 3207 939 3277 nuptiae
964 3206 1029 3261 licet
1055 3213 1181 3261 testatur.
1225 3212 1249 3262 6.
1275 3206 1351 3261 Dum
1376 3206 1446 3261 illud
1465 3206 1715 3281 Hieronymisnum
1738 3222 1888 3287 urgenter

193 3296 375 3362 difficultatis
401 3296 432 3350 in
460 3312 489 3350 se
514 3295 671 3365 plurimum
699 3294 833 3361 babeant,
863 3294 905 3348 ita
936 3274 1216 3349 tamen'inculcuntz.
1230 3292 1357 3362 Nuptiae
1373 3294 1482 3363 reptent
1498 3302 1612 3366 terram,
1632 3297 1785 3367 vispinitas
1800 3320 1887 3373 para·

194 3383 301 3439 assumi
321 3389 455 3453 possunt,
484 3389 514 3435 ut
537 3380 709 3451 perfectiori
733 3381 807 3435 ritae
833 3381 1027 3450 impedimento
1057 3381 1157 3435 cluam.
1195 3378 1293 3435 Abbus
1316 3380 1345 3433 in
1368 3396 1392 3434 c.
1421 3396 1484 3435 cum
1510 3381 1574 3436 olim
1591 3400 1617 3437 x.
1637 3384 1673 3439 de
1691 3385 1760 3443 cler.
1779 3390 1886 3460 conjug.

194 3488 250 3525 nors
278 3468 344 3524 sint.
371 3467 400 3520 in
421 3483 446 3522 c.
466 3473 491 3523 5.
509 3466 593 3522 Hebr.
621 3466 694 3520 hom.
724 3473 754 3520 l:
782 3467 816 3520 Si
843 3467 1029 3521 beatitudines
1057 3466 1157 3520 Petrus
1176 3469 1289 3537 Gregor.
1315 3465 1375 3522 libr.
1399 3472 1441 3522 to.
1464 3474 1514 3523 art.
1531 3467 1629 3524 mirub.
1653 3487 1679 3528 e.
1700 3477 1748 3530 14:
1776 3476 1887 3530 Jussum

1122 1689 1261 1756 Adiutrin
1275 1690 1371 1760 patius
1389 1691 1512 1744 dicenda
1529 1707 1562 1744 es
1580 1707 1630 1744 ore
1647 1691 1784 1746 Jshocas.

195 3557 265 3611 salis
292 3553 436 3609 monacbis
464 3553 557 3606 dictae
582 3560 659 3617 sunt,
686 3552 843 3607 seculorem
866 3560 958 3606 artem
983 3554 1029 3607 ho·
1056 3552 1167 3621 nitidem
1186 3560 1226 3606 est
1244 3552 1409 3617 learninibus,
1429 3555 1496 3608 dum
1512 3556 1632 3608 rausidus
1659 3559 1888 3629 multiplicandus

195 3642 297 3697 rninsm
315 3639 487 3709 impossibiie
500 3645 540 3692 est
557 3654 604 3693 ests
622 3637 749 3708 implere,
768 3638 902 3708 cumipse
918 3640 1030 3708 nrsptias
1057 3646 1142 3707 esset,
1168 3646 1198 3693 ut
1223 3646 1377 3693 crescerent
1407 3646 1432 3693 et
1462 3640 1736 3711 multiplicarentur,
1765 3656 1797 3701 ot
1819 3666 1887 3703 nunc

188 3729 293 3799 jussit,
322 3727 383 3796 ipse
411 3742 479 3795 erpo
507 3741 600 3779 amnes
622 3724 762 3797 perdidit.
811 3725 846 3779 Si
872 3726 945 3780 enim
973 3742 1029 3780 non
1056 3726 1126 3779 satis
1142 3725 1251 3794 repieta
1268 3733 1348 3779 terra
1367 3727 1503 3795 coniverit,
1523 3735 1550 3780 st
1568 3727 1676 3783 coelum
1693 3732 1812 3801 repleri.
1841 3735 1887 3789 At·

191 3823 285 3887 potest
319 3831 352 3868 ea
382 3830 445 3866 cunt
477 3813 597 3883 nuptiis,
624 3829 695 3884 qnae
725 3814 923 3867 monachorum
957 3813 1105 3885 &antiqui
1134 3817 1166 3866 ut
1192 3812 1231 3882 pii
1258 3814 1391 3883 conjuges
1413 3812 1588 3869 matrimonio
1618 3820 1693 3871 recte
1718 3824 1829 3876 utentes
1856 3838 1886 3877 ts

195 3902 327 3973 implere,
359 3901 453 3954 amnia
480 3901 626 3971 perierunt
654 3908 680 3953 ct
699 3908 834 3969 corrupto
851 3908 929 3969 sunt,
957 3901 1030 3955 etin
1057 3899 1160 3954 liberos
1190 3899 1219 3953 in
1247 3899 1394 3969 discipline
1421 3906 1449 3956 ct
1478 3900 1666 3959 admonitione
1682 3904 1798 3961 Domini
1827 3908 1888 3963 edu·

196 3995 343 4059 anensium
361 3987 497 4041 conclusit
517 4003 559 4053 ca,
578 4002 651 4055 artae
667 3987 779 4040 uirtutis
796 3994 869 4042 sunt.
905 3988 945 4040 Et
963 4006 1030 4059 quo·
1057 3994 1152 4040 cantes
1178 4003 1233 4040 non
1257 3985 1346 4041 solum
1371 3992 1488 4052 tcrrsnr,
1519 3989 1569 4043 sed
1594 3989 1678 4045 etism
1699 3992 1846 4049 ecclesium
1862 4000 1889 4049 et

194 4078 280 4131 mado
300 4074 478 4129 honorabiles
491 4080 556 4127 sunt
569 4073 683 4142 nuptiae
703 4081 729 4127 et
738 4080 817 4128 torus
827 4074 1031 4139 immaculatus,
1058 4076 1259 4143 consequenter
1284 4072 1392 4129 coelum
1413 4074 1543 4146 implent,
1566 4076 1632 4131 dum
1659 4076 1764 4135 liberos
1780 4098 1830 4153 per
1845 4081 1889 4137 bs·

195 4165 224 4217 si
241 4180 292 4218 nas
310 4168 456 4231 tantopere
480 4160 659 4229 impediunt!
684 4160 754 4231 quid
779 4161 868 4228 erpo!
892 4161 1029 4231 passibile
1058 4160 1189 4229 ptismum
1208 4158 1317 4215 Christo
1351 4160 1471 4215 offerunt
1502 4169 1529 4217 et
1560 4162 1597 4217 nd
1626 4163 1741 4234 pietatis
1771 4168 1889 4224 studium

197 4258 238 4305 est
265 4257 292 4303 et
315 4248 401 4302 valde
414 4247 566 4319 passibile,
597 4246 683 4301 etiam
707 4246 837 4299 habentes
856 4263 957 4301 arares
975 4246 1031 4300 oir-
1058 4244 1154 4299 sedulo
1173 4244 1337 4315 informent,
1365 4247 1405 4302 sic
1422 4254 1552 4318 coactus,
1570 4250 1781 4321 superstitiosus
1798 4261 1827 4309 et
1842 4254 1887 4308 irn-

197 4345 281 4391 tutcm
294 4334 421 4405 appredi,
438 4334 466 4386 si
481 4332 657 4387 uoluerimus.
678 4331 842 4396 Qomoaot
857 4332 884 4387 si
902 4332 1031 4388 habentes
1058 4349 1145 4402 purus
1165 4331 1317 4388 coelibatus
1338 4338 1440 4387 terrum
1457 4334 1559 4404 spuriis
1588 4341 1629 4400 et,
1649 4337 1703 4391 nisi
1722 4340 1889 4409 poenitentis

198 4432 334 4493 tanquam
351 4438 408 4475 non
426 4419 557 4474 habentes
572 4419 674 4488 simus,
691 4418 719 4473 si
736 4436 792 4472 non
809 4421 983 4487 pensitamus
1001 4420 1032 4474 in
1059 4421 1202 4489 sequntur,
1221 4418 1360 4473 internum
1376 4418 1536 4475 hominibus
1556 4421 1693 4478 damnatis
1713 4425 1812 4496 replet
1848 4426 1889 4482 Pii

197 4510 255 4574 his,
281 4525 353 4579 quae
368 4505 562 4578 possidemus,
589 4506 616 4559 si
634 4507 738 4560 mundo
759 4513 872 4559 tutamur
900 4514 1031 4576 tanquam
1059 4503 1242 4576 patriarchas,
1260 4504 1446 4573 Abrahamus,
1459 4507 1580 4573 Isuucus,
1598 4507 1739 4577 lacobus,
1753 4511 1890 4584 «Iosephus

198 4614 254 4650 rron
277 4594 418 4649 trabentes.
466 4591 502 4648 Si
524 4597 616 4645 autem
638 4591 731 4661 aliqui
759 4592 891 4660 impartiti
913 4601 978 4647 sunt
1002 4598 1112 4711 euicto.
1140 4609 1196 4646 non
1219 4597 1322 4646 terram
1348 4595 1473 4658 tuntum,
1500 4594 1653 4649 sedetiam
1671 4596 1782 4653 caelum
1799 4599 1828 4654 in
1845 4616 1891 4654 suo

198 4682 319 4751 nuptiis,
340 4679 446 4747 sciant,
469 4677 603 4747 ursoniam
631 4695 688 4731 nan
705 4678 819 4748 nuptiae
837 4679 898 4735 ullis
916 4680 1033 4750 impedi·
1060 4679 1190 4750 conjugio
1207 4679 1392 4749 repleverunt,
1411 4696 1462 4734 noc
1479 4679 1569 4735 minue
1588 4679 1670 4736 hodie
1692 4683 1816 4741 coelibes
1840 4684 1892 4741 fide

198 4774 318 4821 mentum
342 4768 472 4835 fuerunt,
499 4766 552 4818 sed
577 4764 719 4833 voluntas,
745 4782 818 4834 quae
844 4766 918 4821 male
946 4767 1035 4821 utitur
1060 4766 1089 4819 in
1107 4764 1247 4821 Christum
1265 4764 1412 4835 justificari
1429 4771 1458 4821 et
1475 4766 1577 4820 salvari
1595 4774 1705 4838 oportet
1730 4786 1816 4841 quum
1833 4790 1892 4829 con·

199 4853 313 4922 nuptiis.
357 4854 434 4908 Nam
456 4866 545 4921 nepus
567 4849 662 4905 rinrsm
678 4852 756 4916 facit
780 4852 954 4922 ebrietatem,
983 4852 1171 4921 sert!jugstos
1196 4851 1232 4907 V.
1257 4850 1290 4906 T.
1316 4868 1371 4905 non
1394 4850 1467 4905 enim
1490 4850 1644 4907 coelibatus
1667 4854 1712 4908 vel
1735 4858 1892 4930 conjugium

200 4939 279 4994 mala
299 4939 428 4994 noluntas
445 4945 471 4993 et
489 4954 617 4992 secessus
628 4938 840 4995 moderationis.
875 4940 954 4993 Utere
972 4934 1049 4993 eum*
1058 4936 1203 5008 justificet,
1223 4938 1272 4994 sod
1289 4937 1359 4993 lidos
1376 4937 1407 4991 in
1423 4935 1570 5007 Christum,
1588 4955 1661 5011 quse
1675 4941 1786 4996 coelum
1809 4944 1893 5015 replet

201 5025 392 5080 moderatione
418 5024 526 5095 nuptiis
554 5031 580 5078 et
602 5024 716 5094 primns
749 5026 806 5080 eris
832 5025 863 5078 in
895 5042 982 5095 repno
1010 4998 1089 5079 niet
1109 5040 1204 5080 omnes
1224 5024 1365 5094 serapias
1385 5041 1472 5078 unum
1496 5024 1525 5078 in
1544 5024 1655 5081 Christo
1677 5025 1763 5101 facit,
1795 5036 1828 5085 ut
1846 5046 1894 5085 nee

202 5110 327 5166 amnibus
346 5112 455 5175 frueris
473 5111 560 5167 banis
591 5110 670 5167 Idem
682 5110 745 5165 sdv.
757 5110 908 5182 vituperet.
920 5117 1036 5166 monost.
1061 5110 1219 5181 virginitas,
1251 5127 1303 5165 nec
1333 5110 1495 5181 conjugium
1519 5127 1612 5166 corum
1631 5111 1693 5168 Deo
1709 5114 1746 5169 sd
1760 5114 1893 5186 jusanu-

203 5199 254 5255 vit.
271 5196 334 5251 libr.
353 5202 380 5253 3.
421 5199 460 5251 Et
479 5198 629 5253 monachos
654 5205 682 5252 et
700 5198 843 5253 statiores
864 5198 979 5268 pariter
996 5201 1036 5252 aa
1061 5199 1165 5254 tionem
1184 5197 1219 5251 sit
1238 5198 1360 5269 aliquid,
1379 5197 1428 5253 sed
1445 5197 1514 5252 fides
1532 5215 1582 5269 per
1600 5198 1779 5257 dilectionem
1796 5201 1894 5259 efficax

204 5300 363 5356 supremum
381 5284 568 5353 perfectionis
593 5284 743 5355 fastipium
755 5301 813 5353 per
829 5283 942 5339 AEoinas
962 5286 1036 5354 lepos
1062 5291 1091 5342 et
1108 5300 1180 5339 nova
1196 5284 1225 5339 in
1245 5282 1356 5341 Christo
1375 5289 1509 5340 creature.
1552 5284 1651 5341 Nihilo
1673 5288 1768 5358 mapie
1790 5288 1896 5359 (mribu

205 5372 277 5441 copi,
303 5367 402 5425 scribit
424 5367 591 5424 sozomenus
616 5369 664 5427 lib.
687 5377 710 5427 1.
729 5387 752 5426 c.
775 5375 814 5426 11.
864 5369 1037 5441 Nicephorns
1063 5372 1162 5428 lustus
1187 5372 1274 5426 Jonas
1301 5371 1330 5426 in
1357 5369 1417 5425 libr.
1445 5369 1493 5440 qui
1513 5371 1636 5428 continet
1659 5371 1765 5429 nesus.
1785 5376 1895 5448 conjug.

85 5444 144 5488 m·
157 5446 192 5489 ²⁰·
204 5456 268 5513 libr.
289 5462 313 5513 8.
331 5455 426 5510 histor.
443 5470 466 5509 c.
480 5460 522 5511 42.
537 5455 572 5509 de
586 5455 733 5527 Spiridone
744 5456 886 5528 episcopo:
904 5458 1037 5513 Rusticus
1064 5458 1171 5515 sacerd.
1205 5464 1300 5513 contra
1324 5457 1460 5525 Februm)
1489 5456 1573 5512 hostie
1600 5465 1724 5530 tempore
1758 5462 1897 5533 eranqelii
