4020 6022
794 258 847 318 DE
865 258 1065 322 CONJUGIO.
1706 274 1766 335 365

74 426 123 484 est,
143 417 216 472 sien
233 416 373 472 Dammae
389 418 451 487 s'pm
467 417 497 471 s'n
517 418 662 487 esanpels'o
681 417 825 483 diffinivit.
843 416 911 470 sinit
923 418 926 483 Ι
937 423 965 472 et
978 418 1093 473 aliorum
1106 415 1187 473 dictis
1199 435 1249 473 suo
1260 416 1320 475 loco
1334 420 1541 477 demonstratur.
1580 427 1604 477 2.
1622 420 1665 477 Ex
1683 424 1767 496 patri·

74 512 166 557 autem
194 502 339 573 Ctrs'stsss,
366 502 414 557 eui
434 520 511 557 mors
533 504 610 558 altra
633 522 689 559 non
714 500 988 570 dominabimr,ibus
1006 521 1062 559 non
1079 509 1171 575 potest
1196 505 1297 577 aliquis
1314 505 1379 562 lidsi
1398 507 1531 563 articulus
1550 524 1601 562 nac
1624 508 1767 586 διάταγμα

74 607 148 659 qaae
166 606 232 657 erpo
256 589 417 658 eonjugium
435 590 498 656 ejas
522 591 620 660 clepit,
646 592 674 644 si
696 591 803 646 homini
819 589 912 654 natat
923 598 926 615 ¹
937 590 1077 661 quoddam
1090 590 1220 662 generals
1234 591 1285 647 sub
1298 592 1456 648 conditione
1474 600 1603 650 aeternae
1615 595 1766 652 damnatio-

74 677 209 731 adaltera
228 683 278 731 est.
317 676 371 740 Qui
389 676 572 742 lenedicent,
591 686 671 732 acrae
687 686 830 732 mouentur
850 676 910 746 pai-
936 677 979 730 nis
998 677 1028 731 in
1047 681 1105 732 tota
1129 677 1248 733 ecclesia
1265 677 1467 734 observandum
1491 680 1606 749 deduci,
1632 683 1686 736 nisi
1705 699 1765 753 per·

74 767 153 833 dem,
177 766 229 818 sed
243 782 347 836 param
366 765 512 817 attendant
541 765 613 819 tunc
637 764 910 833 arpamentats'oncm,
923 763 1034 837 jspicua
1053 767 1082 817 et
1097 763 1211 819 immota
1228 765 1288 836 ejus
1307 766 1346 820 rei
1365 764 1547 822 fundamenta
1564 784 1598 822 aa
1617 768 1766 840 Scripturis

74 858 182 920 quiante
199 866 296 905 rernm
308 857 442 919 sequatur
460 851 632 907 absurditas.
668 850 736 905 Cum
755 852 828 905 enim
848 846 1121 921 lau-lproferantar.
1151 850 1315 923 Idemergo,
1333 853 1408 923 quod
1427 851 1596 908 Athanasius
1609 854 1714 913 inlibr.
1731 856 1767 911 de

73 937 210 991 dabsls'ter⁸
229 937 312 989 etiam
335 937 441 990 vivente
462 937 523 990 viro
549 955 582 991 en
605 939 666 1008 ejas
688 954 823 993 consensa
847 954 910 991 con-
937 942 1005 992 serit.
1043 936 1161 1006 Dionys.
1191 936 1303 992 Arianis
1330 938 1367 992 ad
1397 939 1572 1011 antiquitatis
1603 957 1766 996 consensum

74 1023 221 1078 timentium
250 1024 359 1084 femina
386 1024 498 1080 Christo
527 1032 635 1094 voveat,
666 1026 728 1095 jam
759 1026 911 1079 seecundum
936 1021 1150 1093 provocantibus
1168 1023 1316 1093 opposuit,
1340 1023 1494 1081 Pontificils
1512 1043 1562 1082 nos
1581 1024 1767 1083 obtendimus.

73 1110 191 1164 istorum
218 1110 354 1165 rationem
378 1110 460 1164 nulla
479 1111 531 1164 loc
547 1111 753 1176 lucernata,
770 1127 804 1164 ue
819 1112 911 1181 ipsam
943 1108 1073 1162 Videntes
1088 1108 1216 1180 (inquit),
1238 1126 1268 1163 se
1290 1110 1363 1165 nihil
1385 1129 1470 1181 posse
1488 1129 1522 1166 ea
1547 1112 1697 1183 Scriptura
1709 1131 1767 1184 pro

76 1196 226 1260 Gerasam,
245 1197 323 1265 qaod
340 1195 443 1248 sentire
461 1197 547 1259 nefas
564 1205 613 1264 est,
633 1196 792 1249 aduiteram
807 1194 912 1264 faeiat,
936 1212 989 1248 saa
1007 1193 1138 1263 opinione
1158 1194 1269 1262 tabem,
1288 1198 1329 1249 ad
1344 1203 1442 1265 patres
1459 1214 1489 1251 se
1507 1206 1676 1265 convertant,
1695 1200 1768 1253 siccat

76 1282 125 1334 cai
140 1282 246 1336 memte
263 1282 325 1335 viro
343 1281 427 1334 nabit.
461 1283 573 1337 Deinde
591 1300 653 1338 cum
668 1285 780 1355 primae
796 1283 911 1353 nuptiae
935 1281 1110 1350 praedones,
1133 1298 1195 1333 cam
1215 1283 1250 1334 de
1267 1283 1371 1336 stadiis
1388 1285 1448 1337 sais
1467 1284 1539 1338 anais
1557 1286 1692 1351 audiant,
1717 1287 1769 1347 fin-

74 1368 202 1421 melioris
221 1368 276 1421 sint
288 1368 384 1421 meriti
401 1384 486 1436 qnam
497 1370 644 1433 secandae,
663 1367 745 1437 adsit,
756 1376 787 1422 at
799 1374 909 1422 sancta·
937 1373 1004 1436 punt
1022 1366 1076 1418 sibi
1093 1367 1182 1420 socios
1195 1368 1302 1436 probos
1326 1377 1353 1423 st
1370 1372 1508 1424 medates
1528 1379 1554 1424 et
1572 1372 1644 1424 sicat
1660 1370 1771 1425 Judaei

75 1473 139 1508 rtem
156 1455 307 1509 viduarum
326 1456 378 1508 iste
395 1456 432 1508 sit
449 1472 556 1524 sensus,
573 1463 605 1509 nt
625 1456 752 1510 Christus
767 1456 911 1508 enuiden-
940 1451 1090 1521 Scriptum
1108 1454 1229 1507 conaus·
1247 1457 1289 1508 ud
1301 1462 1413 1523 pan-em
1433 1457 1579 1511 Abrabam
1596 1458 1767 1526 confapium.

78 1550 125 1595 tur
144 1542 228 1609 pressi
243 1543 380 1595 secernam
397 1542 524 1597 murittae.
565 1543 664 1611 Ipsam
682 1541 754 1595 enim
776 1541 911 1595 trabebant
938 1545 962 1594 3.
987 1537 1028 1591 Ex
1054 1538 1131 1593 nullo
1154 1539 1262 1610 piorum
1288 1545 1412 1595 veterum
1442 1542 1545 1612 scripto
1572 1543 1690 1615 φορτικὰ
1716 1544 1769 1599 ista

78 1635 216 1695 etentes,
236 1630 351 1696 assando
370 1629 439 1681 siris
456 1629 516 1682 suis
529 1628 656 1699 fideliter
675 1628 833 1681 serviebant
850 1627 910 1680 sut·
940 1624 1115 1699 ἀκούσματα,
1142 1642 1214 1697 quae
1232 1626 1314 1682 hodie
1334 1626 1470 1682 Pontificii
1489 1636 1682 1701 propugnant,
1707 1646 1769 1701 pro·

80 1715 158 1767 ditae
179 1731 234 1765 non
254 1714 422 1778 carnaliter,
449 1717 503 1768 seri
529 1714 716 1785 spiritualiter
733 1713 838 1783 cimam,
866 1714 913 1766 cai
937 1712 1004 1768 ferri
1021 1719 1070 1767 aut
1089 1713 1271 1767 demonstrari
1289 1719 1428 1784 poterunt,
1448 1715 1521 1786 quod
1540 1717 1652 1787 gratim
1671 1734 1768 1788 pecca·

78 1800 198 1853 ecclesia
215 1799 295 1868 ipsa,
320 1801 402 1867 majas
414 1802 537 1854 membra
555 1808 627 1865 ssent,
647 1801 749 1870 conjura
767 1808 819 1868 est,
840 1814 910 1868 puae
937 1786 996 1854 tuln
1014 1799 1051 1854 sit
1069 1804 1133 1870 post
1150 1805 1245 1855 votum
1258 1798 1362 1855 nubere
1379 1816 1462 1871 quam
1480 1800 1619 1872 fornicari,
1639 1804 1769 1875 quodque

77 1884 154 1951 fidei,
171 1886 239 1954 spei,
258 1885 387 1939 caritatis
404 1887 567 1955 inteprs'tate
585 1905 642 1942 non
659 1888 689 1940 in
705 1887 776 1941 sota
793 1885 911 1954 uirgini·
937 1890 1072 1957 praestet,
1097 1891 1129 1939 ut
1154 1884 1277 1940 romnus
1299 1886 1438 1941 continere
1464 1903 1520 1942 non
1542 1888 1637 1944 valens
1660 1898 1768 1944 centnm

77 1973 128 2025 brus
144 1973 256 2041 sanetus,
274 1973 326 2025 sed
345 1972 427 2025 rts'csm
441 1973 471 2027 in
489 1973 584 2027 uideris
599 1981 624 2028 et
641 1975 801 2044 conjugatis
814 1972 910 2040 fideli·
937 1973 1036 2026 lateas
1061 1971 1242 2040 concubinas,
1269 1987 1303 2026 ex
1326 1971 1421 2027 ordine
1439 1980 1532 2029 umen
1558 1979 1586 2029 et
1604 1976 1767 2043 successive,

76 2061 127 2112 tus
157 2065 217 2112 tota
245 2059 323 2127 sirpo
356 2066 404 2114 eet.
460 2060 610 2115 Universae
638 2061 741 2130 erumpe
768 2060 910 2129 ecclesiae,
936 2075 1019 2131 quam
1050 2057 1073 2111 si
1102 2074 1185 2112 unam
1216 2056 1367 2128 legitimam
1398 2057 1501 2115 babeat
1526 2077 1645 2118 uxorem.
1689 2068 1713 2119 4.
1734 2061 1766 2116 ln

77 2146 159 2216 cttjtoe
176 2146 246 2199 illae
265 2147 387 2199 membre
401 2154 472 2214 sant,
491 2147 637 2215 apostolus
656 2147 733 2211 dicit,
753 2146 853 2215 aptavi
861 2164 911 2200 sos
936 2145 1053 2200 ecclesia
1068 2144 1210 2215 primitiva
1227 2145 1394 2217 apostolicae
1417 2146 1509 2201 vicina
1526 2147 1648 2202 nondum
1669 2149 1764 2203 usitati

77 2231 130 2285 ani
145 2230 207 2284 ciro
223 2231 359 2299 uirginem
383 2240 490 2286 castam
514 2233 640 2286 exhibere
667 2233 786 2288 Christo.
825 2232 912 2287 Nun
937 2238 1016 2288 erant
1032 2230 1124 2302 laquei
1144 2237 1284 2300 votorum,
1308 2232 1357 2287 sed
1384 2232 1500 2304 simplex
1519 2234 1685 2305 virginitatis
1705 2253 1768 2306 pro-

78 2326 172 2372 antem
192 2318 249 2383 ille,
267 2320 412 2389 conjnpem
428 2319 564 2388 sirpinem
583 2321 643 2374 sine
657 2319 835 2390 casusptione
850 2320 912 2385 foe·
936 2318 1019 2373 fessio
1038 2333 1070 2372 ac
1089 2317 1150 2372 Deo
1170 2316 1246 2372 facta
1271 2319 1442 2373 consecratio
1466 2320 1493 2373 in
1518 2322 1642 2391 personis
1662 2322 1767 2377 idoneis

79 2411 154 2472 tare,
172 2419 253 2472 mam
270 2404 299 2456 in
324 2404 387 2473 ipsa
412 2406 496 2459 etiam
519 2423 605 2460 came
626 2407 719 2475 potuit
740 2414 830 2460 mater
851 2405 912 2458 sine
936 2404 1148 2475 acceptabatur,
1186 2420 1204 2459 a
1240 2421 1296 2476 qua
1328 2422 1359 2461 re
1389 2406 1430 2460 ita
1464 2407 1592 2478 exigente
1627 2408 1769 2463 discedere

80 2490 258 2560 corruptione
281 2508 442 2560 procreare.
489 2491 567 2547 Haec
594 2492 784 2563 Augustinus,
806 2508 877 2562 quas
895 2506 912 2545 a
937 2492 1076 2563 integrum
1098 2496 1164 2559 erat,
1184 2496 1217 2546 nt
1235 2508 1269 2547 ex
1286 2492 1413 2556 Justino,
1432 2492 1612 2562 Tertulliano,
1629 2493 1769 2565 Cypriane

80 2576 215 2632 Gratiam
231 2575 260 2629 in
275 2576 323 2647 jas
339 2578 502 2633 canonicum
516 2585 582 2634 suat
598 2580 694 2635 relata.
707 2595 731 2633 c.
743 2577 909 2650 Nuptiarum
939 2584 991 2633 etc.
1010 2584 1127 2645 constat,
1146 2578 1176 2631 in
1196 2576 1298 2650 quibus
1317 2578 1424 2634 nullum
1444 2580 1564 2635 solennis
1577 2581 1695 2651 alicujus
1713 2582 1769 2638 soti

84 2671 125 2721 27.
144 2681 172 2735 q.
194 2669 216 2720 1.
249 2661 360 2735 Cogitet
379 2680 444 2720 vero
462 2665 588 2738 quilibet,
610 2682 692 2738 quam
703 2669 911 2735 praeposterum
937 2663 1085 2735 vestigium
1109 2664 1243 2733 occurrit,
1277 2680 1425 2736 progressu
1455 2666 1587 2736 temporis
1610 2667 1711 2721 sensim
1736 2684 1769 2723 ac

80 2749 204 2804 futurum
242 2749 292 2813 sit,
326 2750 497 2821 aspirituali
529 2750 579 2806 illa
608 2750 820 2822 desponsatione
849 2766 912 2804 cum
938 2749 1056 2804 subinde
1075 2751 1163 2820 major
1182 2750 1300 2804 accessit
1319 2750 1450 2805 serentes
1469 2768 1501 2805 ac
1521 2753 1670 2822 asperitas,
1697 2770 1769 2825 quae

81 2834 191 2889 Cbristo
210 2836 269 2906 pios
284 2838 418 2908 conjuges
430 2836 501 2892 velle
517 2836 672 2905 excludere,
692 2854 755 2893 cum
772 2836 913 2908 apostolus
939 2837 969 2890 in
987 2834 1133 2890 Pontificia
1152 2836 1268 2891 ecclesia
1285 2837 1397 2891 tandem
1417 2838 1527 2908 penitus
1546 2838 1575 2891 in
1592 2837 1769 2909 tyrannidem

81 2922 203 2992 plumat
222 2922 501 2995 castumconjugium
515 2929 647 2994 tanquam
661 2923 804 2995 speculum
819 2924 913 2979 arctis·
940 2922 1025 2986 abiit,
1055 2922 1095 2975 ita
1125 2928 1156 2977 at
1182 2927 1297 2995 peccata
1327 2926 1424 2977 contra
1445 2930 1573 2978 naturam
1596 2924 1625 2978 in
1657 2925 1771 2981 rotariis

82 3010 168 3063 simae
198 3008 401 3080 conjunctionis
428 3014 456 3065 et
481 3008 687 3082 flagrantissimi
714 3010 815 3066 amoris
843 3011 913 3065 inter
940 3010 1032 3081 potius
1057 3009 1160 3064 merim
1185 3008 1358 3063 dissimulata
1384 3026 1466 3080 quam
1485 3010 1555 3081 legis
1575 3010 1658 3081 hujus
1678 3013 1769 3084 gratia

83 3094 222 3149 Christum
235 3102 264 3150 et
281 3095 425 3151 ecclesiam
443 3095 522 3151 uobis
535 3101 671 3169 proponat
684 3097 786 3169 Ephes.
796 3105 820 3167 5,
834 3116 859 3151 v.
871 3102 912 3153 ³2.
939 3096 1028 3167 facta,
1046 3102 1077 3151 ut
1099 3095 1255 3151 Cassander
1274 3102 1397 3152 testatur.
1435 3103 1458 3151 5.
1477 3092 1685 3166 Fundamenta,
1710 3100 1769 3171 qui·

83 3198 115 3236 sc
135 3181 250 3253 proinde
268 3181 307 3254 pii
326 3184 460 3255 conjuges
487 3184 580 3237 rivum
601 3183 675 3239 illius
694 3183 914 3256 desponsationis
939 3183 993 3239 bus
1011 3188 1120 3255 patrum
1146 3182 1284 3237 sententia
1300 3182 1412 3252 nititur,
1435 3182 1545 3254 ipsimet
1567 3184 1684 3238 invicem
1705 3184 1770 3239 sub·

84 3268 260 3323 simulacrum
295 3269 324 3323 in
355 3285 385 3324 ss
422 3268 488 3339 ipsis
523 3269 725 3325 circumferant.
780 3269 912 3334 Breviter,
939 3274 1031 3323 ruunt
1074 3266 1226 3341 Historiam
1257 3268 1292 3323 de
1321 3267 1480 3340 virginitate
1506 3268 1628 3325 Tbeclas
1655 3270 1771 3341 virginis

83 3353 220 3426 spirituali
239 3354 278 3408 illi
302 3355 506 3426 desponsationi
527 3372 582 3410 uon
603 3364 781 3428 opponuntur
799 3356 913 3427 nuptiae
939 3355 1091 3411 Iconisnsis
1115 3360 1199 3426 (quas
1224 3353 1335 3410 Tamiro
1359 3354 1470 3410 cuidam
1495 3356 1660 3428 desponsata
1679 3357 1769 3425 fuerit,

82 3442 111 3495 in
143 3441 261 3495 Domino
294 3448 466 3511 acunumiae,
501 3443 550 3498 sed
580 3443 731 3515 spiritualis
758 3441 912 3509 fornicatio,
940 3443 989 3499 sed
1020 3442 1137 3498 Paulum
1167 3441 1202 3497 de
1235 3440 1376 3496 coelibatu
1410 3441 1618 3497 concionantem
1654 3443 1769 3499 audiens

81 3545 164 3599 quam
193 3526 336 3598 Scriptura
361 3528 416 3583 illis
433 3528 544 3599 tribuit,
571 3530 619 3602 qui
643 3530 740 3585 relicto
758 3529 811 3587 Dei
827 3529 912 3585 verbo
939 3536 1036 3585 contra
1065 3527 1157 3599 sponsi
1187 3534 1215 3582 et
1239 3534 1385 3598 pareutum
1408 3529 1579 3584 voluntatem
1607 3536 1769 3600 perpetuam

81 3614 192 3670 fictitios
217 3614 308 3669 cultus
333 3614 482 3670 instituunt
506 3622 534 3671 et
560 3632 577 3670 a
596 3616 751 3672 divinorum
770 3616 912 3671 mandata
942 3616 1128 3689 virginitatem
1147 3613 1271 3685 professa
1288 3614 1375 3668 Paulo
1402 3614 1573 3684 adhaeserit,
1596 3633 1614 3669 a
1632 3604 1687 3688 quo
1708 3613 1768 3671 tan·

81 3720 142 3756 rum
160 3700 320 3756 obedientia
343 3718 403 3757 sese
426 3707 570 3775 avertunt,
595 3721 629 3759 er
654 3721 709 3776 quo
737 3701 912 3760 Cbemnicias
940 3704 1004 3758 dem
1022 3701 1114 3756 velata
1130 3700 1214 3755 fuerit
1231 3705 1260 3754 st
1277 3704 1443 3771 potestatem
1462 3700 1589 3771 docendi,
1605 3701 1768 3772 baptizandi

81 3789 155 3842 baad
177 3786 312 3842 immerito
331 3788 445 3860 colligit,
460 3788 523 3843 illos
545 3790 592 3860 qui
611 3797 707 3845 eontra
725 3789 841 3846 verbum
858 3789 912 3845 Dei
939 3795 968 3844 st
988 3789 1111 3860 virgines
1134 3788 1164 3841 in
1180 3803 1288 3841 sacrum
1307 3785 1431 3841 ordinem
1455 3786 1594 3859 allegandi
1612 3790 1770 3860 acceperit.)

81 3875 189 3930 malunt
206 3874 249 3928 uri
267 3890 350 3945 quam
379 3874 485 3931 nubere
508 3880 537 3931 at
553 3876 719 3933 coelibatum
736 3877 842 3950 eligunt
859 3876 912 3932 hoc
938 3875 1128 3931 Tertullianus
1154 3873 1215 3930 libr.
1236 3874 1272 3928 de
1290 3873 1368 3944 bapt.
1398 3890 1458 3946 cap.
1479 3879 1519 3930 17.
1536 3872 1721 3947 Hieronymus
1739 3877 1768 3931 in
1868 3925 1871 3930 .

81 3961 144 4031 line,
163 3968 194 4015 ut
213 3961 249 4015 sit
269 3962 429 4027 satisfactio
444 3965 637 4033 propeccatis
656 3972 681 4018 et
693 3966 821 4018 meritum
837 3965 912 4019 ritae
939 3961 1022 4019 catal.
1041 3961 1140 4018 illustr.
1167 3960 1197 4015 in
1226 3959 1305 4015 Luca
1334 3966 1363 4015 et
1391 3960 1520 4016 Gelasius
1544 3965 1620 4032 pont.
1646 3962 1724 4017 Rom
1743 3980 1766 4017 c.

81 4057 212 4103 aeternae
246 4047 302 4102 sibi
328 4054 411 4119 atque
440 4049 508 4103 alim
539 4051 747 4120 impetrandae,
771 4051 912 4124 spirituale
940 4051 1043 4109 Sancta
1061 4047 1123 4102 dist
1146 4052 1185 4103 15.
1203 4052 1235 4101 ut
1252 4048 1443 4119 apocrypham
1459 4053 1487 4103 et
1505 4047 1542 4102 ab
1559 4047 1683 4104 Asiatico
1702 4066 1769 4121 quo-

82 4134 250 4191 adulterium
268 4134 296 4189 iu
315 4150 402 4206 regno
424 4132 526 4191 Christi
547 4136 731 4205 committere,
747 4152 802 4191 non
820 4142 912 4193 autem
939 4137 1004 4191 dam
1021 4134 1183 4207 presbytero
1198 4133 1344 4190 confictam
1362 4133 1506 4205 rejiciunt,
1536 4150 1620 4204 quam
1636 4134 1768 4191 fabellam

83 4223 202 4293 virgines
222 4221 296 4289 illas,
314 4236 462 4292 quaecum
481 4221 554 4276 dono
579 4221 765 4278 continentias
782 4239 813 4278 se
829 4223 912 4278 desti·
939 4240 1000 4280 esse
1016 4222 1117 4279 falsam
1137 4225 1166 4277 et
1182 4220 1274 4277 fictam
1286 4220 1379 4291 colligi
1397 4220 1478 4276 οιίιιιιι
1488 4225 1582 4291 potest
1599 4236 1632 4275 ex
1647 4222 1768 4278 Eusebio

81 4314 157 4363 tutas
180 4308 289 4375 vident,
314 4314 467 4379 sequuntur
493 4324 585 4364 rocam
605 4309 699 4381 sponsi
719 4309 762 4364 sui
778 4326 829 4382 per
846 4326 912 4380 apo·
939 4310 1001 4367 libr.
1030 4318 1056 4367 3.
1086 4310 1181 4365 histor.
1208 4309 1305 4365 eccles.
1333 4324 1393 4378 cap.
1427 4313 1466 4362 19.
1494 4306 1650 4378 Nicephoro
1674 4308 1724 4366 lib.
1744 4314 1768 4365 2.

82 4394 183 4450 stolum
223 4395 443 4465 pronuntiatam,
482 4396 581 4451 melissa
615 4405 657 4451 est
691 4398 792 4451 nubere
830 4414 913 4467 quam
938 4397 1002 4452 hist.
1028 4414 1088 4470 cap.
1109 4402 1150 4453 48.
1180 4395 1229 4450 sed
1255 4393 1419 4449 Ambrosius
1449 4398 1477 4448 et
1502 4394 1677 4465 Augustinus
1707 4411 1769 4450 eam

80 4483 134 4538 uri.
191 4479 235 4535 De
276 4481 389 4554 reliquis
433 4484 603 4554 argumentis
645 4501 680 4541 ex
725 4483 911 4540 fundamentis
939 4486 1011 4541 inter
1034 4484 1143 4555 reliqua
1168 4488 1333 4554 argumenta
1356 4497 1407 4552 pro
1432 4479 1598 4535 stabiliendo
1617 4480 1769 4536 coelibatus

82 4568 209 4640 superius
236 4566 379 4633 adductis,
405 4569 565 4639 cumprimis
591 4587 657 4625 vero
680 4584 714 4625 ex
738 4570 913 4625 distinctione
939 4578 1003 4626 voto
1022 4570 1173 4643 profanant.
1192 4567 1320 4636 Basilius,
1340 4564 1561 4639 Chrysostomus,
1581 4566 1768 4638 Hieronymus

81 4655 152 4711 inter
185 4669 248 4723 eos,
279 4654 326 4725 qui
358 4653 429 4708 dono
466 4655 649 4711 continentiae
676 4656 803 4712 instructi
840 4662 912 4722 sunt,
939 4656 1141 4714 etAmbrosius
1160 4663 1260 4727 urgant
1277 4659 1471 4726 argumentum
1489 4670 1506 4708 a
1523 4653 1658 4726 spirituali
1672 4670 1768 4709 sacrae

82 4748 111 4797 ct
138 4754 201 4811 eos,
236 4739 283 4812 qui
320 4741 372 4795 hoc
408 4740 481 4797 dono
511 4741 650 4807 destituti,
687 4741 769 4798 facile
792 4743 915 4814 judicari
939 4744 1055 4816 virginis
1072 4759 1136 4796 cum
1154 4741 1262 4797 Christo
1284 4741 1494 4811 desponsatione
1518 4740 1633 4795 ductum
1652 4756 1768 4811 samque

80 4833 180 4900 potest.
940 4829 1093 4886 adulteram
1111 4826 1170 4884 lieri
1184 4833 1326 4897 metuunt,
1345 4827 1368 4880 si
1386 4826 1468 4881 alteri
1487 4827 1545 4882 viro
1564 4842 1614 4897 per
1631 4826 1768 4883 matrimo-

10 4938 18 4966 ι
57 4944 67 4956 ·
118 4921 175 4969 554.
211 4913 320 4985 Dejecti
349 4929 414 4967 vcro
439 4928 472 4967 ex
497 4910 658 4983 Scripturas
681 4914 826 4984 praesidiis
849 4932 912 4971 con-
939 4917 1017 4972 nium
1030 4916 1181 4988 jungatur,
1204 4914 1253 4970 sed
1277 4913 1453 4986 Augustinus
1476 4913 1545 4968 illud
1571 4914 1662 4986 ipsum
1687 4930 1769 4989 argn-

12 4990 31 5019 ''
80 4998 192 5073 lugiunt
205 4999 240 5055 ad
255 5007 361 5073 patres,
380 5016 412 5055 ex
432 4999 533 5070 quibus
552 5016 602 5069 pro
613 4998 780 5055 stabiliendo
793 5001 912 5056 coelibe·
940 5009 1064 5058 mentum
1084 5001 1191 5058 erudite
1209 5000 1347 5056 convellit.
1383 5001 1585 5073 Argumentum
1604 5017 1636 5056 ex
1657 5008 1679 5057 1.
1698 5000 1768 5057 Tim.

81 5094 126 5141 tus
149 5091 212 5141 voto
233 5086 412 5157 ejusdemque
438 5084 624 5140 indissolubili
645 5084 756 5141 vinculo
774 5085 862 5142 mults
878 5103 911 5142 ac
941 5098 969 5161 5,
993 5109 1018 5145 v.
1043 5095 1082 5148 ll.
1104 5087 1249 5145 desiduis
1273 5087 1475 5142 damnationem
1495 5086 1671 5157 habentibus,
1694 5090 1768 5162 quod

79 5172 157 5227 varia
190 5171 342 5242 proterunt.
400 5170 625 5241 Respondemus:
663 5176 686 5228 l.
724 5170 822 5227 Patres
860 5190 912 5229 saa
939 5175 1055 5247 primam
1094 5174 1177 5231 fidem
1222 5173 1355 5229 facientes
1392 5172 1496 5227 irritam
1534 5173 1638 5229 nubere
1675 5176 1769 5244 velint,

79 5258 183 5329 scripta
209 5276 264 5312 non
291 5265 321 5310 nt
341 5257 478 5311 canoniea
500 5257 600 5311 tabem
616 5258 778 5327 voluerunt,
802 5260 855 5312 sed
879 5274 912 5312 ea
939 5262 1114 5333 Augustinus
1136 5260 1286 5333 praecipue
1312 5259 1449 5325 inculcat,
1479 5259 1528 5314 sed
1551 5258 1769 5332 Chrysostomus,

79 5344 224 5399 cartonicis
235 5344 349 5414 seriptis
364 5346 399 5398 de
411 5344 471 5399 illis
479 5344 825 5415 iudicaripraeccperant,
834 5350 867 5401 ut
879 5360 913 5402 ex
939 5347 1104 5404 Ambrosius
1121 5352 1149 5403 et
1163 5345 1389 5418 Theophylactus
1409 5345 1478 5401 illud
1491 5352 1631 5415 enervant,
1650 5346 1714 5400 dum
1732 5345 1769 5400 ad

78 5430 237 5486 clarissimis
256 5430 405 5502 Augustini
424 5430 470 5486 lib.
488 5436 511 5486 2.
530 5436 627 5485 contra
642 5429 769 5489 Crescon.
788 5448 849 5505 cap.
870 5437 911 5490 ³2.
940 5433 1037 5489 viduas
1062 5432 1247 5505 virginitatem
1267 5431 1404 5503 professas
1432 5431 1556 5487 Manat
1581 5430 1665 5487 verba
1688 5431 1769 5487 Pauli

19 5531 65 5574 lta
80 5518 162 5589 epist.
186 5523 224 5574 19.
242 5517 279 5571 ad
298 5516 411 5573 Hieron.
430 5516 459 5571 in
476 5534 595 5590 prooem.
614 5516 662 5573 lib.
676 5524 699 5574 3.
714 5517 838 5577 de'I'rlu
858 5526 909 5577 etc.
938 5520 1017 5587 eolo,
1036 5520 1169 5589 juniores
1196 5521 1303 5576 natae.
1346 5518 1388 5574 Ex
1412 5526 1476 5575 roto
1493 5518 1598 5575 Mariae
1615 5516 1770 5588 complures
