4020 6022
213 294 273 352 398
797 282 922 342 LOCUS
940 282 1144 342 menemus
1162 284 1331 351 QUINTUS

212 438 325 495 casibus
345 437 429 495 etiem
447 441 644 508 postmortem
662 438 715 493 riri
736 439 903 510 quandoque
915 438 1048 509 denegari

212 530 323 581 constat
335 541 402 580 exc.
414 523 578 580 Literisetc.
590 524 1049 596 1².depraeru1npt.Bellarminus
1294 508 1327 568 Π
1344 507 1370 569 Ε
1388 509 1422 569 1
1439 509 1464 570 Β
1485 508 1515 570 Β
1532 509 1559 569 ll
1578 509 1611 569 Π
1646 509 1696 570 11·

212 609 1049 765 {delebiminieutitiitt}
1076 659 1142 725 DE
1177 661 1269 725 nn
1304 665 1469 729 non
1502 664 1767 741 uererer,
1803 662 1917 733 rso-

213 798 297 850 aaa
321 779 453 850 voluens,
486 780 588 834 mura
612 796 680 835 nro
708 782 855 850 anunm,
886 799 921 835 se
945 781 1050 836 mana
1076 762 1209 830 ΡΤΕΒ
1227 764 1362 843 QUAS
1389 765 1590 833 CAUSAS
1609 765 1918 833 DIVORTIUM

213 867 327 937 quidem
349 873 459 919 mortuo
486 867 587 920 nidere
605 866 716 935 poerit,
741 867 816 936 quod
838 866 1050 938 intelligendum
1312 867 1681 936 FIERIPOSSI'P,

212 968 273 1008 esse
292 951 362 1007 dicit
380 954 416 1007 de
435 953 578 1016 adultera,
598 968 671 1022 qrsae
695 970 758 1007 cum
771 953 935 1022 propinque
952 954 1050 1023 aliquo

213 1056 265 1094 ersa
280 1039 445 1108 peccauerit
463 1046 490 1091 et
504 1039 569 1093 ideo
586 1039 669 1092 simul
682 1039 898 1095 incestuosarit.
928 1039 1049 1095 Thomas
1112 1038 1170 1089 595.
1205 1033 1249 1088 De
1268 1034 1362 1088 cauria
1382 1035 1501 1090 diuortii
1519 1035 1684 1092 disseremus
1703 1040 1726 1092 1.
1748 1036 1954 1130 euhirterieffi

214 1129 287 1195 part
298 1129 321 1180 3.
333 1141 360 1194 q.
374 1129 416 1181 59.
429 1129 481 1180 art.
495 1131 519 1178 5.
532 1124 653 1195 conjugi,
672 1125 720 1196 qui
739 1124 878 1180 ethnicam
888 1124 1049 1197 religionem
1072 1119 1195 1187 politiae
1211 1121 1363 1189 Judat'cae,
1384 1127 1410 1176 2.
1425 1122 1549 1178 aliarum
1567 1125 1696 1192 qentium,
1715 1125 1746 1178 3.
1758 1123 1954 1191 nomnen

215 1210 324 1278 retinet,
344 1209 482 1266 secundas
493 1209 605 1280 nuptias
617 1210 746 1281 deneget,
763 1210 844 1267 alteri
855 1216 948 1266 eutem
966 1229 1048 1267 cvan-
1076 1210 1101 1261 4.
1120 1222 1154 1259 eu
1171 1207 1236 1274 jure
1257 1207 1336 1260 cirili
1359 1215 1384 1260 et
1410 1213 1436 1262 5.
1455 1209 1607 1277 camaicm
1629 1214 1654 1265 6.
1681 1224 1777 1264 rerem
1805 1225 1839 1262 en
1857 1190 1954 1284 Deik,¹

217 1296 321 1366 galium
339 1295 509 1366 amplexanti
528 1296 578 1351 dat
593 1295 704 1351 divortii
722 1301 750 1352 et
764 1297 880 1352 aliarum
890 1299 1050 1368 nuptiarum
1075 1292 1157 1345 verbo
1189 1293 1354 1347 sententium
1388 1299 1418 1348 et
1450 1294 1587 1365 ἐπίκρισιν
1614 1294 1827 1366 subjungemus.
1883 1293 1954 1388 1⁸3:

214 1387 389 1459 potestatem.
515 1402 520 1408 ·
1074 1377 1178 1446 pcir'tia
1195 1379 1327 1432 Judaica
1349 1378 1483 1435 usitatum
1500 1379 1587 1436 husee
1606 1380 1676 1434 nard
1692 1381 1790 1436 πᾶσαν
1815 1383 1915 1450 ahter,

87 1474 154 1517 Mb
252 1472 312 1522 594.
349 1470 376 1522 5.
396 1467 495 1521 Etrbm
518 1468 599 1535 apud
616 1468 752 1532 minicea,
776 1469 825 1522 ubi
841 1485 949 1522 morum
966 1468 1050 1522 dicei·
1077 1480 1242 1533 quacutqut
1260 1481 1294 1519 θῶ
1313 1481 1419 1534 ww,
1436 1482 1547 1529 ¹1¹0er
1562 1466 1700 1522 dimittere
1720 1466 1867 1538 oolligitur
1882 1483 1916 1523 0¹

87 1526 192 1618 ἓῗιξξῖ
211 1551 297 1621 plina
313 1552 437 1621 eipebat,
460 1552 665 1615 adiciebant
683 1553 815 1621 repudia.
853 1553 960 1608 Scribit
977 1555 1049 1608 enin
1076 1548 1198 1619 iosepho
1222 1549 1311 1609 lib.,4.
1337 1551 1422 1622 antiq.
1449 1567 1472 1607 c.
1491 1557 1515 1609 8.
1539 1551 1588 1607 ubi
1613 1552 1684 1606 inter
1709 1551 1790 1623 leges
1810 1552 1915 1625 Moysis

20 1636 22 1641 ’
87 1627 201 1720 mian,
218 1637 412 1692 Tertullianus
431 1638 462 1692 in
480 1637 556 1707 apol.
575 1655 599 1693 c.
613 1640 639 1693 i.
656 1638 764 1691 Romae
779 1655 834 1710 per
854 1656 942 1693 annor
960 1641 1051 1704 ferme
1076 1633 1149 1689 hanc
1168 1635 1279 1690 recitet:
1309 1636 1367 1698 Qui
1387 1654 1406 1689 a
1425 1637 1543 1706 conjuqe
1571 1655 1736 1707 quoacunque
1760 1640 1799 1693 de
1818 1655 1915 1707 muru,

88 1731 168 1770 ‹ornt-
215 1731 357 1779 concentor
381 1724 416 1776 ab
440 1725 509 1778 urbe
533 1725 649 1777 condita
674 1724 783 1778 nullum
807 1725 943 1794 arreptum
959 1726 1050 1788 fuieee
1076 1728 1106 1774 ut
1137 1737 1222 1790 eaepe
1251 1721 1408 1775 hominidua
1423 1723 1577 1803 usuvenit,
1614 1723 1745 1794 diejunqs'
1777 1724 1913 1792 postulat

86 1784 141 1823 '⁸⁸⁸'
213 1811 377 1879 repudium
397 1809 499 1863 deinde
515 1817 608 1864 autem
623 1825 719 1863 eversa
737 1810 894 1882 disciplina
904 1827 968 1863 cum
983 1811 1051 1864 aliie
1076 1807 1182 1876 empto
1207 1808 1236 1861 ei
1259 1809 1437 1862 eecuritntem
1461 1809 1568 1876 faciat,
1593 1810 1671 1878 quod
1684 1825 1747 1863 eane
1763 1810 1839 1864 nolet
1858 1828 1915 1865 aar·

213 1895 291 1949 odiir
311 1894 395 1949 etiam
419 1895 543 1963 repudia
565 1895 736 1952 introducta.
779 1895 1006 1964 Respondemus:
1027 1901 1049 1950 1.
1072 1893 1152 1962 plina
1171 1900 1309 1963 repetere,
1332 1894 1374 1947 ric
1393 1895 1467 1947 enim
1484 1894 1596 1948 habebit
1610 1902 1779 1963 permutem
1796 1896 1914 1951 αὶωήω

214 1979 318 2049 injurie
335 1995 385 2034 nos
403 1979 491 2034 efficit
508 1978 705 2049 Bellurminus‚
737 1979 803 2034 dum
822 1997 867 2049 ea,
894 1996 967 2051 quae
985 1997 1049 2035 con·
1077 1979 1206 2047 conjuqia
1217 1981 1405 2049 quaerendae,
1422 1979 1533 2048 alioqui
1543 1978 1761 2034 divortiumnon
1776 1982 1913 2050 permitti

215 2071 260 2119 tra
283 2064 436 2119 temeraria
464 2066 588 2133 repudia
624 2070 702 2119 extre
732 2065 922 2120 fornicationis
952 2081 1048 2120 casum
1076 2072 1135 2128 tur,
1162 2069 1243 2119 etex
1262 2064 1437 2134 quaestione,
1466 2081 1550 2136 quem
1572 2063 1716 2121 Pharisaei
1741 2065 1846 2123 Mean
1874 2073 1913 2131 19,

214 2151 291 2206 iacta
307 2155 382 2205 recte
399 2150 545 2220 dicuutur,
564 2157 676 2206 nostrae
698 2152 851 2207 sententiae
868 2152 998 2222 opponit,
1015 2168 1048 2206 eo
1074 2166 1100 2202 v.
1122 2154 1145 2204 3.
1167 2147 1278 2204 Christo
1295 2154 1462 2220 proponunt.
1496 2147 1693 2206 Abutebentur
1712 2149 1790 2207 hanc
1807 2151 1837 2206 in
1854 2170 1911 2210 ran

214 2236 275 2307 ipso
300 2236 374 2290 enim
398 2236 483 2292 tacite
501 2236 583 2291 uobis
610 2237 722 2303 tribuit,
745 2238 820 2308 quod
842 2237 989 2292 temeraria
1005 2253 1046 2292 re·
1074 2235 1136 2306 lege
1156 2235 1280 2290 Mosaica
1303 2236 1419 2291 Deuter.
1436 2240 1485 2304 24,
1506 2253 1532 2289 v.
1558 2241 1591 2291 1.-
1616 2236 1651 2291 si
1668 2237 1814 2307 mseperit
1832 2238 1911 2293 home

212 2321 302 2393 pudia
318 2321 511 2393 approbemus.
545 2329 569 2381 1.
582 2323 755 2378 Adulterinia
771 2321 934 2378 Christiania
952 2324 1048 2379 merito
1073 2338 1189 2376 uxorem
1211 2321 1385 2375 ethabuerit
1407 2337 1471 2376 eam
1495 2329 1523 2375 et
1545 2338 1602 2375 non
1627 2320 1764 2376 inuenerit
1787 2324 1911 2392 qratiam

216 2413 396 2478 opponuntur
421 2409 549 2479 exempla
579 2407 645 2464 fidoi
677 2415 705 2464 et
733 2409 869 2463 cesdtatis
892 2409 1047 2480 conjugalis
1074 2414 1139 2460 anm
1174 2407 1271 2461 cerdon
1308 2408 1372 2475 ejus
1405 2413 1527 2477 propter
1566 2407 1694 2476 aliquam
1732 2408 1910 2473 foeditatem,

215 2493 245 2547 iu
263 2492 439 2564 ,quibusdam
461 2493 613 2564 gentilibus
631 2493 787 2564 proponite,
813 2510 848 2547 ac
872 2494 1047 2565 magistratui
1073 2492 1175 2546 arridet
1200 2492 1327 2547 libellum
1350 2493 1466 2564 repudii
1490 2499 1517 2546 et
1544 2493 1624 2546 dabat
1649 2491 1679 2545 in
1698 2509 1815 2546 manum
1831 2493 1910 2546 ithus

213 2577 372 2634 Christiano
394 2583 470 2634 recte
496 2578 672 2633 inculcentur
692 2578 824 2633 honestae
842 2579 964 2650 legeret
983 2598 1046 2650 poe·
1074 2586 1100 2632 et
1131 2578 1251 2631 dimittet
1280 2595 1342 2633 eam
1372 2580 1408 2631 de
1439 2580 1522 2632 domo
1556 2596 1617 2632 rua.
1658 2577 1741 2633 Hanc
1760 2577 1853 2650 legem
1869 2578 1910 2634 aio

214 2679 267 2718 nae
291 2679 425 2734 perquem
450 2679 549 2734 graves
567 2663 597 2718 in
620 2663 761 2719 adulteros
780 2680 797 2717 a
814 2664 969 2719 sanioribus
987 2666 1046 2720 eth·
1074 2663 1250 2733 accipiebant
1269 2662 1427 2728 Pharisaei,
1453 2662 1528 2733 quod
1546 2663 1619 2718 bona
1635 2662 1808 2719 conscientia
1825 2662 1910 2720 etiam

214 2748 285 2802 nicia
317 2753 454 2818 statutam
487 2749 536 2803 sed
569 2766 602 2804 ex
634 2765 667 2804 eo
694 2748 772 2804 nulle
801 2751 926 2805 veritatis
955 2751 1047 2822 specie
1074 2765 1166 2803 coram
1194 2748 1255 2803 Deo
1284 2764 1450 2820 quecunque
1479 2747 1619 2804 letissima
1641 2762 1674 2802 er
1700 2763 1789 2804 eausa
1811 2749 1910 2806 marim

213 2833 309 2890 inferri
327 2840 441 2904 potest,
459 2833 558 2889 merito
583 2851 639 2890 non
658 2835 742 2891 licere
759 2853 872 2891 uxorem
891 2837 1047 2893 adulteram
1072 2832 1179 2888 licitum
1197 2833 1233 2887 sit
1254 2849 1366 2889 uxorem
1385 2832 1544 2905 repudiare,
1568 2849 1602 2888 ec
1620 2837 1680 2888 tum
1702 2832 1911 2904 repudiantem,

87 2927 141 2973 xvl.
157 2927 201 2973 tte
215 2919 363 2990 repudiare
377 2925 462 2991 atque
475 2919 680 2991 eliamducere,
699 2921 748 2978 sed
761 2922 853 2992 potius
871 2923 1046 2979 conuerium.
1073 2925 1132 2973 tum
1155 2919 1329 2990 repudiatam
1355 2919 1466 2974 vivente
1489 2919 1581 2989 priore
1610 2921 1731 2990 conjuge
1755 2920 1836 2976 uliud
1853 2937 1910 2977 me

214 3005 287 3072 Quia
311 3005 384 3061 enim
407 3005 534 3061 adultera
558 3011 616 3061 tem
636 3011 708 3062 tetro
732 3007 847 3064 crimine
874 3025 934 3064 sese
953 3016 1047 3065 conta·
1073 3005 1232 3060 trimonium
1250 3004 1412 3060 contrahere
1429 3021 1511 3076 posse
1521 3003 1697 3060 statuebant
1730 3003 1866 3076 Proinde,
1885 3005 1909 3062 ei

216 3091 339 3157 minavit,
357 3092 420 3147 ideo
438 3092 553 3147 maritus
568 3093 738 3164 ecoujugali
754 3094 866 3150 viuculo
884 3097 981 3150 merito
999 3096 1046 3152 ab·
1074 3090 1118 3146 eui
1137 3097 1197 3145 eret
1214 3107 1283 3144 uxor
1297 3090 1343 3146 vel
1368 3090 1481 3158 sterilis,
1505 3089 1549 3145 vel
1570 3087 1716 3158 deformis,
1738 3090 1786 3146 rel
1808 3090 1911 3160 nausa,

213 3177 336 3232 solvitur.
381 3183 407 3233 3.
433 3177 582 3248 Expendet
612 3177 798 3234 Bellerminus
823 3179 930 3234 fructur
957 3183 1045 3236 coacti
1073 3175 1118 3231 vel
1134 3191 1250 3245 morose,
1266 3174 1599 3246 illiJudicehentlicitum
1612 3189 1672 3231 esse
1686 3175 1807 3232 andem
1824 3192 1908 3248 repu-

213 3262 367 3316 eoelibatus
385 3263 414 3316 iu
430 3279 518 3333 regno
538 3262 687 3331 Pontificio,
709 3280 741 3318 ac
754 3264 864 3320 desinet
876 3265 958 3320 nobis
976 3267 1045 3337 obji·
1073 3261 1149 3315 (liare
1168 3267 1197 3315 et
1216 3261 1298 3315 eliam
1316 3261 1427 3318 ducem.
1466 3260 1574 3316 Εθθὶθῦ·
1594 3265 1641 3325 25»
1663 3277 1689 3316 V·
1706 3264 1756 3316 ³4:
1784 3261 1819 3316 Sl
1835 3279 1909 3318 ¹⁴:0⁰²·

145 3402 148 3409 ,
212 3363 282 3415 cere,
301 3346 376 3417 quod
397 3347 550 3402 clarissima
567 3347 670 3405 Christi
687 3349 775 3404 verbe
790 3351 879 3405 secuti
898 3355 962 3422 post
977 3352 1045 3423 legi-
1072 3366 1127 3401 non
1150 3347 1275 3401 ambulat
1304 3350 1457 3401 secuudum
1486 3364 1600 3403 manum
1621 3353 1713 3416 mam,
1735 3366 1758 3402 a
1773 3349 1908 3403 cernatur

211 3431 309 3489 timum
328 3431 475 3486 divortium
492 3449 578 3488 noves
596 3435 709 3502 nuptiae
728 3435 909 3490 conuehendi
923 3435 1045 3506 poteste-
1072 3435 1127 3488 tuie
1144 3433 1278 3487 abscinde
1294 3433 1384 3503 iilam,
1402 3433 1484 3488 didon
1498 3436 1544 3486 snt
1557 3430 1710 3497 indicum,
1730 3433 1782 3502 da,
1802 3433 1909 3490 scilieet

212 3525 268 3573 tem
287 3517 428 3575 innocenti
444 3518 517 3588 perti
534 3519 717 3575 concedimur.
765 3527 789 3575 t.
810 3520 840 3576 Si
860 3522 895 3577 de
914 3522 1044 3593 legitimis
1071 3519 1195 3574 libellum
1224 3519 1344 3589 repudii,
1376 3527 1402 3574 et
1431 3519 1547 3574 dimitte.
1581 3517 1678 3574 Debet
1693 3517 1769 3574 euim
1794 3520 1909 3576 meritur

211 3602 336 3658 divortiis
366 3602 552 3659 Bellarminus
589 3603 726 3674 loquitur,
760 3605 836 3676 quod
877 3623 910 3661 ea
940 3606 1045 3663 fuerint
1070 3605 1234 3675 repudiatee
1252 3605 1384 3661 schedam
1407 3605 1465 3660 sire
1490 3603 1629 3671 libellum,
1653 3606 1735 3676 eujus
1759 3605 1908 3663 formulam

211 3688 328 3744 ethnicis
357 3688 455 3760 ignota
488 3694 516 3744 et
548 3689 680 3744 inusitata
719 3707 752 3745 aa
778 3691 895 3761 proinde
918 3693 1000 3747 etiam
1026 3710 1044 3748 a
1072 3709 1105 3746 ex
1121 3690 1157 3745 Β.
1176 3691 1276 3761 Moyse
1298 3691 1333 3746 de
1352 3690 1438 3746 Choui
1463 3691 1492 3745 in
1508 3690 1557 3746 lib.
1575 3697 1789 3762 praeceptorum
1805 3693 1908 3749 dereri-

211 3774 374 3830 Ohristianis
398 3774 509 3844 penitus
536 3775 661 3830 emulare
687 3776 823 3845 debeant,
846 3794 979 3849 negamus
1000 3796 1043 3833 er·
1072 3779 1142 3832 hunt
1160 3777 1265 3846 Fagius
1283 3777 1312 3831 in
1328 3783 1421 3832 annot.
1441 3777 1478 3830 ed
1496 3776 1581 3847 Terg.
1602 3776 1686 3833 Dent.
1711 3782 1755 3832 24.
1774 3784 1803 3834 et
1821 3779 1906 3834 Andr.

211 3853 336 3932 gementi
367 3860 579 3928 connexionem,
611 3861 678 3932 quie
710 3880 765 3917 non
801 3880 833 3918 ex
872 3864 1042 3920 ethnicorum
1072 3862 1209 3917 Osieuder
1233 3863 1262 3916 iu
1280 3868 1374 3917 annot.
1396 3862 1433 3916 ed
1450 3861 1538 3917 harm.
1554 3860 1611 3916 lib.
1630 3866 1653 3917 3.
1679 3878 1703 3917 a
1723 3867 1767 3919 23.
1786 3880 1845 3936 qua
1861 3864 1906 3920 ed·

212 3946 347 4014 moribus,
370 3945 421 4000 sed
440 3963 473 4000 ex
492 3945 592 4000 divinis
610 3947 721 4018 legibus
739 3965 836 4003 norma
853 3948 1042 4005 faciendorum
1070 3948 1124 4002 huc
1142 3947 1223 4003 hodie
1241 3947 1344 4003 Judaei
1356 3952 1480 4017 utuntur,
1499 3963 1572 4018 quae
1589 3947 1618 4001 iu
1631 3946 1706 4003 huuc
1719 3947 1781 4005 iera
1793 3951 1903 4007 modum

209 4030 290 4086 nobis
309 4030 390 4086 unice
408 4031 529 4099 petenda
547 4037 596 4088 eet.
642 4034 736 4104 Atque
761 4035 814 4090 hee
840 4042 905 4090 sunt
921 4037 1043 4108 quinque
1071 4051 1130 4090 scae
1149 4033 1247 4089 habet:
1274 4033 1311 4086 ln
1333 4040 1436 4103 quarta
1454 4033 1565 4087 sabbati
1581 4033 1623 4100 (id
1641 4039 1684 4087 est
1701 4032 1901 4102 hebdomadas)

208 4113 275 4171 illae
306 4115 426 4171 rationes
455 4116 624 4171 Bellarmini.
668 4118 854 4190 flieronymus
887 4123 915 4175 in
944 4139 1041 4178 comm.
1070 4122 1100 4174 in
1123 4120 1260 4190 viperina
1286 4118 1388 4172 mauric
1422 4119 1510 4173 Siren
1538 4119 1631 4189 (Meji)
1659 4136 1742 4174 anno.
1759 4121 1903 4190 quiaquia

209 4217 272 4271 cep.
293 4206 333 4256 19.
345 4200 445 4259 Matth.
463 4209 491 4256 et
511 4202 629 4258 habetur
645 4221 668 4258 e.
689 4204 768 4259 Dixit
780 4205 916 4260 Dominus
928 4213 980 4263 etc.
1002 4214 1043 4264 32.
1070 4206 1218 4260 milleaimc
1236 4212 1285 4258 etc.
1304 4223 1323 4257 a
1338 4204 1482 4257 mentione
1499 4205 1600 4257 mundi
1610 4204 1656 4258 hie
1672 4211 1700 4258 et
1718 4205 1751 4260 in
1767 4205 1822 4261 nae
1840 4205 1901 4260 eiri-

208 4280 234 4356 q'.
257 4293 278 4341 1.
296 4285 380 4340 aliam
397 4286 531 4342 rationem
550 4288 639 4359 affert,
658 4306 741 4361 quem
760 4291 944 4346 Bellerminus
963 4310 1042 4363 pree·
1069 4298 1125 4344 tate
1137 4307 1188 4359 cqc
1206 4292 1242 4344 Ii.
1260 4290 1353 4344 Jacob
1377 4289 1418 4343 ric
1436 4291 1645 4359 cognominatae
1658 4290 1743 4359 filiun
1763 4292 1902 4347 Rlirlae
1911 4285 1950 4332 Ul·

138 4438 143 4453 ,
207 4371 338 4429 terminu
375 4371 450 4434 Quia
468 4381 582 4443 poterat
601 4377 742 4446 areidae,
769 4384 799 4429 ut
817 4379 923 4447 aliquia
938 4381 1041 4433 salum·
1068 4376 1148 4430 colui
1167 4392 1200 4428 en
1217 4376 1311 4431 animo
1329 4384 1412 4444 atque
1432 4377 1505 4430 citra
1521 4375 1610 4445 ullum
1623 4377 1797 4432 mentionem
1808 4378 1902 4433 dimisi

206 4459 285 4512 niam
308 4459 419 4523 faceret
449 4459 592 4514 innocenti
623 4470 649 4515 et
676 4463 710 4516 ch
736 4464 887 4517 secundam
911 4466 1041 4534 capulam
1068 4470 1094 4516 et
1112 4462 1184 4531 ejeci
1199 4463 1286 4526 tanc,
1312 4477 1383 4531 quae
1409 4462 1543 4516 tartense
1566 4461 1625 4526 fuit
1645 4479 1720 4516 uuor
1738 4480 1815 4532 mea,
1843 4464 1902 4529 eilia

207 4542 364 4614 nuptialem
393 4546 479 4598 veteri
509 4546 609 4615 crslpae
646 4549 751 4602 ainwa
785 4549 965 4619 impinqeret,
1000 4552 1041 4604 eie
1068 4548 1149 4602 dliue
1165 4547 1265 4614 Reddi,
1286 4555 1311 4600 et
1329 4549 1451 4601 concedo
1469 4547 1670 4603 iiiiiicentiam
1689 4555 1716 4602 et
1728 4557 1900 4618 nouantem

203 4630 331 4698 priorem
350 4629 491 4709 dimittere
509 4631 623 4698 jubetur
635 4649 758 4700 uecrem,
777 4641 808 4687 ut
821 4635 1041 4704 prima-uiuente
1067 4641 1098 4687 ut
1109 4649 1165 4704 pro
1182 4633 1264 4687 libitu
1279 4650 1331 4688 auo
1351 4635 1448 4702 nudet,
1465 4650 1519 4701 quo
1533 4632 1662 4700 uoluerit,
1681 4635 1805 4704 ducique
1814 4635 1901 4708 poni

206 4717 359 4769 aecmdan
375 4732 432 4769 non
448 4715 558 4770 habeat.
589 4716 811 4788 Respondemus:
842 4737 899 4776 uon
917 4738 950 4777 ex
962 4740 1040 4792 prae-
1067 4718 1268 4787 adomniciro,
1282 4736 1331 4773 nec
1341 4735 1402 4772 eam
1413 4718 1715 4787 quisquampronitm
1725 4729 1901 4789 praerunott

208 4799 391 4856 sumtionibua
414 4815 466 4856 nec
491 4801 600 4870 privata
630 4803 794 4867 auctoritate
825 4805 871 4860 hic
901 4807 1039 4879 egendum
1067 4807 1097 4859 in
1126 4806 1207 4872 cujua
1236 4805 1281 4857 rei
1313 4804 1503 4858 testimonium
1529 4804 1598 4858 dedi
1628 4805 1654 4859 ei
1685 4806 1807 4859 nante:
1834 4808 1900 4875 Ἷῠο,

207 4899 268 4939 esse
297 4884 425 4955 diunius,
456 4886 507 4941 sed
535 4887 581 4942 vel
600 4887 800 4945 confessionem
827 4892 968 4959 nocentis,
996 4894 1041 4948 vel
1068 4891 1194 4945 libellum
1229 4889 1356 4957 rspecdic',
1386 4896 1412 4943 et
1447 4889 1580 4945 schedam
1614 4889 1792 4946 dimieeians'a
1826 4900 1903 4963 niqra

207 4968 385 5038 probationes
422 4970 593 5027 sufficientes
629 4973 794 5044 requirimus
838 4983 866 5032 et
901 4978 1041 5048 publicam
1068 4975 1247 5042 mennonium
1264 4975 1382 5029 diuortii
1392 4975 1480 5043 juna
1503 4975 1723 5031 comtitutioaem
1743 4979 1857 5046 Moerin
1881 4984 1903 5031 et

191 5053 384 5124 ‹megenatn
420 5057 613 5113 auctoritatem
645 5059 816 5116 intercedere
846 5070 971 5132 oportere
988 5064 1040 5130 ,1111-
1068 5060 1197 5115 leraelir.
1240 5058 1373 5116 Hebraea
1395 5060 1444 5130 qui
1464 5060 1618 5129 desiderat,
1642 5060 1667 5117 ia
1692 5060 1815 5134 Fagium
1831 5063 1903 5125 adire

207 5138 305 5196 cimus.
1068 5145 1180 5216 poterit.
1227 5144 1347 5199 Drusius
1372 5144 1421 5202 lib.
1444 5151 1482 5200 14.
1509 5145 1645 5203 observet.
1670 5163 1695 5202 e
1718 5152 1758 5204 10.
1784 5148 1903 5213 miratu,

520 5252 713 5260 *···-····-
1069 5231 1146 5300 quod
1166 5231 1196 5284 in
1212 5231 1267 5285 bac
1284 5231 1413 5294 formula
1425 5232 1498 5284 derit
1516 5231 1665 5296 renardus,
1683 5237 1905 5301 quam-maritet

999 5363 1002 5368 .
1067 5316 1151 5370 unori
1161 5317 1197 5369 de
1206 5334 1263 5371 non
1272 5316 1432 5385 repetendis
1444 5317 1505 5385 ejue
1516 5317 1620 5385 nuptiis
1629 5318 1744 5388 fecerit,
1757 5336 1825 5377 eum
1833 5321 1906 5384 δοιο-

1068 5402 1141 5473 phus
1158 5407 1291 5457 testatum
1307 5401 1460 5473 reliquerit,
1479 5417 1541 5459 eam
1559 5401 1589 5457 in
1606 5402 1694 5458 reteri
1712 5403 1813 5463 libelle
1825 5407 1906 5463 tuine

1068 5503 1232 5558 expressum.
1277 5487 1333 5543 Sed
1358 5488 1492 5545 aecruitas
1516 5487 1566 5543 illa
1591 5487 1726 5559 implicite
1750 5493 1908 5553 metiamur
