4020 6022
805 339 859 396 DE
875 336 1075 399 cantuum.
1725 349 1786 407 459

93 498 221 568 superius
239 495 268 573 ξ.
288 503 347 555 638.
384 503 409 554 3.
430 499 477 553 Es
502 497 634 552 Abrabae
652 496 785 565 coempto,
804 495 855 564 qui
865 494 928 564 pri-
958 493 1792 568 (1161616666611666111166661666116661631661666166166

88 592 155 639 nato
171 586 290 640 arbitrio
307 586 368 639 sine
390 585 501 653 judicis
529 583 685 655 capnitione
704 584 828 650 Aparem
848 582 930 650 ejecit
956 581 1087 637 ministris
1106 583 1245 653 competit,
1265 583 1312 654 qui
1329 581 1791 638 inconsistoriumeeclesiasticum

90 669 163 725 Gen.
182 677 224 741 21,
241 689 267 728 v.
288 678 326 728 14.
369 671 595 741 Respondemus:
624 676 645 726 1.
667 670 727 723 Imo
752 672 817 723 sero
844 667 927 722 inter·
955 667 1050 723 allecti
1067 668 1178 724 nomine
1196 669 1376 740 magistratus
1393 669 1543 724 sententias
1567 671 1661 724 lerunt
1688 685 1791 740 easque

90 757 174 813 cessit
192 773 353 829 expressum
372 759 425 814 Dei
443 757 604 812 mandatum
624 773 694 811 vers.
713 760 757 810 m:
777 755 861 823 Ejics
881 771 928 806 an·
957 753 1125 809 exsecutioni
1138 756 1278 811 mandant.
1303 756 1452 809 Judicium
1464 755 1643 809 diomedeam
1659 754 1792 826 competit

90 844 197 913 sillam,
216 843 291 914 quod
309 845 410 914 repetit
428 843 570 915 apostolus
588 841 651 898 Gal.
670 848 695 909 4,
715 859 741 897 v.
762 848 804 897 30.
840 846 865 895 2.
882 839 928 893 In·
941 838 1069 911 lreliquis
1087 842 1170 896 etiam
1192 842 1339 913 theologis,
1359 842 1407 914 qui
1426 840 1470 896 vel
1486 841 1515 895 in
1536 840 1686 909 academia,
1706 840 1791 896 velia

88 930 223 985 vertimus
240 930 327 1002 igitur
350 937 551 1002 argumentum
603 928 681 983 Sicut
707 927 852 982 Abraham
870 943 925 980 non
941 904 1107 1021 'ministerio
1132 946 1219 984 unum
1244 946 1344 999 corpus
1367 929 1540 983 constituunt
1563 945 1597 982 ac
1616 927 1708 999 rogati
1726 944 1791 982 sen-

89 1015 145 1069 nisi
164 1016 354 1072 intercedente
367 1019 450 1087 jussu
474 1034 507 1071 ac
531 1015 674 1069 voluntate
703 1012 757 1068 Dei
780 1014 927 1083 conjugem
954 1014 1069 1069 tentiam
1099 1015 1144 1070 vel
1172 1017 1330 1086 separatim,
1363 1016 1407 1071 vel
1434 1015 1508 1087 quod
1536 1016 1622 1070 tutius
1651 1021 1701 1085 est,
1726 1031 1789 1069 con·

90 1100 234 1173 Hagmem
251 1102 345 1172 ejecit,
374 1102 414 1157 616
442 1102 477 1157 66
496 1101 550 1156 Dei
582 1100 725 1155 voluntate
753 1100 783 1153 in
807 1098 925 1153 divortio
940 1101 1073 1169 ¹junctim
1103 1103 1292 1172 pronuntiant
1342 1102 1491 1157 Annotabo
1526 1100 1579 1157 bac
1606 1100 1641 1155 de
1662 1117 1692 1155 re
1710 1117 1789 1170 prae·

89 1187 220 1244 iaciendo
236 1195 364 1245 constare
384 1187 475 1256 debet,
493 1205 527 1243 66
552 1204 617 1243 vero
641 1186 781 1257 colligitur
799 1203 833 1240 ex
853 1184 925 1241 Scri·
954 1186 1060 1240 clarum
1078 1186 1169 1242 locum
1189 1205 1222 1243 ex
1248 1187 1336 1242 literis
1363 1188 1493 1256 Lutheri,
1515 1186 1664 1242 Pomerani
1683 1192 1711 1242 et
1730 1186 1787 1240 Me·

89 1280 174 1346 ptura
191 1292 280 1340 66666,
300 1292 373 1347 quae
391 1282 433 1331 est
451 1293 505 1330 vox
524 1274 586 1339 Dei,
604 1281 633 1329 et
651 1290 686 1328 ex
704 1273 840 1328 sententia
860 1272 926 1343 legi·
952 1272 1091 1328 lantbonis
1119 1273 1156 1328 ad
1184 1274 1343 1344 episcopum
1365 1273 1563 1329 Slesvicensem
1580 1274 1609 1327 in
1639 1288 1790 1345 casuque-

89 1360 150 1417 timi
165 1362 278 1431 judicis,
304 1361 351 1432 qui
368 1368 411 1417 est
438 1361 492 1417 Dei
525 1363 553 1415 in
583 1360 663 1415 terris
692 1359 817 1414 vicarius.
854 1358 924 1413 Cum
939 1346 1019 1412 idam
1034 1360 1229 1414 matrimoniali
1241 1360 1389 1415 admodum
1404 1360 1534 1431 perplexo
1547 1360 1621 1414 detis
1632 1365 1787 1415 66661644.

92 1446 166 1502 enim
187 1448 321 1519 conjuges
353 1448 485 1503 disinitm
508 1448 727 1517 conjungantur,
757 1445 855 1500 Matth.
885 1450 924 1513 19,
940 1424 1025 1515 lquas
1041 1446 1140 1500 recitet
1157 1446 1302 1517 Cypraeus
1321 1448 1357 1502 de
1376 1447 1496 1517 sponsal.
1513 1463 1574 1516 cap.
1597 1451 1635 1501 16.
1655 1442 1682 1520 ξ.
1703 1451 1744 1501 26.
1762 1463 1790 1501 6.

91 1551 117 1586 v.
144 1538 169 1590 6.
195 1533 258 1589 ideo
286 1549 405 1605 aequum
432 1539 482 1604 est,
514 1540 546 1588 ut
570 1532 624 1587 Dei
651 1548 719 1587 soce
746 1538 928 1586 6166666666
956 1536 986 1585 2:
1023 1532 1092 1585 Oum
1117 1533 1237 1586 conmtia
1265 1531 1415 1603 (inquiunt)
1438 1540 1587 1603 petuntur,
1617 1551 1673 1586 non
1696 1549 1792 1585 nemus

84 1619 295 1690 disjungantur.
336 1627 361 1677 3.
380 1620 463 1675 Adde
486 1619 560 1692 quod
579 1618 756 1673 Abrahamus
773 1636 828 1673 non
844 1616 928 1673 fuerit
940 1656 943 1697 ι
955 1617 1066 1683 iudices
1084 1627 1114 1672 ut
1130 1619 1161 1672 in
1172 1621 1256 1688 foro,
1273 1636 1323 1673 nec
1336 1637 1486 1688 possumus
1511 1628 1659 1689 utramque
1676 1627 1790 1689 partem

89 1703 171 1760 homo
202 1706 335 1775 privatus,
364 1705 413 1759 sed
445 1705 474 1759 in
491 1705 606 1776 publico
631 1705 749 1760 docendi
773 1709 801 1759 et
826 1703 927 1774 guber·
955 1721 1065 1789 uocare,
1084 1707 1136 1758 sed
1155 1707 1256 1759 doinus
1281 1706 1401 1761 66666116
1424 1707 1606 1773 conpruentia
1628 1706 1793 1761 narrationi

89 1793 176 1848 nandi
201 1810 313 1848 munere
344 1793 525 1862 constitutus,
554 1799 587 1847 ut
618 1791 685 1847 alibi
716 1792 925 1846 demonstratur.
955 1790 1079 1855 illamam,
1094 1792 1144 1859 qui
1156 1792 1393 1860 petuntconsilia,
1410 1809 1462 1846 nec
1475 1792 1598 1846 aliorum
1612 1793 1790 1847 ordinariam

91 1884 117 1934 4.
138 1880 183 1932 Ab
204 1879 329 1948 eaemplo
346 1880 475 1948 Josephi‚
493 1879 542 1947 qui
558 1879 665 1933 6666116
691 1879 778 1932 naluit
798 1878 928 1931 Mariam
950 1877 1180 1945 jurisdictionem
1199 1877 1373 1946 impedimen.
1394 1868 1460 1933 Non
1471 1895 1566 1931 sumue
1578 1879 1793 1948 judiemoestri

92 1965 232 2020 dimittere
251 1965 351 2020 Matth.
374 1971 394 2029 l,
411 1983 439 2021 v.
468 1970 507 2021 19.
543 1964 766 2035 Respondemus:
789 1963 929 2019 Lutherus
954 1965 1056 2034 populi
1073 1981 1124 2018 nec
1143 1964 1286 2032 litipantes
1303 1980 1403 2018 uocare
1419 1980 1578 2032 posuimus,
1602 1967 1655 2020 sed
1671 1967 1791 2021 conside

91 2057 157 2106 tom.
179 2057 203 2109 2.
223 2052 285 2108 Jen.
304 2049 399 2106 Germ.
417 2050 437 2106 f.
453 2058 507 2106 155.
524 2052 681 2122 respondet,
701 2050 929 2121 distinguendum
956 2053 1057 2105 damus
1074 2051 1257 2120 eonprusntia
1269 2052 1483 2105 cavationibus
1497 2068 1601 2117 eorum,
1618 2053 1668 2121 qni
1685 2053 1791 2124 dieunt,

91 2153 153 2193 esse
177 2139 250 2192 inter
279 2137 465 2192 dimissionem
491 2138 628 2191 occultam
659 2137 717 2191 sire
740 2136 877 2207 privatam
901 2142 930 2190 et
956 2154 986 2191 se
1004 2138 1190 2191 conscientiae
1208 2153 1277 2191 suae
1298 2139 1425 2191 remedia
1443 2154 1585 2207 quaerere.
1624 2138 1727 2194 Postea
1744 2156 1790 2194 ex·

91 2225 242 2278 diuortium
268 2225 429 2296 publicum,
456 2223 530 2295 quod
555 2228 723 2294 potestatam
745 2223 810 2278 nori
835 2223 928 2276 matri·
956 2223 1047 2292 posita
1066 2240 1116 2278 sua
1136 2223 1172 2278 de
1188 2223 1332 2293 proposita
1347 2222 1414 2278 facti
1431 2223 1524 2293 specie
1542 2225 1679 2279 sententia
1698 2225 1790 2281 denuo

90 2311 175 2365 monii
193 2310 319 2376 includit,
339 2310 411 2366 adde
431 2310 506 2382 quod
518 2309 611 2365 Maria
628 2310 752 2365 nondum
770 2316 830 2364 erat
848 2326 927 2373 uxor,
956 2315 1099 2380 repetunt:
1137 2311 1198 2364 Nec
1228 2319 1321 2363 tamen
1351 2311 1419 2364 baec
1442 2318 1472 2363 ut
1490 2311 1607 2379 judicer
1635 2312 1790 2379 scribimur,

92 2397 141 2451 sed
160 2413 264 2468 sponsa
282 2396 411 2468 Josephi‚
438 2397 483 2451 cui
509 2397 619 2451 occulta
638 2396 687 2450 illa
704 2396 863 2450 dimissione
880 2395 929 2449 Jo-
956 2398 1008 2450 sed
1024 2405 1056 2450 ut
1080 2397 1227 2450 consilium
1253 2399 1361 2465 dantes,
1386 2403 1521 2465 qnatenus
1537 2398 1616 2451 nobis
1636 2415 1669 2452 66
1687 2417 1789 2454 narra·

91 2483 195 2554 sephus
212 2483 317 2554 optime
336 2483 492 2539 consultum
510 2481 608 2550 voluit,
629 2488 661 2538 ut
675 2500 725 2537 suo
742 2480 805 2537 loco
821 2481 1078 2577 pleniusltionibus
1092 2483 1238 2553 prioribus
1257 2491 1283 2537 et
1300 2483 1400 2549 vestris
1422 2499 1467 2537 res
1492 2492 1558 2538 nota
1577 2493 1625 2550 est,
1657 2503 1709 2541 neo
1720 2504 1789 2557 pro·

92 2568 244 2624 docuimus
293 2576 316 2626 6.
346 2570 470 2624 Fabiola
492 2570 553 2623 sine
576 2569 759 2637 mapietratus
772 2569 888 2637 politici
906 2577 930 2620 et
952 2578 1053 2638 pterea
1073 2570 1269 2623 auctoritatem
1288 2569 1374 2622 vestri
1396 2570 1558 2624 comistorii
1575 2572 1789 2637 labefactamus.

93 2656 277 2711 eocloeiaetici
299 2656 453 2710 ministerii
468 2657 584 2725 judicio
609 2655 761 2709 divortium
783 2656 894 2720 fremat
912 2672 930 2706 a
959 2655 1087 2709 Seruabit
1105 2656 1187 2708 Deus
1205 2655 1279 2724 lepos
1298 2662 1326 2709 et
1348 2655 1485 2710 corkaiae
1502 2657 1738 2730 subornationem,
1764 2669 1790 2715 et
1880 2706 1895 2723 .

92 2744 205 2811 marito,
222 2761 272 2798 nec
288 2751 381 2797 tamen
398 2742 450 2796 boe
467 2743 576 2797 nomine
595 2742 631 2795 ab
643 2742 817 2810 Hieronymo
835 2757 930 2810 repre·
957 2760 1008 2797 noe
1026 2750 1121 2797 nosne
1133 2742 1296 2810 mirtisterio,
1316 2750 1450 2810 quantum
1463 2744 1543 2797 Deus
1560 2745 1640 2798 nobis
1654 2749 1790 2816 coneedit,

43 2841 81 2885 uu.
93 2828 236 2883 tenditur.
272 2828 499 2900 Respondemus:
524 2829 580 2884 imo
609 2845 675 2884 vero
699 2827 813 2899 publica
837 2827 931 2898 poeni·
957 2831 1025 2883 laec
1056 2832 1132 2884 dorsa
1165 2830 1225 2882 Dei
1253 2847 1361 2883 marma
1381 2846 1545 2884 veneramur
1568 2839 1596 2885 et
1621 2834 1694 2886 trieri
1712 2837 1791 2904 cupi·

94 2915 184 2971 tentia
202 2915 228 2970 ei
246 2916 302 2971 fnit
318 2916 454 2986 injuncta,
475 2915 550 2987 quod
568 2931 586 2970 a
603 2914 702 2970 manto
722 2914 870 2970 disortium
890 2913 929 2969 fe·
957 2932 1019 2968 6666
1037 2922 1086 2970 616.
1126 2915 1208 2968 Nilnl
1220 2915 1299 2984 juris
1318 2917 1452 2969 sumimur
1470 2918 1549 2971 nobis
1571 2918 1601 2971 in
1627 2927 1720 2972 caetra
1740 2939 1789 2989 pu·

96 3009 174 3057 cerat
187 3008 273 3074 atque
290 3002 370 3058 alteri
389 3008 531 3073 nupserat.
958 3002 1126 3066 6666611666,
1141 3019 1192 3057 nec
1205 3011 1303 3057 nostra
1316 3005 1461 3071 rcspmsrio
1474 3005 1528 3057 nim
1543 3004 1625 3059 labet
1637 3008 1791 3063 sentcntiae

43 3094 82 3126 ⁸⁸·
131 3094 190 3147 695.
227 3090 356 3145 Secunda
374 3089 528 3161 propositio
545 3088 614 3143 haec
629 3093 700 3143 esto:
736 3090 765 3142 A
781 3103 931 3140 causarum
957 3097 988 3142 ut
1001 3089 1032 3142 in
1049 3090 1132 3159 foro,
1158 3091 1211 3143 sed
1226 3089 1374 3143 consilium
1392 3098 1432 3143 est
1445 3108 1503 3162 pra
1518 3093 1687 3146 comcimttia
1704 3094 1790 3149 inter-

43 3199 83 3229 no·
96 3177 349 3231 matrimonialium
381 3177 539 3246 capnitione
574 3183 601 3229 et
636 3174 844 3245 dijudicatione
874 3192 931 3227 non
956 3177 1085 3245 repentis
1108 3177 1207 3230 6161666
1234 3176 1386 3230 secundum
1417 3192 1459 3243 ea,
1485 3194 1558 3246 quae
1581 3187 1789 3248 proponuntur.

43 3251 61 3281 ¹¹
96 3264 196 3317 dsbsm
213 3264 327 3317 excludi
342 3263 465 3331 ticolopi
481 3270 507 3316 st
525 3262 659 3316 ecclesiae
677 3261 806 3315 ministri.
844 3261 930 3315 Ante·
957 3268 983 3320 4.
1006 3261 1104 3333 Neque
1126 3262 1179 3316 hoc
1202 3262 1339 3331 volumus,
1364 3263 1443 3334 quasi
1476 3269 1625 3335 propterea
1646 3283 1791 3321 causarum

43 3409 66 3437 '-
97 3366 179 3420 quam
210 3348 282 3404 hanc
306 3349 521 3421 propositionem
551 3346 758 3415 confirmemus,
792 3346 930 3418 genuinus
956 3348 1198 3404 matrimonialium
1229 3347 1351 3420 cognitio
1377 3349 1513 3420 theologis
1537 3357 1566 3405 et
1587 3351 1720 3407 ecclesiae
1742 3354 1792 3406 mi-

43 3458 81 3490 sx·
95 3437 221 3506 ejusdem
239 3451 337 3490 sensus
355 3435 534 3507 explicandus
553 3440 603 3489 est
638 3434 662 3490 1.
682 3434 867 3504 Nequaquam
885 3433 929 3486 di·
956 3437 1049 3490 nistris
1067 3435 1223 3501 tribuenda,
1253 3435 1320 3506 quia
1345 3435 1506 3506 conjugium
1532 3436 1568 3491 sit
1586 3447 1790 3493 samamentum

43 3552 75 3603 ς,
94 3522 191 3588 cimus,
217 3522 291 3594 quod
316 3538 461 3577 causarum
492 3520 734 3576 matrimonialium
764 3520 928 3590 dijudicatio
953 3538 1019 3575 vere
1039 3529 1066 3576 et
1079 3523 1202 3592 proprie
1219 3522 1262 3575 ric
1281 3521 1393 3586 dictum,
1416 3521 1489 3591 quod
1501 3521 1598 3577 itidem
1610 3524 1706 3579 volunt
1718 3526 1791 3581 Pon·

92 3609 225 3665 adcolas
248 3608 393 3680 episcopos
414 3615 442 3664 et
466 3608 599 3664 ecclesiae
628 3607 764 3663 ministros
782 3609 928 3679 pertineat,
953 3608 1040 3674 tilicii,
1068 3609 1117 3665 sed
1143 3625 1241 3664 causas
1260 3607 1345 3679 hujus
1362 3613 1474 3663 nostram
1493 3609 1648 3666 sententiae
1666 3611 1790 3684 assigna·

92 3695 168 3766 quod
188 3695 285 3752 volunt
301 3694 448 3763 Pontificii,
467 3695 635 3749 contrarium
662 3695 735 3748 enim
753 3694 784 3749 16
801 3695 927 3764 sequenti
954 3714 1015 3750 mus
1034 3697 1117 3767 longe
1134 3696 1213 3764 alias,
1231 3702 1330 3766 utpote

91 3782 281 3854 propositione
293 3780 549 3837 demonstrabimus.
578 3787 603 3837 2.
620 3781 718 3851 Neque
729 3780 781 3834 boc
793 3781 927 3847 volumus,
989 3787 1046 3837 666.
1087 3788 1110 3838 1.
1135 3784 1182 3835 Ec
1201 3782 1329 3850 conjupii
1344 3788 1458 3836 natura.
1495 3781 1672 3854 conjugium,
1692 3801 1788 3855 quam-
1801 3791 1856 3834 xvi.
1870 3791 1916 3837 nr.

91 3867 168 3939 quod
190 3869 224 3922 ab
241 3869 470 3938 jurisdictionem
487 3869 615 3936 aliquam
641 3868 795 3920 secularem
814 3869 928 3921 ordina·
953 3869 996 3923 sis
1021 3885 1077 3922 non
1103 3867 1140 3922 sit
1170 3872 1372 3922 sacramentum
1398 3867 1508 3939 proprie
1535 3876 1562 3923 et
1586 3869 1721 3940 exquisite
1749 3872 1787 3926 sic
1800 3852 1871 3902 ‘'i'‘

91 3956 168 4009 riam
187 3972 222 4007 ac
234 3962 402 4023 potestatem
420 3955 582 4013 coactivam,
608 3953 745 4023 episcopis
769 3951 814 4006 vel
833 3968 928 4006 eorum
954 3955 1073 4025 dictum,
1091 3961 1185 4010 166666
1211 3959 1254 4010 est
1284 3954 1379 4008 divina
1396 3953 1477 4009 nnius
1501 3955 1583 4009 maris
1602 3957 1729 4011 etunius
1748 3910 1893 4013 fe·laetitio

91 4040 261 4097 officialibus
295 4056 440 4095 causarum
478 4039 720 4094 matrimonialium
764 4037 928 4108 dijudicatio
954 4043 1045 4097 minae
1063 4058 1113 4111 per
1131 4041 1294 4112 legitimum,
1326 4040 1355 4094 id
1373 4047 1416 4096 est
1432 4040 1542 4111 legibus
1561 4041 1661 4096 divinis
1680 4012 1894 4100 conor-iiim

91 4133 242 4199 competat,
260 4127 334 4199 quod
354 4127 449 4182 itidem
469 4125 727 4192 voluntPontificii,
747 4125 796 4180 sed
815 4125 844 4181 in
864 4143 927 4180 con·
954 4146 1034 4193 mem,
1055 4144 1218 4183 eonsensum
1235 4126 1402 4197 conjunctio,
1414 4133 1457 4182 est
1476 4132 1587 4182 sanctus
1604 4128 1679 4184 vitae
1698 4135 1787 4187 ,tatus
1801 4109 1903 4216 {gau

90 4214 233 4270 sistorium
250 4214 319 4270 illud
340 4230 448 4269 sacrum
472 4221 500 4268 61
529 4212 764 4281 ecclesiasticum,
789 4212 835 4266 cui
852 4213 926 4282 prin·
953 4215 1236 4270 divinitusinstitutus
1247 4219 1276 4268 et
1294 4213 1377 4267 certis
1394 4211 1503 4283 legibus
1515 4214 1736 4284 comprehensus,
1754 4233 1787 4272 ac
1800 4220 1887 4258 natura

91 4301 171 4372 cipes
196 4302 380 4370 Augustanae
411 4299 593 4355 confessionis
622 4298 727 4353 addicti
758 4299 871 4369 (quibus
897 4297 1070 4370 in¹proinde
1088 4306 1131 4356 est
1147 4318 1193 4353 res
1212 4300 1398 4356 conscientiae
1424 4297 1554 4353 adivina
1569 4299 1743 4358 institutione
1759 4306 1789 4358 et

90 4387 239 4444 territoriis
265 4403 299 4442 ac
329 4386 479 4458 provinciis
507 4386 565 4441 suis
598 4385 694 4456 vigore
728 4384 928 4454 pacificationis
955 4386 1064 4458 legibus
1081 4386 1215 4441 divinitus
1234 4384 1415 4456 promulgatis
1435 4384 1603 4455 dependens,
1627 4387 1701 4443 unde
1720 4405 1789 4443 uxor

92 4472 284 4530 Passaviensis
313 4473 385 4544 juris
409 4472 573 4542 episcopalis
605 4470 764 4526 exercitium
787 4471 929 4541 competit)
955 4472 1056 4527 dicitur
1072 4474 1153 4527 socia
1169 4473 1306 4539 foederis,
1325 4472 1396 4527 inter
1416 4488 1499 4543 quam
1517 4477 1546 4526 et
1561 4473 1691 4528 maritum
1708 4475 1790 4529 Dens

92 4577 243 4617 musarum
261 4558 503 4631 matrimonialium
530 4556 716 4628 cognitionem
746 4563 775 4611 et
792 4557 1340 4629 61]·66166-,16661666666166661661.
1365 4563 1389 4614 2.
1407 4575 1432 4614 v.
1454 4563 1485 4613 14
1509 4574 1572 4612 cum
1596 4558 1673 4614 Deus
1696 4560 1789 4616 adbuc

92 4649 198 4703 tionem
225 4645 396 4701 committere
423 4644 554 4715 cupiunt,
582 4661 637 4698 nou
663 4642 791 4713 politicas
810 4634 1036 4711 tantum‚'hodie
1051 4644 1112 4714 pios
1126 4645 1421 4714 conjugessuaquasi
1430 4661 1516 4698 manu
1527 4647 1681 4715 conjunpat
1689 4645 1789 4705 116116.

93 4735 145 4790 sed
174 4734 257 4789 etiam
287 4731 489 4787 ecclesiasticas
515 4746 646 4801 personas
677 4728 871 4783 adsciscendas
901 4736 929 4783 et
958 4738 996 4787 19.
1009 4748 1034 4785 v.
1055 4736 1079 4785 6.
1093 4731 1187 4784 mittat
1205 4731 1435 4799 anpelumsnum
1448 4731 1497 4799 qui
1511 4732 1626 4799 nuptiae
1640 4732 1714 4787 inter
1722 4734 1789 4803 pios

94 4820 266 4891 cooptandus
283 4836 343 4874 ease
361 4819 492 4887 dicimus,
524 4817 624 4887 quibus
648 4832 704 4869 non
729 4813 820 4869 minus
846 4832 927 4886 quam
954 4818 1084 4872 conaliet
1101 4815 1172 4871 Gen.
1194 4822 1236 4881 24,
1254 4834 1279 4870 v.
1300 4823 1323 4870 1.
1336 4824 1493 4885 praeparet
1510 4818 1659 4886 unicuique
1674 4836 1790 4874 uxorem

94 4907 216 4979 politicis
232 4907 263 4961 in
279 4905 349 4960 illud
368 4903 515 4975 collegium
541 4903 677 4972 cooptatis
694 4901 824 4973 delegata
841 4920 929 4973 quae·
954 4923 1034 4958 msam
1053 4920 1114 4974 cap.
1130 4902 1220 4973 ejusd.
1237 4920 1264 4958 v.
1288 4908 1329 4958 14.
1346 4903 1427 4958 Pron.
1451 4909 1490 4968 19,
1509 4920 1534 4958 r.
1555 4908 1595 4958 14.
1614 4902 1683 4960 Tob.
1702 4911 1728 4972 6,
1748 4912 1789 4963 22.

94 4996 161 5050 dam
177 4997 301 5064 potestas
322 4992 455 5062 competit
482 4989 615 5046 ecclesiae
632 5005 665 5043 aa
685 4989 862 5059 magistratus
880 5006 928 5043 no·
940 5016 943 5083 Ι
955 4991 1029 5046 unde
1048 5005 1125 5054 uxor,
1145 5005 1218 5059 quae
1236 4988 1368 5059 relinquit
1385 4988 1513 5044 maritum
1538 5006 1618 5044 suum
1645 4996 1673 5046 et
1693 4992 1790 5047 alienis

93 5081 169 5136 mine
196 5079 226 5134 in
248 5079 340 5134 censis
374 5075 622 5133 matrimonialibus
643 5075 813 5146 judicialiter
830 5075 1095 5185 cogno-lamoribus
1120 5092 1181 5131 sese
1204 5075 1343 5146 implicari
1366 5076 1487 5146 patitur,
1520 5077 1648 5131 oblivisci
1685 5081 1790 5133 dicitur

93 5167 199 5231 scendi,
210 5164 388 5237 procedendi,
400 5164 558 5229 definiendi,
574 5161 749 5228 exsequendi.
775 5167 800 5216 3.
816 5161 862 5216 Ab
877 5161 929 5217 hoc
952 5165 1035 5235 pacti
1051 5163 1111 5217 Dei
1129 5164 1176 5216 sui
1193 5162 1273 5218 Prov.
1293 5168 1318 5229 2,
1339 5181 1364 5216 v.
1387 5168 1427 5220 t'l.
1465 5162 1507 5216 Ex
1537 5161 1638 5233 quibus
1663 5164 1791 5218 omnibus

90 5252 201 5324 judicio
222 5270 285 5307 cum
302 5256 440 5322 potestate
452 5249 578 5305 coactiva
594 5250 741 5318 conjuncto
759 5247 929 5319 distinguen·
957 5252 998 5306 616
1025 5249 1224 5305 concludimus.
1282 5249 1361 5314 Quae
1386 5249 1588 5304 coutroversiae
1622 5256 1791 5307 concernunt

95 5341 164 5395 dum
181 5344 224 5394 est
241 5339 384 5408 judicium
413 5338 608 5401 discretivum,
636 5352 691 5406 quo
706 5336 788 5405 juxta
806 5351 929 5390 normam
956 5354 1014 5392 rem
1033 5335 1218 5392 conscientiae
1241 5340 1270 5390 et
1299 5335 1520 5406 conjunctionem
1551 5336 1683 5391 divinitus
1712 5336 1791 5391 insti-

94 5425 175 5481 verbi
205 5425 293 5479 divini
320 5425 349 5480 in
380 5425 490 5480 casibus
515 5421 762 5479 matrimonialibus
786 5421 878 5476 dubiis
903 5430 930 5477 et
956 5428 1046 5478 tutam
1063 5427 1092 5478 et
1110 5421 1295 5492 peculiaribus
1307 5420 1418 5492 legibus
1439 5422 1572 5477 divinitus
1591 5421 1789 5493 confirmatam,

95 5512 280 5568 conmoversis
304 5529 321 5566 6
343 5512 458 5579 collegio
483 5512 602 5583 quodam
629 5508 784 5579 theologico
809 5526 929 5578 pronun·
958 5511 994 5566 ab
1014 5511 1074 5580 rJ‘us
1091 5507 1248 5578 cognitione
1266 5524 1300 5562 ac
1311 5507 1508 5578 dijudicatione
1522 5508 1646 5579 theologi
1658 5514 1687 5563 61
1704 5507 1791 5565 66616·

95 5599 189 5668 fiatur,
209 5598 279 5671 quid
297 5597 482 5655 6666666666
500 5597 607 5653 radone
624 5595 783 5651 faciendum
802 5595 847 5650 sit
876 5562 1016 5652 Jn-isiae
1032 5596 1150 5651 ministri
1166 5612 1221 5650 666
1238 5601 1354 5666 possunt
1376 5612 1428 5651 nec
1444 5596 1549 5653 debant
1565 5594 1728 5667 simpliciter
1745 5612 1792 5651 ex·
1887 5666 1892 5674 .
