4020 6022
813 334 865 389 DE
883 331 1082 390 coutuuio.
1731 342 1792 401 229

99 494 130 541 ut
149 495 264 557 potrum
277 489 402 558 populns
420 490 450 543 in
469 490 653 561 Baehrhepor.
694 488 763 551 Ques
776 490 888 558 fortior
908 495 935 541 et
960 490 1043 542 modo
1062 489 1205 558 impediat.
1239 492 1313 545 Nam
1328 509 1360 545 rr
1377 492 1433 545 toli
1449 492 1581 562 conjugio
1596 492 1697 560 proles
1713 492 1794 546 nasci

99 574 136 626 ab
154 574 332 629 incunabulis
363 578 423 629 rurs
451 577 584 630 murmior
610 576 669 629 Dei
693 575 819 648 Spiritu,
850 594 935 647 want
956 581 1048 643 potest
1078 583 1104 628 et
1127 576 1235 630 iustitrsi
1255 579 1285 631 in
1308 579 1460 646 relipione,
1480 578 1547 631 lieet
1572 578 1737 647 difficilius,
1766 587 1794 632 et

98 660 250 714 nasiraeus
290 661 433 716 Samson!
461 670 488 716 et
523 664 582 733 ipse
600 663 735 733 proditus
761 670 802 717 cst
826 670 852 717 st
875 663 935 731 ipse
960 660 1118 729 alimmndo
1136 662 1381 733 acciderepotest,
1399 672 1428 717 ut
1446 682 1503 718 non
1519 665 1604 717 etiam
1621 664 1793 734 impediatur

98 762 153 814 per
183 748 329 801 mulierem
359 766 416 803 non
442 750 538 818 potuit
570 766 652 803 suam
682 756 773 804 tenere
802 749 933 817 oratiam.
959 747 1019 801 utto
1036 750 1119 801 modo
1137 748 1275 815 educatio,
1291 766 1454 820 nequepas,
1473 758 1504 804 ut
1517 751 1790 821 sialtsrmrp‘upum

98 831 236 905 Exposita
253 833 301 889 illa
319 835 355 889 de
373 835 505 891 Samsonc
524 835 638 892 historia
655 837 767 892 tandem
784 835 933 897 concludit,
944 868 947 903 ,
959 834 994 886 ds
1012 833 1149 903 relipiouo
1171 834 1243 888 nihil
1260 845 1353 904 curat,
1377 845 1427 891 ont
1444 840 1510 891 bone
1530 839 1567 892 sit
1584 840 1700 908 affcctns
1718 854 1788 907 erpa

98 920 152 973 hoo
169 923 294 991 masupia
312 923 413 992 lenaei,
444 924 668 994 alienigenarum
695 923 837 977 omnortia
854 910 1058 993 refu-iridem
1109 924 1133 977 2.
1164 923 1296 993 exemplis
1327 933 1502 994 sanctorum,
1537 926 1588 994 qni
1615 926 1676 978 sine
1707 926 1792 979 dubio

97 1006 212 1076 mendo,
229 1024 264 1062 ne
279 1026 335 1078 pro
354 1010 476 1063 caritate
488 1010 615 1079 eonjupii
620 1010 797 1079 proditionis
810 1008 933 1062 insidiae
956 1005 1116 1074 infidelibus
1135 1008 1280 1077 conjuncti
1289 1028 1345 1063 non
1355 1011 1484 1078 fisissmt,
1499 1012 1527 1063 si
1537 1010 1571 1064 id
1582 1012 1789 1065 matrimonium

96 1095 257 1148 succedam.
307 1095 385 1149 Idem
407 1095 455 1152 lib.
482 1100 506 1151 8.
534 1112 632 1151 comm.
662 1096 691 1150 in
709 1095 777 1151 Luc.
797 1111 857 1165 cap.
885 1100 932 1149 tu:
952 1092 1022 1159 jure
1040 1100 1159 1147 nmurae
1176 1094 1290 1149 irritum
1307 1105 1386 1152 esset.
1414 1098 1542 1159 ,ursum
1559 1105 1652 1152 autem
1666 1097 1791 1167 erempla

99 1179 280 1234 Christianae
306 1183 456 1249 partilibus
476 1199 533 1237 non
550 1183 719 1252 copulantur
736 1183 797 1236 Dei
807 1181 932 1250 judicio,
957 1175 987 1229 in
1005 1176 1065 1247 laps
1082 1186 1214 1249 natiuae,
1234 1182 1264 1235 iu
1291 1182 1352 1252 lege
1371 1183 1479 1253 sorrpta
1500 1192 1526 1237 et
1543 1184 1574 1237 in
1590 1184 1651 1253 ispo
1671 1184 1790 1253 gratias.

33 1261 76 1305 Μ
95 1284 158 1321 cum
182 1267 228 1321 lec
251 1267 405 1336 prohibeat.
450 1269 510 1323 Sed
528 1269 650 1324 assumit
676 1270 765 1331 illud,
798 1269 874 1337 quod
891 1267 933 1320 ait
958 1263 994 1315 In
1018 1264 1078 1334 laps
1107 1273 1228 1319 natrsrae
1251 1268 1345 1322 Jacob
1367 1270 1446 1323 ducit
1467 1286 1569 1323 umores
1590 1270 1672 1339 filios
1690 1270 1789 1324 Loban.

95 1352 247 1410 Salomon:
270 1356 296 1407 A
325 1357 388 1409 Deo
408 1363 607 1427 praeparatur
621 1357 683 1410 siro
710 1374 781 1410 uror
799 1354 930 1412 Proverb.
956 1348 1790 1428 idololatroeJosephduaitfiliamPotiphorisrleppptiam,

97 1445 137 1495 lu.
159 1442 236 1509 quod
255 1441 304 1509 qni
323 1441 351 1493 in
372 1442 484 1495 Graeco
503 1442 584 1511 iepit,
608 1460 663 1495 uon
679 1449 765 1514 putat
788 1457 847 1494 esse
866 1457 931 1492 cau·
956 1437 1071 1503 Moyses
1083 1439 1291 1504 filiani-tethro
1306 1442 1523 1512 Aethiopissam.
1555 1444 1591 1496 ln
1600 1444 1661 1511 ispe
1680 1443 1790 1511 scripta

93 1528 231 1593 tras-ium,
263 1527 328 1581 boue
346 1528 418 1581 enim
439 1528 510 1581 (linit
528 1530 654 1583 &ocum
669 1527 825 1599 ἁρμόζεται.
854 1526 931 1579 Ηαν-
956 1521 1060 1575 Esthor
1095 1527 1192 1595 nupsit
1227 1528 1351 1582 Assuero
1387 1530 1449 1597 rapi
1484 1530 1637 1583 Persarum
1671 1528 1788 1595 ethnico,

93 1613 188 1666 monia
220 1614 293 1665 onim
324 1616 486 1668 conueniens
524 1622 549 1668 et
579 1623 647 1685 opta
685 1633 780 1669 rrrum
809 1615 929 1667 ‹mirrium
957 1607 1090 1665 Salomon
1119 1613 1199 1666 auru
1226 1630 1338 1669 imorem
1356 1614 1451 1682 filiam
1484 1616 1657 1679 Pharaonis,
1691 1615 1790 1669 David

93 1699 201 1753 ‹lr'situr
218 1702 367 1754 commisso
385 1701 519 1755 connerio
537 1706 589 1758 etc.
634 1703 735 1772 Itaqrea
753 1720 810 1755 non
828 1701 928 1754 habent
955 1697 1063 1765 moeps‘t
1081 1698 1176 1765 filiam
1199 1700 1275 1769 repis
1302 1700 1424 1769 Gesner,
1468 1707 1493 1758 2.
1516 1701 1585 1774 Reg.
1614 1708 1638 1756 3.
1666 1704 1703 1755 In
1728 1702 1788 1770 laps

93 1785 271 1840 harmoniam
294 1803 375 1839 snam
399 1788 527 1856 nuptiae,
550 1788 664 1856 meando
683 1788 845 1842 Christiano
867 1740 1065 1849 virolaratiae
1090 1792 1228 1839 testantur
1257 1785 1444 1856 Hieronymus
1467 1787 1516 1844 lib.
1546 1794 1568 1843 1.
1594 1788 1624 1842 in
1647 1787 1787 1844 Jovinian.

92 1872 208 1939 perditis
231 1872 330 1926 mulier
353 1892 409 1926 non
427 1874 550 1941 lepitime
576 1874 732 1942 cmrulatur.
776 1876 855 1942 Er90
883 1854 982 1943 rutilet
1002 1867 1176 1940 Augustinus
1201 1871 1248 1928 lib.
1271 1872 1306 1929 de
1333 1872 1380 1928 fid.
1405 1879 1435 1928 et
1456 1874 1561 1944 operib.
1587 1890 1648 1945 cap.
1674 1879 1713 1930 19.
1737 1892 1788 1927 sim

92 1960 216 2028 irreptiae,
234 1960 399 2024 harnronia,·
415 1960 464 2013 ubi
479 1959 637 2028 harmrmia,
658 1962 736 2013 Deus
755 1960 862 2028 junpit;
880 1960 930 2013 ubi
953 1961 1076 2022 tempore
1089 1958 1184 2023 fluisse
1207 1958 1434 2028 freousuussino
1457 1961 1489 2014 in
1513 1960 1631 2014 ecclesia
1649 1958 1789 2029 ejusmodi

92 2045 242 2099 harmonio
260 2063 315 2098 non
334 2054 382 2111 est,
397 2064 498 2115 praua
515 2052 599 2115 atque
618 2046 757 2100 dissemm
775 2053 829 2111 est,
856 2062 928 2115 quos
953 2040 1086 2109 conducio
1109 2049 1135 2095 ct
1158 2044 1284 2112 utramvis
1305 2063 1323 2098 a
1347 2046 1480 2114 patrituo
1506 2046 1788 2115 reprehendebantur,

92 2150 149 2186 non
166 2142 210 2186 est
227 2150 245 2186 a
267 2134 340 2200 Deo,
360 2132 428 2201 quia
440 2134 519 2185 Deus
537 2132 645 2186 caritas
660 2141 708 2189 est.
742 2132 927 2203 Hieronymus
953 2134 1045 2180 tamen
1068 2143 1123 2180 non
1141 2130 1354 2198 dirimebantur,
1378 2148 1428 2185 nec
1453 2141 1493 2185 est
1520 2132 1680 2201 probabile,
1691 2132 1788 2198 fuisse

93 2217 154 2274 libr.
192 2226 214 2274 l.
247 2219 310 2273 adv.
338 2218 430 2275 levin.
479 2220 657 2274 Christianos
685 2236 744 2289 sos,
774 2220 825 2289 qui
859 2236 928 2288 apo·
953 2214 1081 2278 tolerata,
1094 2215 1201 2269 sircru
1211 2218 1596 2283 matrimonianonfuissont.
1627 2220 1787 2288 Cyprianus

91 2305 162 2360 stoli
178 2305 331 2373 jussionem
366 2312 567 2359 contemnentes
599 2306 748 2375 gentilibus
760 2307 928 2375 junpuntur,
952 2300 1053 2371 (iuquit
1079 2300 1253 2373 Augustinus
1282 2304 1301 2358 l.
1328 2304 1366 2372 (l.)
1387 2307 1509 2374 jurium
1535 2324 1596 2360 cum
1628 2304 1787 2374 iufitltll'but

91 2393 198 2460 templa
235 2390 343 2445 Christi
382 2392 469 2446 idolig
504 2393 675 2463 prostituere
723 2392 830 2449 merit·
869 2392 927 2446 Au.
952 2387 1064 2439 &timia
1087 2389 1261 2442 mairimoiiii
1282 2390 1353 2443 ”lilii
1381 2391 1466 2444 alind
1491 2408 1548 2445 6888
1573 2392 1676 2444 attend
1701 2408 1784 2460 quam

91 2478 221 2550 guntinus
259 2477 295 2532 de
336 2476 382 2532 fid,
426 2484 454 2532 et
495 2478 600 2549 operib,
647 2496 671 2536 ο,
718 2485 757 2535 19,
795 2478 929 2550 disputat,
950 2474 1102 2542 prostituere
1126 2476 1251 2544 pentibus
1281 2477 1405 2530 rraembra
1423 2478 1542 2541 Christi,
1573 2480 1650 2548 quod
1678 2478 1784 2531 icastris
1798 2492 1840 2536 tu.
1853 2492 1897 2535 377.

93 2565 265 2635 Lppriauum
314 2566 425 2635 quidem
475 2566 548 2620 irum
596 2566 764 2637 pravissima
807 2566 928 2621 erimina
952 2562 1121 2630 temporibus
1132 2563 1266 2632 jarnnon
1280 2572 1399 2633 putatur
1410 2580 1469 2619 esse
1476 2572 1631 2634 peccatum,
1651 2564 1783 2633 antoniam

88 2653 233 2723 posuisse,
268 2670 330 2705 cunr
367 2652 530 2721 infidelibus
556 2654 766 2707 matrimonium
795 2654 927 2721 jumperc,
952 2664 1050 2702 reuera
1077 2649 1107 2701 iu
1125 2650 1206 2704 Nono
1228 2652 1403 2705 Testamenta
1429 2651 1502 2705 nibil
1521 2651 1587 2705 inde
1603 2660 1784 2720 pracceptum
1858 2722 1861 2727 Ι
1938 2668 1942 2679 ·

91 2740 122 2792 in
160 2737 317 2806 Scrrptrsris
353 2746 443 2792 torisa
480 2740 556 2793 Noui
595 2740 765 2793 Testamenti
806 2756 836 2793 ss
872 2756 927 2793 non
952 2742 994 2786 est
1010 2743 1036 2787 et
1052 2735 1118 2788 ideo
1131 2736 1489 2807 asdlioerocreditumest,
1506 2745 1556 2791 aut
1572 2738 1647 2792 oelrst
1668 2738 1784 2790 dubium

90 2825 230 2893 reperisse
263 2825 317 2877 hae
343 2826 378 2878 de
405 2842 437 2877 re
461 2833 564 2879 certum
589 2826 786 2893 testimonium,
814 2824 927 2880 tandem
953 2821 1118 2874 derelictum
1141 2830 1189 2876 est.
1227 2824 1381 2878 Prodereo
1412 2832 1512 2877 sancta
1543 2825 1660 2878 Monica
1693 2822 1784 2878 sirum

92 2930 158 2967 vero
174 2910 324 2975 concludit,
343 2912 455 2965 omnino
473 2914 631 2966 conandum
644 2929 712 2980 esse,
731 2928 766 2965 nc
778 2909 1047 2975 riauttalsslhobuit
1072 2927 1216 2977 paparum
1244 2916 1314 2965 teate
1345 2910 1503 2982 Augustino
1533 2909 1595 2964 libr.
1616 2916 1638 2963 n.
1666 2909 1782 2965 confess.

90 2997 313 3067 conjunctiones,
337 2998 408 3067 quiid
431 2998 504 3051 enim
530 2998 641 3068 (inquit)
664 3016 734 3069 opus
758 3005 800 3051 ost
817 2998 847 3052 in
864 3005 926 3051 tan·
951 3012 1012 3065 cap.
1034 3002 1057 3051 9.
1083 3000 1111 3050 et
1138 2994 1271 3050 Olotrldis
1303 2996 1467 3051 Christiana
1498 3000 1592 3065 nupsit
1624 2997 1783 3052 Glodouaeo

91 3093 147 3138 tum
158 3084 310 3137 discrimen
327 3084 618 3154 ambipuitatiscaput
636 3085 764 3139 mittere?
782 3084 828 3140 lib.
847 3090 869 3141 1.
889 3084 924 3138 ad
950 3082 1013 3152 regi
1030 3083 1206 3136 Francorum
1225 3083 1332 3137 ethrtiso
1348 3087 1418 3138 teste
1437 3082 1573 3154 Gregorio
1590 3082 1693 3137 Turan.
1719 3083 1737 3135 l.
1757 3089 1783 3141 2.

91 3169 257 3225 Pollentiam
288 3186 349 3239 cap.
377 3175 425 3224 21:
454 3170 498 3223 Ne
527 3171 611 3224 nubat
634 3170 749 3239 semina
774 3188 830 3225 non
858 3188 925 3224 urae
951 3168 1012 3223 hist.
1034 3185 1058 3224 o.
1078 3174 1117 3224 28.
1147 3177 1265 3239 utrumn
1292 3178 1385 3223 autem
1411 3170 1469 3234 fuit
1493 3170 1547 3238 pia
1570 3178 1595 3222 et
1626 3170 1715 3223 sirum
1741 3171 1784 3222 ad

91 3257 240 3325 sclipionis
257 3257 319 3311 riro
339 3257 381 3311 uel
400 3257 445 3310 oir
465 3257 551 3311 talem
566 3259 650 3311 slucct
662 3274 785 3326 urorem,
804 3258 838 3310 id
854 3258 925 3311 euim
936 3264 939 3277 '
951 3257 1033 3319 tirum
1058 3257 1198 3311 conuertit.
1243 3256 1323 3320 Quod
1341 3273 1396 3311 non
1421 3256 1459 3309 ait
1473 3255 1700 3327 impedimentum
1719 3256 1784 3311 diri·

86 3344 167 3413 jubet
201 3344 292 3409 troo,
323 3344 402 3397 docet
421 3344 580 3413 apostolus,
611 3351 757 3413 utrumque
785 3345 926 3414 praecipit
951 3358 1027 3396 mens
1043 3344 1106 3413 jure
1128 3341 1220 3397 divino
1247 3343 1381 3413 positivo,
1409 3342 1510 3413 probat
1537 3360 1569 3398 ex
1596 3358 1642 3407 eo,
1670 3361 1736 3397 nam
1753 3343 1783 3398 in

95 3431 304 3485 Testamentum.
937 3438 940 3501 t
954 3431 1128 3483 Testamenta
1140 3430 1219 3483 Nouo
1232 3447 1286 3482 non
1301 3437 1390 3483 enatat
1401 3431 1458 3483 tole
1466 3438 1658 3500 prmospmm.
1692 3431 1783 3483 Verba

33 3533 38 3571 ι
126 3520 186 3571 389.
221 3514 349 3570 Secunda
378 3513 540 3570 Bellarmini
570 3514 723 3585 propositio
752 3516 793 3570 sic
824 3504 1022 3575 habetzlenim
1041 3516 1137 3583 Pauli,
1156 3523 1261 3569 tantum
1277 3515 1307 3568 in
1327 3517 1451 3569 Domino
1470 3524 1494 3570 et
1511 3516 1598 3570 nolite
1610 3517 1713 3587 jugum
1732 3519 1782 3570 dre-

33 3585 65 3674 21¹?
91 3603 307 3657 Matrimonium
332 3603 406 3656 irrter
434 3602 545 3666 fidelem
576 3608 603 3655 et
631 3602 772 3671 infidelem
805 3621 861 3656 non
884 3588 1012 3663 estloere
1038 3618 1099 3655 orrm
1130 3601 1303 3668 infidelibus,
1328 3620 1385 3653 nou
1401 3601 1537 3670 probant,
1561 3602 1619 3654 nisi
1641 3618 1697 3655 non
1725 3618 1783 3657 esso

33 3697 67 3727 Μ
91 3690 204 3743 initum
220 3689 285 3756 iuro
305 3689 410 3757 diuino,
428 3689 557 3742 naturali
574 3687 618 3741 cel
635 3688 767 3758 positivo,
785 3690 829 3743 uel
848 3698 925 3743 certa
936 3670 940 3763 l
952 3688 1171 3741 contrahendum
1189 3705 1251 3740 orsrn
1270 3687 1445 3755 r'nfislelibum
1472 3704 1529 3740 non
1542 3694 1634 3741 autem
1653 3689 1781 3761 probant,

33 3748 76 3847 ,lm
91 3776 192 3845 aliqua
216 3777 278 3843 lcpe
305 3775 449 3831 ecelsdae.
488 3775 646 3846 Antequam
672 3773 745 3829 hanc
763 3767 1157 3853 propositio-{matrimonium
1176 3789 1237 3826 esse
1262 3773 1382 3827 irritum.
1426 3775 1464 3825 Iu
1489 3775 1665 3827 Testamenta
1687 3782 1781 3827 ornem

33 3851 68 3931 ,2¹¹¹
92 3880 155 3918 nem
178 3863 291 3934 probet,
320 3861 420 3917 refellit
443 3861 619 3916 Dominicum
643 3861 744 3917 aSoto
773 3861 869 3932 quiin
900 3862 939 3917 tl
954 3860 1048 3913 Veteri
1063 3877 1119 3913 non
1139 3858 1278 3911 invonitur
1294 3866 1476 3928 praeceptum
1495 3860 1536 3912 ita
1551 3860 1703 3925 prohibens
1717 3878 1780 3915 son·

34 3968 41 3979 ·
92 3955 210 4005 sentent
239 3948 360 4004 distinct.
381 3955 422 4005 34.
442 3966 469 4020 q.
497 3947 686 4003 ananiel.
711 3948 863 4015 existimat,
890 3936 1029 4017 exljupia
1050 3962 1111 3999 oum
1130 3946 1300 4014 infidelibus,
1316 3952 1392 3997 siloa
1408 3946 1594 3998 rramrrsmur
1612 3946 1707 4012 irrita,
1725 3948 1782 4001 nisi

96 4044 116 4095 i.
128 4034 250 4093 Corinth
262 4042 285 4103 i,
302 4054 328 4089 r.
349 4041 387 4092 13.
403 4035 451 4090 ubi
470 4034 563 4099 ridelis
577 4054 596 4089 a
608 4036 726 4105 conjupc
740 4035 852 4105 infideli
868 4052 924 4090 nou
935 4044 939 4111 j
950 4033 1030 4102 apud
1047 4032 1174 4085 Esdram
1185 4029 1233 4085 lib.
1255 4036 1276 4085 l.
1295 4045 1356 4100 cup.
1374 4036 1398 4084 9.
1413 4036 1441 4084 et
1458 4035 1496 4085 10.
1515 4032 1564 4083 ubi
1575 4033 1674 4085 Esdra
1692 4034 1779 4100 lepsm

88 4122 225 4192 separari
238 4123 430 4192 permittitur,
448 4121 590 4177 evidenter
609 4121 721 4191 probari
740 4138 830 4193 posse,
848 4119 1069 4205 orrodlDomini
1095 4120 1296 4187 interpretante
1319 4119 1447 4187 separati
1472 4120 1555 4182 fuero
1569 4120 1632 4187 filii
1650 4121 1743 4173 Isra'c'l
1761 4138 1780 4172 a

90 4209 298 4263 rnatrimonium
315 4210 388 4262 inter
404 4209 517 4273 fidelem
537 4216 563 4261 et
581 4208 722 4277 infidelem
741 4209 845 4263 nonsit
855 4205 1110 4277 jurelconjupibus
1137 4204 1311 4268 infidelibus,
1339 4222 1411 4273 quas
1437 4206 1584 4261 desumant.
1633 4206 1691 4259 Sed
1707 4205 1781 4258 illud

89 4296 187 4349 diuino
204 4296 325 4348 irritum.
365 4294 399 4347 Si
417 4296 488 4348 enim
504 4295 570 4362 jure
595 4294 691 4349 diuino
713 4295 826 4348 irritum
845 4270 1141 4363 essd‚lpraecrptum,
1166 4298 1303 4360 quaerum
1333 4291 1451 4345 irritam
1478 4292 1698 4355 matrimonium,
1721 4292 1780 4357 suit

90 4383 231 4451 quomodo
262 4381 370 4435 Paulus
395 4382 566 4451 permitteret
594 4381 624 4434 in
647 4382 702 4435 toli
723 4382 923 4449 coniunctione,
936 4372 938 4379 ’
944 4378 1099 4449 judiciale,
1126 4396 1182 4431 non
1201 4378 1347 4441 naturale,
1374 4385 1404 4431 ut
1421 4378 1566 4447 colliyitur
1583 4396 1616 4432 es
1635 4395 1681 4437 eo,
1704 4381 1780 4447 quod

88 4483 161 4538 quae
179 4467 344 4531 fornicaria
367 4466 428 4521 sine
450 4468 535 4521 drcbio
560 4473 638 4534 esset,
662 4466 832 4521 Christianos
856 4454 1038 4535 per-isolnm
1053 4465 1226 4535 prohibuerit
1245 4464 1379 4534 conjurio
1401 4466 1577 4527 threorum
1602 4483 1663 4517 cunr
1680 4464 1778 4533 infide-

87 4556 223 4609 manerei
275 4554 459 4609 Bellurminus
490 4553 555 4608 huic
586 4552 645 4609 Soti
673 4552 772 4608 rationi
800 4552 1023 4643 opponitplibus
1054 4551 1242 4605 habitantibus
1272 4552 1302 4603 in
1332 4558 1411 4604 terra
1440 4550 1570 4620 Ganaan,
1600 4570 1669 4621 quos
1701 4553 1780 4605 Deus

90 4640 167 4714 quod
186 4636 333 4710 apostolus
350 4659 405 4695 non
421 4640 576 4710 permittat,
602 4640 719 4707 ⁸fidelem
737 4657 797 4692 oum
814 4640 939 4706 infideli⁵
952 4638 1063 4692 omuino
1086 4638 1207 4703 interfici
1229 4645 1254 4689 st
1272 4638 1366 4692 richeri
1380 4639 1503 4701 calchal,
1529 4655 1584 4691 uon
1608 4646 1701 4691 autem
1718 4654 1780 4691 cum

90 4726 272 4793 contrahere,
302 4729 352 4780 ssd
376 4726 584 4780 matrimonium
601 4744 662 4779 erint
687 4726 798 4789 infideli
815 4724 1113 4787 contra--iuridelibns
1130 4725 1238 4779 culmis.
1275 4724 1401 4795 Denique
1427 4724 1502 4795 quod
1521 4724 1613 4778 cultus
1633 4724 1780 4795 disparitas

90 4822 165 4868 otum
188 4814 332 4884 parentat
357 4832 414 4865 non
437 4812 538 4865 dirimi
557 4828 612 4881 por
637 4812 839 4866 concasionsm
856 4794 1005 4877 alte-{non
1026 4808 1063 4862 sit
1080 4808 1306 4879 impedimentum
1331 4810 1462 4866 dirimens
1481 4811 1517 4866 ob
1534 4806 1638 4867 certam
1658 4812 1779 4883 aliquam

88 4900 151 4954 rius
177 4898 314 4968 conjupis.
360 4900 426 4953 Non
453 4906 493 4953 est
512 4906 604 4952 autom
628 4916 809 4968 consequens,
839 4906 869 4952 ut
898 4894 1037 4967 si=legem
1071 4894 1217 4964 ccclesiae,
1239 4896 1340 4968 probat
1367 4914 1401 4951 ex
1420 4914 1466 4965 eo,
1498 4898 1565 4967 quia
1589 4899 1671 4953 surella
1690 4908 1779 4953 erstnt

93 4986 186 5039 multus
215 4986 371 5055 disparitsrs
398 5002 453 5039 non
482 4984 600 5038 dirimat
630 4985 835 5039 matrimoni-um
859 4984 1015 5081 iureitolis
1034 4983 1087 5037 len.

94 5072 191 5125 (lirino
217 5080 299 5126 orites
317 5078 501 5140 contractum,
526 5088 581 5124 non
607 5071 725 5124 dirimat
750 5071 831 5125 etism
855 5079 937 5147 postp
984 5077 1042 5127 390.
1077 5068 1158 5125 Circa
1179 5069 1250 5124 hanc
1275 5069 1487 5141 propositionem
1514 5076 1542 5126 et
1563 5071 1624 5142 ejus
1642 5072 1779 5141 probatio·

89 5165 278 5226 contractum,
301 5174 367 5210 nani
387 5158 585 5228 impedimenta
608 5156 771 5209 dirimentis
790 5156 839 5211 hos
852 5158 1011 5226 pro-Quem
1030 5155 1084 5211 tria
1102 5162 1247 5223 notamus,
1294 5163 1316 5212 l.
1336 5173 1386 5211 nos
1405 5156 1435 5208 in
1452 5174 1559 5210 sumum
1576 5158 1621 5211 rei
1639 5174 1702 5213 cnm
1717 5159 1779 5215 Bel·

89 5246 184 5313 prium
202 5244 310 5311 hobam,
329 5251 360 5295 ut
377 5244 527 5311 dirimant,
545 5243 573 5296 si
592 5244 655 5313 ipso
665 5244 846 5311 praecedunt,
867 5242 1063 5313 -rum,larmino
1093 5241 1256 5297 consentire.
1309 5240 1462 5297 statuimus
1493 5243 1566 5297 enim
1605 5243 1688 5299 etiam
1725 5245 1777 5314 ipsi

92 5330 238 5394 dirimant,
260 5330 287 5383 si
303 5338 464 5398 sequantur.
502 5328 611 5385 Omissa
629 5328 714 5399 igitur
733 5326 790 5382 Soti
807 5320 1043 5405 ratione,Joont1u
1062 5327 1283 5398 rirrabaptistus,
1309 5327 1496 5381 Photinianos
1514 5336 1543 5383 et
1560 5330 1692 5402 quosdam
1713 5328 1777 5383 Cal-

92 5417 165 5487 quod
191 5416 281 5471 cultus
305 5414 452 5486 disparitas
470 5432 525 5470 non
553 5415 590 5470 sit
606 5414 831 5485 impedimentum
857 5414 920 5469 diri·
934 5414 1090 5483 prinianas,
1118 5411 1208 5467 cultus
1228 5429 1262 5467 ao
1282 5412 1422 5485 religionis
1440 5413 1631 5485 disparitatem
1649 5432 1699 5471 nco
1714 5417 1778 5487 jure

92 5520 169 5559 mens
178 5505 242 5576 jure
254 5501 383 5569 naturali,
396 5502 495 5573 probet
507 5502 612 5573 duplici
626 5508 796 5572 argumento,
816 5506 838 5555 i.
853 5502 922 5570 quia
933 5524 936 5577 Ι
948 5500 1056 5567 divino,
1080 5515 1132 5554 riso
1151 5500 1270 5554 naturali
1294 5500 1497 5556 matrimonium
1523 5502 1638 5557 reddero
1662 5502 1777 5567 irritum,

94 5606 147 5645 son
168 5590 244 5645 tollit
270 5590 382 5644 omniuo
406 5590 489 5655 finem
512 5587 699 5656 matrimonii,
728 5586 794 5641 lust
822 5587 1000 5659 alimminec
1016 5587 1081 5657 juro
1100 5585 1219 5657 positivo
1238 5586 1424 5643 ecclesiastico
1442 5589 1485 5644 vel
1502 5588 1616 5659 politico
1636 5588 1672 5643 sd
1692 5588 1777 5659 impe·

939 1838 943 1851 θ
