4020 6022
779 299 830 354 DE
849 297 1048 356 OONJUGIO.
1726 307 1763 363 ot

72 454 130 510 uini
149 454 377 523 dispositionem:
418 456 485 509 Non
511 472 634 508 assumes
663 472 761 510 nomen
789 451 908 509 Domini
937 457 994 507 tate
1018 443 1126 526 paterni
1149 473 1298 512 cousensus
1322 456 1395 510 intur
1411 456 1537 510 strictum
1552 454 1625 524 juris
1645 453 1765 525 rigorem
1804 461 1806 465 '

74 541 132 596 Dei
148 541 192 593 tui
207 540 239 593 irs
256 558 364 595 eorsum.
398 538 544 595 Rabbiuus
553 539 716 596 AbenEsra
733 541 762 595 in
781 539 908 610 explicat
936 545 965 593 et
993 540 1137 604 ἐπιεικείας
1161 543 1337 597 moderamen
1364 541 1552 608 distinximus,
1583 540 1623 595 ita
1650 540 1768 595 eandem

73 626 208 698 decalogi.
247 627 373 683 Verbum
395 626 449 681 Dei
472 627 501 681 in
517 644 620 681 vanum
645 626 837 696 accipiendum
854 643 909 680 nou
936 624 1140 682 distinctionem
1156 627 1210 682 boo
1235 629 1294 683 loco
1319 628 1355 683 ad
1377 627 1517 698 sponsalia
1545 627 1641 697 jurata
1657 624 1767 680 claudo

73 720 121 776 est,
139 713 209 782 quio
228 714 309 767 Deus
325 721 355 767 nt
373 720 413 766 est
431 714 634 784 piso'oeritos,
659 715 702 768 ito
718 715 830 768 amiam
848 715 909 782 ejus
934 712 1008 766 atina
1029 712 1210 784 applicamus.
1249 712 1441 779 Concedimua‚
1462 712 1570 768 ratione
1588 712 1767 767 circumstan-

73 815 169 854 seram
186 799 286 852 baberi
303 800 395 867 dedet,
419 799 517 870 quodsi
532 800 698 870 promissum
715 801 842 856 invocato
855 788 1036 865 Deiitiarum
1052 799 1150 854 babitu
1166 800 1328 871 parentibus
1342 799 1491 870 aliquando
1506 799 1679 854 suadendum
1699 813 1767 866 esse,

74 886 184 942 nomine
214 886 377 957 praestitum
405 902 461 940 non
488 892 627 954 servatur,
658 886 731 942 idom
758 891 801 942 est
825 902 858 940 ac
885 878 968 942 silut
984 885 1120 955 injurata
1139 885 1287 941 liberorum
1306 886 1447 957 sponsalia
1465 884 1653 953 consentiant,
1671 888 1768 954 utpote

75 973 150 1028 Deus
169 972 310 1028 mendacii
329 979 499 1044 argueretur.
536 972 566 1028 Si
583 972 645 1043 quis
661 978 780 1044 regerat,
800 978 908 1028 exstare
936 970 959 1023 si
978 972 1079 1042 copula
1098 972 1216 1028 carnalis
1234 974 1271 1028 sit
1296 978 1400 1036 secuta,
1418 971 1441 1025 si
1458 971 1539 1026 liberi
1556 970 1667 1040 culpam
1684 985 1768 1040 agno

75 1056 252 1114 menifestum
269 1057 323 1112 Dei
342 1065 521 1129 praeceptum
546 1058 768 1114 dehonorandis
788 1059 908 1130 parenti·
935 1063 1014 1112 scant
1030 1073 1064 1112 ac
1084 1058 1276 1129 deprecentur,
1295 1058 1318 1113 si
1338 1074 1463 1128 persona,
1484 1065 1546 1112 euru
1559 1073 1616 1128 qus
1627 1062 1769 1110 contracta

74 1144 141 1213 bus,
172 1144 248 1216 quod
279 1143 359 1199 liberi
386 1144 415 1198 in
441 1145 579 1215 ejusmodi
603 1144 779 1215 sponsalibus
803 1143 909 1200 nefarie
935 1151 1014 1211 sunt,
1038 1144 1074 1200 sit
1091 1144 1215 1216 alioquin
1232 1146 1348 1200 honesta
1367 1150 1396 1200 et
1413 1150 1487 1199 statu
1504 1142 1640 1214 aequalis,
1659 1142 1682 1196 si
1704 1158 1768 1196 con·

75 1229 180 1286 luerint
194 1231 375 1301 uansgressi,
400 1229 582 1301 respondent,
609 1233 760 1285 secondom
779 1232 910 1300 &calepi
935 1230 1057 1285 scientiis
1075 1230 1224 1288 liberorum
1255 1250 1309 1288 non
1328 1232 1455 1287 rideatur
1472 1231 1553 1285 aliter
1570 1229 1675 1285 consuli
1708 1245 1768 1283 eas-

76 1317 199 1371 tubnlom
234 1319 333 1371 cedere
364 1319 485 1386 primae.
532 1318 597 1374 Jam
629 1333 692 1372 vero
719 1319 909 1388 juramentum
936 1315 1054 1387 demque
1075 1319 1168 1388 pacari
1187 1334 1281 1389 posse,
1312 1318 1335 1372 si
1360 1317 1563 1372 matrimonium
1586 1316 1622 1371 sit
1644 1331 1768 1370 cousum-

77 1403 197 1474 partinet
218 1403 256 1459 ad
272 1404 404 1475 primam,
428 1403 515 1459 honor
536 1409 681 1474 parentum
705 1403 741 1458 ad
760 1405 909 1459 secundam
936 1410 1040 1458 matum
1073 1411 1101 1459 et
1132 1407 1191 1460 nati
1220 1421 1253 1459 ex
1282 1422 1315 1460 eo
1346 1404 1427 1460 liberi
1446 1410 1498 1459 eto.
1547 1403 1685 1456 Monendi
1704 1406 1770 1455 eant

34 1535 38 1541 .
77 1488 203 1560 decalogi
220 1488 354 1544 tabulam.
381 1489 457 1560 Ergo
475 1506 595 1561 aequum
613 1496 664 1558 est,
680 1497 713 1545 ut
729 1496 908 1561 praeceptum
935 1499 1079 1560 parentes,
1104 1491 1202 1547 scribit
1223 1491 1429 1546 Bidenbachius
1453 1491 1488 1545 de
1516 1507 1590 1544 caus.
1614 1489 1767 1544 matrimou.
1868 1524 1869 1530 ι

79 1575 303 1632 dehonorandis
325 1576 489 1646 parentibus
509 1577 591 1631 cedat
608 1582 759 1647 praecepto
776 1577 812 1631 dc
832 1578 909 1645 iura-
937 1592 998 1646 cap.
1020 1582 1041 1632 1.
1067 1583 1167 1648 quaest
1193 1584 1214 1634 l.
1245 1585 1276 1631 at
1296 1578 1355 1631 nisi
1376 1594 1479 1631 coruos
1501 1579 1557 1630 sint
1580 1576 1768 1644 pravissimae,

78 1667 170 1717 mento
187 1662 333 1718 servando.
361 1666 389 1716 3.
411 1662 651 1717 Conscientiorum
664 1664 909 1731 perturbationem.
936 1679 992 1714 non
1014 1663 1104 1727 facile
1130 1664 1203 1718 tolio
1232 1665 1384 1718 liberorum
1410 1665 1572 1733 juramenta
1600 1654 1770 1723 rescindunt,

79 1747 107 1804 Si
120 1748 264 1820 sponsalia
281 1748 430 1803 liberorum
444 1751 539 1820 jurata
551 1748 746 1818 dissolvuntur,
765 1750 910 1819 scrupulus
937 1751 988 1803 sed
1004 1751 1181 1804 conscientiis
1197 1768 1310 1804 amram
1325 1761 1451 1820 porroet
1464 1757 1515 1805 etc.
1546 1748 1660 1804 Interim
1677 1753 1770 1802 tamen

79 1834 255 1908 conscientiis
281 1834 405 1905 injicitur
428 1841 594 1905 perpetuus,
619 1851 710 1906 neque
733 1835 805 1890 enim
836 1842 911 1891 certo
938 1836 962 1889 si
980 1840 1108 1905 parentes
1129 1836 1177 1905 jus
1202 1854 1282 1891 suum
1301 1837 1396 1892 stricte
1415 1852 1515 1908 urgere
1540 1835 1642 1903 velint,
1661 1832 1770 1903 judica·

79 1928 198 1977 statuere
210 1927 341 1991 possunt,
358 1920 467 1993 paterni
485 1921 624 1975 dissensus
643 1927 750 1976 tantam
769 1936 829 1976 esse
845 1923 910 1991 vim,
938 1938 1012 1985 mus,
1039 1921 1179 1992 sponsalis
1202 1921 1350 1977 liberorum
1373 1921 1456 1978 edm
1475 1924 1570 1993 jurata
1594 1921 1631 1976 ad
1648 1920 1770 1990 ipsorum

80 2015 110 2065 ut
125 2007 271 2078 aparjurii
285 2007 472 2078 culpacoram
487 2007 541 2062 Dei
551 2006 659 2078 judicio
671 2007 783 2064 liberari
795 2007 910 2079 possint.
939 2008 1098 2063 instantiam
1115 2008 1228 2062 dissolvi
1245 2024 1341 2079 posae3
1367 2007 1488 2075 iuterim,
1516 2007 1563 2079 qui
1583 2023 1616 2062 ea
1629 2013 1771 2061 contraxe-

80 2099 102 2149 4.
130 2093 315 2148 Matrimonii
346 2092 543 2147 conditionem.
592 2092 797 2149 Matrimonium
830 2094 911 2158 enim,
938 2099 1003 2148 runt
1028 2094 1107 2151 liberi
1136 2100 1250 2165 propter
1281 2094 1362 2149 istam
1395 2093 1536 2148 levitatem
1564 2108 1581 2146 a
1607 2091 1771 2163 magistratu

80 2179 123 2235 cui
137 2181 234 2250 jurata
245 2177 390 2249 promissio
403 2176 559 2248 apponitur,
579 2187 621 2234 est
635 2195 742 2249 reaper
755 2196 785 2235 se
796 2180 912 2235 honesta
938 2197 1047 2237 carcere
1066 2181 1110 2237 vel
1130 2181 1186 2237 aliu
1202 2197 1294 2251 poena
1312 2181 1481 2252 plectantur,
1497 2186 1571 2235 utet
1584 2178 1772 2250 Beustiuspie

80 2283 112 2321 ac
125 2265 200 2338 juris
215 2265 310 2330 divini,
328 2264 446 2336 ideoque
452 2265 641 2334 juramentum
655 2265 723 2320 illud
736 2271 778 2321 est
788 2266 912 2321 validum
938 2272 1045 2334 monet,
1071 2268 1234 2336 imponatur
1251 2268 1291 2323 eis
1304 2268 1423 2336 puhls'ea
1440 2267 1610 2337 poenitentia
1627 2267 1676 2318 snb
1694 2272 1772 2318 certo

80 2370 112 2409 ao
129 2350 286 2408 insolubile.
937 2355 1034 2417 formo
1062 2370 1095 2406 eu
1112 2362 1243 2422 supposta
1266 2355 1429 2419 reddendo,
1459 2354 1490 2406 in
1524 2370 1581 2422 qua
1610 2351 1772 2422 deprecatio

115 2444 171 2496 148.
220 2436 339 2503 Quidam
370 2436 539 2508 respondent
574 2438 611 2492 ad
641 2438 829 2509 quaestionem
862 2456 912 2509 per
939 2442 1020 2509 opssd
1032 2439 1172 2509 pupulum
1188 2443 1241 2504 fiat
1263 2449 1384 2511 propter
1404 2442 1572 2495 scandalum
1590 2438 1772 2492 commissam.

82 2525 302 2587 ffisdncdouem,
317 2539 444 2595 ,eamque
465 2523 653 2595 multiplicem
698 2525 828 2579 Beustius
848 2526 874 2581 d.
893 2525 912 2582 l.
942 2524 1023 2580 Hanc
1044 2526 1208 2583 sententiam
1227 2531 1323 2581 oontm
1348 2525 1505 2581 canonistas
1523 2524 1672 2595 probamus
1698 2529 1720 2579 ι.
1740 2539 1773 2578 ea

83 2620 134 2668 uas
152 2610 276 2667 casusin
293 2627 328 2666 ea
342 2609 555 2665 considerandos
575 2626 635 2665 esse
650 2610 725 2666 dicit.
760 2617 784 2667 1.⁴
795 2610 913 2684 Quando
941 2612 1094 2677 manifesta
1107 2613 1186 2681 juris
1200 2613 1391 2682 dispositione.
1420 2611 1515 2666 Primo
1533 2609 1717 2666 dieiniNum.
1730 2615 1772 2674 30,

83 2697 159 2754 liberi
171 2695 268 2752 insciis
279 2695 442 2766 parentibus
456 2695 595 2751 mediante
607 2697 745 2767 corporali
755 2697 913 2767 juramento
941 2714 966 2751 v.
986 2705 1021 2754 4:
1046 2697 1157 2753 Matres·
1183 2698 1211 2751 si
1232 2698 1379 2767 quippiam
1399 2698 1504 2753 voverit
1523 2704 1550 2750 et
1566 2713 1595 2750 se
1609 2697 1773 2766 juramento

84 2784 224 2857 sponsalia
240 2783 285 2838 rel
304 2781 479 2837 matrimonia
497 2781 569 2838 clam
588 2783 789 2839 contraxissent
806 2791 833 2838 et
848 2802 914 2854 poe·
942 2785 1152 2853 constr-inserit,
1180 2801 1253 2853 quoe
1281 2791 1322 2838 eet
1350 2784 1380 2838 in
1399 2785 1492 2838 'domo
1506 2785 1600 2856 patris
1618 2785 1663 2836 sni
1688 2791 1715 2837 et
1742 2783 1773 2835 in

85 2874 182 2927 niteret
211 2887 258 2924 eos
288 2869 364 2934 faeti
393 2887 427 2923 ao
454 2870 674 2940 deprecarentur
687 2872 810 2936 ¹oeniom
839 2871 915 2942 apud
942 2878 1033 2923 aetate
1050 2871 1144 2924 witao
1155 2870 1287 2939 puellari
1304 2871 1466 2933 constituto,
1484 2886 1511 2924 ι.
1529 2877 1553 2925 5.
1570 2871 1597 2922 si
1614 2869 1773 2937 copnooerit

85 2961 226 3029 parentes,
254 2972 370 3026 quorum
398 2972 533 3010 consensu
555 2959 583 3010 et
608 2956 722 3013 consilio
739 2966 836 3028 postea
853 2975 915 3013 cum
938 2964 1023 3026 poter
1041 2965 1141 3021 aotam,
1161 2957 1450 3027 qaodpollicitoest,
1468 2957 1772 3025 raimundumque
1852 3008 1854 3012 .

86 3044 138 3098 alia
155 3041 299 3114 sponsalia
310 3041 424 3113 publica
441 3040 635 3097 contraherent
645 3043 698 3097 hoc
712 3060 786 3109 casu,
804 3044 916 3116 quaudo
943 3043 1076 3110 oblipaeit
1098 3044 1223 3098 animam
1240 3062 1335 3107 nram,
1360 3052 1386 3098 et
1405 3045 1538 3113 tamarit,
1563 3043 1621 3097 voti
1634 3059 1685 3096 reo
1702 3043 1772 3106 erit,-

85 3130 122 3185 ita
140 3128 314 3184 clandestina
325 3133 355 3183 et
372 3126 486 3197 publica
500 3127 640 3197 sponsalia
657 3136 832 3197 concurrunt,
849 3135 916 3185 tuno
942 3147 968 3185 v.
990 3135 1014 3185 6.
1032 3131 1076 3183 rin
1092 3138 1185 3184 oedem
1197 3131 1292 3183 eodem
1307 3129 1362 3195 die,
1375 3138 1406 3183 nt
1417 3130 1550 3193 audierit,
1569 3128 1773 3183 contradixerit

86 3233 137 3271 uon
161 3214 290 3270 obstante
305 3215 463 3283 juramento
491 3214 519 3268 in
544 3213 723 3268 clandestinis
740 3216 916 3285 sponsalibus
939 3222 1040 3286 poter,
1061 3223 1087 3269 et
1104 3224 1184 3284 eota,
1204 3224 1230 3269 et
1243 3217 1408 3286 juramento
1426 3217 1486 3285 ejus
1503 3215 1587 3269 irrito
1607 3222 1694 3268 erunt.
1731 3213 1773 3268 Ex

85 3301 216 3373 praestito
226 3300 338 3373 publica
346 3299 480 3370 praeferri
492 3299 596 3355 debent
607 3300 731 3371 privatis.
758 3307 782 3358 2.
798 3300 916 3365 Quando
943 3317 999 3371 quo
1023 3301 1063 3356 sic
1086 3300 1235 3358 inferimus.
1275 3302 1305 3356 si
1328 3307 1409 3371 pater
1425 3306 1517 3371 potest
1534 3300 1640 3355 irritum
1657 3300 1774 3355 reddere

86 3387 224 3459 sponsalia
241 3385 414 3441 clandestina
439 3385 578 3440 mediante
597 3386 755 3455 juramento
774 3393 918 3459 conuecta
943 3392 1037 3442 votum
1054 3387 1129 3443 filiae
1145 3387 1199 3458 ipsi
1216 3387 1277 3443 Deo
1297 3388 1455 3443 immediate
1472 3386 1635 3457 praestitum
1654 3392 1683 3440 et
1697 3386 1774 3456 jura·

86 3481 148 3529 suut
174 3472 235 3528 sola
253 3490 309 3525 non
329 3472 572 3526 imervenientidas
587 3473 724 3542 publicas,
745 3479 774 3529 et
791 3474 871 3529 liberi
888 3490 917 3528 a·
945 3481 1037 3528 mento
1068 3472 1278 3538 confirmatum,
1307 3474 1405 3544 utiquc
1432 3473 1515 3528 etiam
1545 3477 1638 3543 potest
1669 3471 1775 3526 irritam

10 3561 222 3631 magnacum
248 3562 370 3612 erratum
398 3564 427 3612 et
452 3564 598 3627 peccatum
620 3576 701 3613 suum
721 3565 750 3615 et
768 3559 918 3631 implorant
942 3557 1034 3614 facere
1052 3559 1260 3632 promissionem
1285 3559 1389 3614 homiui
1414 3558 1529 3624 factam,
1554 3564 1619 3612 utut
1644 3574 1677 3613 es
1699 3558 1775 3627 jure·

86 3652 232 3717 parantum
251 3644 398 3699 consilium
416 3650 446 3699 et
462 3645 611 3714 auxilium,
635 3652 667 3700 ut
690 3646 719 3700 in
736 3645 786 3702 illa
804 3663 916 3718 sponsa·
940 3645 1060 3715 jurando
1083 3645 1168 3700 fuerit
1187 3645 1356 3700 confirmata.
1394 3644 1450 3701 Sed
1473 3661 1569 3699 rerum
1592 3645 1683 3715 prius,
1707 3659 1774 3714 ergo

86 3732 120 3787 lia
143 3730 331 3794 consentiant,
363 3730 415 3786 hoc
442 3748 509 3786 casu
530 3737 660 3802 parentes
683 3732 832 3787 liberorum
853 3751 916 3788 con·
943 3739 971 3786 et
990 3732 1134 3802 posterius.
1171 3731 1269 3802 Neque
1286 3739 1335 3799 est,
1354 3731 1428 3802 quod
1445 3738 1576 3802 urgeatur
1593 3733 1627 3786 ob
1644 3731 1774 3800 copulam

85 3818 207 3874 amendia
241 3816 384 3873 consulere
413 3817 525 3873 debent.
575 3822 599 3872 ³.
627 3819 745 3883 Quando
777 3819 918 3890 sponsalia
943 3819 1100 3888 carnalem,
1120 3835 1193 3889 quoe
1210 3818 1368 3886 intervenit,
1392 3818 1540 3887 sponsalia
1559 3817 1614 3871 ilio
1632 3818 1663 3871 in
1678 3819 1774 3871 matri-

85 3903 260 3960 clandestu'na
284 3904 381 3973 jurata
402 3911 467 3958 sunt
492 3903 552 3959 sola
580 3910 609 3959 et
634 3922 697 3960 cum
720 3905 839 3976 publicis
861 3923 916 3962 uon
943 3907 1064 3960 monium
1089 3906 1224 3960 transiise
1246 3922 1281 3958 uc
1295 3906 1420 3973 proinde
1438 3905 1557 3959 dissolri
1580 3904 1703 3975 amplius
1719 3923 1775 3959 non

86 3997 266 4060 concurrunt,
292 3998 318 4044 et
336 3991 421 4044 liberi
443 4007 473 4044 se
493 3993 564 4045 dont
589 3992 619 4045 in
634 3999 799 4061 potestatem
813 4011 917 4063 poren-
940 4010 1033 4063 posse,
1053 3992 1223 4047 ostendimus
1241 3990 1314 4046 euim
1333 3991 1468 4062 superius,
1486 3991 1516 4046 in
1533 3998 1680 4063 parentum
1697 3997 1775 4062 pote·

84 4090 141 4134 tam
154 4079 269 4135 inbuuc
286 4076 380 4146 finem,
399 4083 431 4134 ut
447 4078 503 4134 illis
521 4079 634 4135 obedire
655 4079 752 4149 velint,
771 4085 800 4136 et
818 4082 915 4152 depre·
943 4085 1015 4135 state
1039 4078 1108 4133 illud
1128 4077 1222 4133 divina
1238 4077 1302 4149 lege
1325 4078 1446 4148 positum
1466 4094 1541 4148 esse,
1568 4095 1604 4133 an
1625 4077 1774 4148 stupratori

85 4173 182 4222 cantur
215 4166 339 4236 culpam,
369 4180 459 4236 neque
487 4165 607 4234 amplius
636 4172 732 4219 amant
761 4184 915 4237 pomonam,
943 4165 1029 4220 filiam
1063 4164 1170 4220 elocare
1196 4163 1283 4218 velint
1316 4180 1368 4218 neo
1394 4163 1448 4219 uei
1478 4164 1566 4221 Exod.
1596 4169 1644 4229 22,
1676 4182 1702 4217 v.
1734 4169 1773 4218 17.

83 4269 146 4308 cum
176 4259 234 4323 qua
257 4250 399 4321 sponsalia
423 4257 632 4319 contraxerunt,
658 4252 708 4307 sed
734 4253 827 4322 potius
853 4254 917 4309 odio
943 4252 1089 4322 Oonjunge
1113 4250 1269 4320 exemplum
1293 4249 1383 4304 Diuae
1402 4248 1471 4305 Gen.
1493 4256 1540 4318 ³4,
1560 4268 1585 4306 ι.
1606 4256 1628 4305 8.
1647 4248 1775 4305 Secundo

83 4356 144 4394 eam
172 4337 294 4406 babent,
319 4354 393 4408 quae
419 4337 560 4407 sponsalia
583 4339 654 4408 petit
680 4338 838 4410 adimpleri,
864 4341 916 4395 hoc
943 4337 1078 4391 cononici.
1113 4336 1322 4399 duramentum,
1342 4337 1420 4404 qnod
1438 4343 1479 4388 ost
1497 4343 1596 4389 contra
1614 4336 1700 4389 bonos
1717 4353 1774 4397 mo·

83 4442 150 4481 casu
167 4428 298 4496 parentes
310 4440 404 4479 severe
415 4440 465 4494 per
476 4425 668 4495 magistratum
685 4424 789 4479 moneri
807 4426 917 4491 debent,
942 4440 996 4492 res,
1011 4439 1067 4477 non
1084 4430 1127 4478 est
1150 4422 1361 4494 obligatorium,
1384 4439 1407 4476 c.
1429 4421 1494 4478 Non
1511 4429 1553 4477 est
1570 4421 1773 4492 obligatorium.

83 4518 115 4567 ut
134 4511 270 4567 rationem
286 4508 408 4565 babeant
425 4510 611 4565 conscientiae
625 4509 783 4580 liberorum,
802 4528 837 4567 ue
849 4511 919 4566 talia
944 4511 993 4566 der
1009 4510 1042 4566 R.
1062 4510 1089 4566 J.
1109 4510 1138 4563 in
1157 4515 1181 4564 6.
1201 4526 1292 4580 nequa
1312 4511 1507 4578 juramentum
1533 4509 1613 4562 debet
1634 4525 1692 4562 esee
1715 4508 1774 4563 oin·

83 4597 227 4670 sponsalis
245 4595 444 4661 dissolvamur,
469 4596 543 4666 quod
569 4597 594 4650 si
609 4603 739 4666 parentes
758 4597 850 4653 facere
869 4616 918 4653 uo·
943 4599 1034 4651 adnm
1052 4597 1222 4666 iniqnitatis,
1239 4614 1262 4652 c.
1276 4596 1394 4662 Quando
1408 4596 1443 4651 de
1459 4597 1575 4666 jurejur.
1590 4601 1620 4649 at
1637 4601 1776 4667 repugnet
1795 4653 1797 4659 ,

82 4685 149 4752 lint,
178 4683 229 4739 sed
245 4683 289 4738 uti
308 4684 373 4752 jure
390 4699 441 4737 suo
459 4682 558 4752 velint,
585 4688 653 4738 tunc
680 4688 793 4754 propter
814 4685 862 4754 jus
890 4691 918 4741 et
943 4682 1023 4738 bonis
1042 4681 1178 4751 moribus,
1206 4683 1271 4754 quia
1293 4682 1350 4754 legi
1376 4683 1485 4737 divinae
1504 4687 1659 4752 repugnat,
1679 4688 1707 4736 et
1723 4680 1774 4736 ini·

84 4771 242 4827 &aarum
261 4786 355 4824 eorum
374 4768 444 4824 talia
455 4769 595 4838 spomalia
610 4775 724 4840 possent
741 4786 792 4840 per
810 4776 917 4825 senteu-
943 4786 1029 4842 quum
1046 4786 1080 4823 ac
1103 4767 1212 4842 dropace
1231 4774 1286 4836 est,
1313 4769 1378 4840 quia
1405 4775 1503 4824 contra
1525 4769 1617 4837 legem
1639 4768 1675 4823 de
1691 4767 1775 4823 bono·

82 4859 151 4914 tiam
172 4856 296 4920 dissolvi,
314 4856 358 4911 vel
376 4860 471 4927 posset
488 4871 562 4925 pars,
579 4855 625 4910 cui
638 4855 827 4925 juramentum
839 4856 917 4911 inde·
943 4854 1036 4910 randis
1051 4854 1213 4927 parentibus
1230 4853 1326 4924 iertm,
1347 4854 1447 4910 liberos
1459 4854 1528 4908 citra
1546 4861 1692 4924 pareutum
1710 4870 1773 4910 oon·

82 4945 143 5000 bite
158 4941 323 5015 praestitum
335 4948 415 5009 esset,
435 4941 498 5012 cogi
514 4942 551 4996 ad
563 4942 758 4998 relaxationem
767 4942 918 5012 juramenti
943 4959 1054 4996 sensum
1068 4939 1272 4995 matrimonium
1286 4940 1456 4995 conuehere.
1483 4940 1678 4994 iuramentum
1691 4938 1775 4995 debet

81 5031 173 5094 illius,
203 5044 277 5099 quae
304 5027 351 5081 ria
383 5027 558 5083 conscientiis
590 5027 676 5082 tutior
712 5035 792 5085 esset
838 5028 917 5083 Haeo
943 5028 1045 5083 habere
1055 5032 1112 5082 tres
1126 5025 1249 5086 comites,
1267 5026 1419 5094 amtorem,
1430 5026 1575 5094 judicium
1589 5027 1774 5096 etjsstitiom,

80 5115 224 5173 Baustius.
276 5114 396 5179 Quidam
431 5114 607 5186 distinguunt
657 5114 729 5169 inter
771 5115 917 5185 sponsalis
943 5132 966 5172 c.
994 5113 1055 5168 Etsi
1085 5112 1211 5168 Christus
1240 5113 1275 5166 de
1297 5111 1471 5181 jurejuraud.
1501 5128 1618 5183 quorum
1644 5114 1773 5168 comitum

75 5205 182 5273 jurato
206 5209 352 5255 contracto
374 5203 449 5255 inter
462 5219 602 5271 personas
618 5192 706 5254 *nota
732 5208 758 5254 et
776 5201 918 5256 natalibus
943 5217 999 5256 uno
1019 5200 1063 5254 vel
1091 5199 1177 5253 altero
1206 5197 1352 5253 deficiente
1374 5198 1562 5267 jurameutum
1587 5215 1643 5253 non
1669 5198 1775 5271 obligat

81 5288 218 5358 oeffisoiee
236 5292 265 5341 et
283 5294 429 5340 contracto
446 5286 519 5341 inter
532 5303 671 5357 personas
688 5287 865 5355 inaequales,
889 5287 918 5343 in
940 5290 1090 5359 jurantem,
1109 5302 1131 5341 c.
1148 5284 1186 5338 Et
1201 5282 1344 5355 jurabant.
1365 5289 1393 5338 et
1415 5301 1437 5337 c.
1458 5283 1545 5341 Licet.
1565 5290 1604 5341 22.
1624 5292 1729 5356 quaest
1752 5291 1773 5341 1.
1787 5295 1833 5336 xv.
1846 5294 1889 5338 ιιι.

80 5373 241 5447 posteribus
271 5371 479 5428 dissolutionem
509 5371 683 5441 concedunt,
719 5371 748 5424 iu
781 5372 918 5442 prioribus
944 5373 999 5429 Sed
1018 5372 1047 5426 in
1065 5372 1117 5426 hoo
1132 5373 1291 5442 juramento
1307 5370 1386 5426 deest
1396 5371 1552 5440 judiciam,
1579 5371 1645 5442 quia
1661 5388 1773 5426 cousen-

79 5466 196 5533 negant
944 5477 992 5514 sus
1011 5457 1181 5512 fifiuamffias
1205 5456 1257 5512 sub
1275 5456 1367 5529 patria
1383 5461 1521 5527 potestate
1545 5456 1688 5512 constituti
1710 5457 1772 5511 abs·

120 5552 178 5604 uo.
213 5546 274 5605 Nos
299 5549 332 5600 ut
355 5543 482 5615 superius
505 5544 534 5599 in
559 5542 720 5616 quaestione
745 5543 780 5599 de
797 5545 916 5600 necomi-
942 5559 997 5617 que
1014 5560 1151 5599 consensu
1174 5550 1320 5614 parentum
1346 5560 1403 5598 uon
1422 5550 1465 5598 est
1481 5544 1579 5613 plenus
1605 5549 1635 5597 et
1657 5543 1772 5613 integer,
