4020 6022
273 276 331 335 188
864 264 987 322 Locus
1004 262 1211 320 vicesimus
1230 263 1400 331 QUINTUS

269 424 297 477 in
316 437 429 476 uxorem
447 422 546 477 ducere
557 430 659 491 posset.
696 420 725 477 Si
739 418 889 492 judicialis,
908 435 976 489 orgo
995 424 1024 473 et
1042 417 1103 488 ipsa
1131 418 1209 486 linis,
1233 416 1353 473 familias
1377 424 1406 473 et
1431 417 1554 473 tribuum
1579 417 1787 473 distinctionem
1811 418 1973 491 in·populo

267 509 311 562 lex
338 506 487 577 prohibens
524 507 657 578 conjugia
687 506 805 561 fratrum
838 509 868 559 et
897 521 1022 559 sororum
1053 502 1106 557 crit
1134 503 1285 559 lsrailitioo
1305 521 1395 575 usque
1413 504 1448 558 ad
1469 510 1579 574 tempus
1596 504 1654 558 nati
1666 504 1785 560 Moesiae
1803 504 1970 559 conservari

263 590 417 659 judicialis,
434 592 509 662 quod
529 598 622 646 tamen
640 590 826 646 Bellarminus
844 598 943 663 negat,
964 590 1012 662 qui
1030 591 1104 660 ejus·
1133 590 1341 643 titillacione
1369 600 1596 662 comparatorum
1616 590 1674 645 sive
1698 590 1818 660 parium.
1857 590 1971 645 Confert

267 676 343 732 modi
369 676 530 748 conjugium
556 677 620 748 jure
647 684 764 732 naturae
791 677 973 732 interdictum
998 675 1104 730 statuit.
1131 676 1204 731 enim
1238 688 1371 748 tanquam
1403 677 1483 746 paria
1512 677 1747 747 dispensationem
1779 678 1910 731 divinam
1939 692 1971 731 ac

269 766 292 817 3.
312 761 443 831 Ulterius,
462 764 489 816 si
506 763 552 817 ier
570 765 605 817 de
624 781 680 816 non
702 765 831 817 ‹tucanta
851 780 948 817 sorore
966 769 1056 817 cessat
1075 762 1106 814 in
1132 762 1365 832 dispensationem
1391 764 1586 832 Pontr‘Jiciarn,
1611 780 1645 817 ac
1668 763 1734 834 quia
1758 762 1808 819 illa
1836 763 1867 818 in
1886 763 1923 819 V.
1939 763 1969 818 T.

268 866 336 902 casu
361 849 477 902 uitiatae
503 850 678 903 necessitatis
702 866 737 902 ae
759 867 815 901 non
840 848 964 917 amplius
990 846 1287 923 obligentfuitlieita,
1308 849 1392 905 ctiam
1410 848 1483 904 hanc
1501 850 1529 904 in
1548 850 1582 906 N.
1600 850 1634 905 T.
1659 848 1751 905 locum
1775 848 1883 905 habere
1900 849 1998 905 arbi-x

270 941 302 990 ut
317 934 501 990 Bellarminus
527 934 581 990 hoc
602 937 661 990 loco
680 934 873 999 ratiocinatur,
900 934 996 1005 utique
1022 928 1228 999 etiamstratur.
1265 934 1320 991 Sed
1347 942 1450 1007 quanto
1469 936 1614 991 intervallo
1632 935 1702 991 haec
1719 934 1839 991 invicem
1859 934 1969 1003 disum,

271 1020 312 1075 lex
333 1020 368 1075 de
386 1037 441 1074 non
455 1021 584 1075 ducenda
601 1020 659 1074 lilia
671 1020 699 1074 in
717 1036 783 1073 casu
803 1019 916 1075 ultimae
935 1019 1106 1074 necessitatis
1117 1024 1120 1043 ³
1131 1021 1259 1091 ignorare
1278 1022 1390 1091 nequit,
1416 1022 1464 1093 qui
1490 1022 1577 1091 novit,
1602 1027 1738 1094 quantum
1758 1020 1844 1077 distet
1861 1021 1892 1075 in
1911 1019 1969 1076 aliis

270 1106 391 1163 cessabit
409 1123 441 1161 ac
461 1124 517 1161 non
537 1107 656 1177 amplius
675 1105 820 1177 obligabit,
839 1106 1024 1177 comparsit
1043 1124 1105 1175 pro-
1132 1106 1214 1161 etiam
1248 1108 1456 1177 quaestionibus
1481 1107 1619 1178 judicium
1651 1106 1791 1179 pontificis
1823 1123 1841 1162 a
1866 1106 1970 1178 judicio

268 1192 410 1248 bibitionis
433 1194 511 1248 ratio.
552 1194 579 1249 Si
601 1193 753 1264 posterius,
778 1198 907 1263 paratum
924 1194 977 1247 erit
994 1188 1225 1247 filiabus'divino
1250 1193 1278 1245 in
1306 1194 1391 1247 sacris
1414 1193 1501 1247 literis
1528 1192 1679 1263 proposito.
1717 1192 1835 1249 Confert
1860 1193 1970 1263 insuper

267 1279 352 1334 Lothi
369 1280 568 1349 patrocinium,
593 1297 665 1351 equae
689 1297 752 1333 eum
770 1280 971 1343 existimarent,
998 1278 1105 1334 nullum
1131 1294 1252 1346 oausam,
1270 1286 1484 1349 propterquam
1500 1278 1578 1332 Deus
1591 1278 1618 1332 in
1629 1278 1664 1333 V.
1676 1277 1709 1330 T.
1726 1277 1855 1333 fratriam
1873 1277 1970 1333 ducere

268 1365 380 1419 omnino
398 1366 487 1419 virum
502 1366 531 1420 in
550 1367 652 1420 mundo
671 1382 829 1435 superesse,
849 1365 1034 1434 cxsdffleruut,
1052 1364 1106 1419 sibi
1117 1372 1120 1455 ἶ
1133 1366 1274 1420 mandavit
1294 1384 1358 1420 eum
1385 1365 1521 1420 similibus
1540 1365 1586 1419 sel
1607 1366 1690 1420 etiam
1708 1365 1822 1436 maj0ris
1841 1365 1970 1421 momenti

258 1451 374 1521 ¹licitum
402 1468 462 1506 esse
493 1468 526 1505 ex
553 1450 665 1523 proprio
694 1457 808 1521 parente
838 1452 938 1507 liberos
966 1453 1238 1523 quaerere,:causis,
1263 1452 1299 1506 ob
1326 1470 1396 1524 quas
1421 1452 1493 1507 idem
1518 1452 1546 1506 in
1568 1450 1603 1507 N.
1622 1450 1654 1508 T.
1670 1451 1775 1506 licitum
1794 1450 1858 1507 ficri
1876 1451 1969 1523 possit

269 1536 370 1593 Genea.
400 1544 442 1603 19,
471 1555 497 1591 v.
523 1544 564 1593 31.
609 1544 633 1593 4.
655 1536 783 1607 Denique
807 1537 967 1591 mundatum
993 1537 1048 1593 Dei
1072 1538 1106 1591 dc
1133 1555 1196 1592 cum
1214 1539 1295 1593 nulla
1316 1537 1466 1609 excogitari
1486 1539 1686 1608 possitcausa,
1706 1554 1862 1608 quaecum
1882 1538 1969 1608 priore

269 1624 427 1679 auferendis
458 1624 531 1679 vasis
560 1624 650 1678 aureis
677 1630 705 1677 et
735 1623 875 1692 argenteis
901 1623 937 1677 ab
957 1624 1106 1695 Aegyptiis
1134 1624 1251 1679 conferri
1284 1629 1374 1695 queat.
1423 1624 1531 1679 Christo
1560 1623 1633 1679 enim
1656 1624 1716 1694 jam
1743 1622 1868 1679 exhibito
1888 1640 1970 1678 causa

270 1716 321 1765 aut
337 1716 398 1765 crat
417 1710 558 1774 naturale,
578 1718 627 1764 aut
644 1708 786 1779 judiciale.
827 1708 856 1763 Si
874 1709 1016 1776 naturale,
1041 1726 1106 1781 ergo
1117 1730 1120 1773 r
1132 1710 1202 1781 legis
1222 1710 1361 1764 Moesicae
1379 1710 1490 1780 penitus
1512 1710 1672 1780 exspiravit,
1690 1709 1803 1765 sublata
1814 1727 1871 1765 non
1883 1709 1968 1764 solum

269 1796 419 1852 etiamnum
438 1796 520 1851 bodio
540 1796 683 1851 observari
702 1800 802 1866 posset
836 1793 866 1849 Si
881 1795 1024 1865 judiciale,
1040 1812 1107 1865 ergo
1118 1778 1120 1799 ¹
1132 1796 1256 1851 tribuum
1275 1802 1303 1850 et
1320 1796 1486 1851 familiarum
1503 1796 1685 1852 dudaicarnm
1703 1795 1897 1857 distinetione,
1923 1794 1969 1849 sed

270 1887 298 1939 et
318 1882 379 1952 ipsa
397 1883 441 1937 lex
458 1882 563 1937 fratum
587 1880 738 1953 prohibens
762 1879 815 1935 crit
835 1881 986 1952 judicialis.
1021 1874 1216 1975 Quid-letiam
1251 1882 1350 1935 diruta
1385 1882 1457 1937 inter
1492 1881 1616 1937 iudaeos
1651 1888 1680 1936 et
1714 1887 1813 1953 gentes
1844 1882 1969 1935 maceria

272 1969 341 2040 quid
359 1967 544 2023 Bellaxminus
562 1967 607 2022 hic
626 1967 795 2039 respondere
813 1967 946 2036 voluerit,
968 1965 996 2019 id
1015 1966 1105 2037 ipsum
1118 1984 1121 1991 ¹
1133 1968 1235 2039 Ephes.
1255 1974 1284 2036 2,
1312 1987 1337 2022 v.
1361 1974 1401 2025 14.
1425 1985 1491 2039 ergo
1511 1985 1562 2023 nec
1579 1967 1691 2037 pietatis
1708 1968 1736 2021 in
1754 1966 1873 2021 fratrem
1892 1984 1968 2038 prac-

270 2070 337 2108 suae
360 2054 517 2124 oppositum
542 2054 648 2109 videbit
677 2054 901 2124 consequentiae.
949 2056 976 2105 2.
996 2053 1107 2116 Qualis·
1133 2059 1226 2123 textu,
1250 2072 1301 2109 noc
1329 2060 1502 2109 externorum
1523 2053 1728 2108 commodorum
1746 2053 1851 2108 intuitu
1871 2054 1969 2109 ducere

271 2156 376 2209 euinque
402 2142 439 2194 sit
463 2141 517 2195 ilia
536 2142 674 2212 suceptio,
700 2141 758 2193 sire
779 2140 935 2208 nutriretis,
957 2140 1014 2193 siue
1025 2140 1280 2212 judi-iquisquam
1312 2140 1426 2211 poterit,
1459 2140 1503 2193 vel
1532 2139 1652 2195 ducendi
1682 2144 1807 2209 potestas
1839 2140 1970 2211 cuiquam

271 2228 368 2295 ciniis,
389 2227 539 2295 conmorit,
565 2228 726 2295 consopiant
744 2244 805 2280 cunr
824 2227 929 2289 fratris
948 2242 1034 2280 neore
1051 2245 1107 2281 non
1119 2214 1121 2255 ἶ
1133 2226 1207 2289 fieri,
1234 2234 1331 2282 contra
1353 2243 1510 2296 expressam
1536 2226 1612 2279 illam
1629 2225 1699 2295 juris
1724 2224 1862 2280 naturalis
1881 2224 1969 2296 prohi-

270 2330 329 2367 esae
344 2331 448 2383 perse
466 2321 492 2367 et
512 2314 662 2368 intrinsece
681 2314 795 2381 molunt,
813 2315 954 2368 nonenim
972 2315 1049 2382 qaod
1066 2320 1107 2367 est
1133 2314 1266 2369 bitionem
1286 2313 1320 2368 de
1334 2329 1390 2367 non
1409 2312 1539 2367 ducenda
1557 2311 1655 2367 fratria
1672 2310 1739 2366 Lev.
1762 2316 1803 2375 ts,
1820 2329 1848 2368 v.
1869 2316 1910 2367 to.
1926 2311 1969 2366 eni

269 2399 418 2455 intrinsece
435 2400 555 2470 maium,
573 2418 628 2469 per
647 2400 737 2453 allam
756 2400 998 2453 circumstantiam
1014 2406 1107 2469 potest
1134 2417 1189 2455 non
1207 2404 1299 2469 potest
1319 2400 1375 2454 alia
1394 2417 1477 2471 quam
1497 2399 1591 2453 divina
1610 2397 1815 2469 dispensatione
1833 2397 1969 2469 derogari.

269 2485 453 2549 fieribonum,
470 2502 558 2555 quare
571 2487 703 2539 trahemus
721 2486 999 2553 cuiaeeeeeptiane,
1019 2486 1160 2553 legnani.
1187 2486 1349 2540 Fallacr'am
1376 2486 1596 2555 consequentiae.
1644 2484 1708 2539 Non
1738 2484 1812 2538 enim
1837 2486 1969 2557 sequitur,

201 2638 204 2643 ³
270 2570 424 2625 Leuiticam
442 2589 498 2625 non
518 2588 576 2627 osae
595 2572 755 2626 naturalem
769 2570 862 2640 primi
878 2571 996 2625 ordinis.
1033 2560 1210 2651 liar-{Deus
1245 2573 1310 2628 huie
1348 2574 1403 2645 legi
1440 2572 1476 2628 de
1514 2589 1569 2626 non
1603 2572 1731 2627 ducenda
1762 2588 1849 2627 uxore
1879 2572 1970 2627 finiris

271 2675 319 2710 sus
346 2659 443 2711 eadem
464 2658 586 2728 acceptio
616 2658 729 2724 ceineit,
753 2658 912 2726 eonjrrpinm
936 2676 998 2711 earn
1021 2659 1325 2730 rmore-exceptionem
1348 2659 1469 2730 aliquam
1501 2658 1618 2713 addidit.
1659 2658 1734 2729 Ergo
1761 2657 1811 2713 illa
1835 2674 1895 2713 non
1929 2664 1971 2714 est

269 2745 376 2809 fratris
394 2761 449 2796 non
468 2760 527 2797 esse
548 2745 653 2798 malum
667 2760 785 2813 sanarer,
803 2752 917 2812 eccepto
932 2722 1268 2807 satarrltimainaturalis
1299 2745 1381 2816 primi
1413 2746 1456 2800 sel
1487 2745 1602 2799 secundi
1634 2744 1752 2809 ordinis,
1779 2744 1829 2800 sed
1862 2750 1970 2800 tannim

270 2830 447 2896 necmsitate,
476 2830 561 2899 quale
587 2838 627 2883 est
651 2830 813 2899 eonjupinm
839 2848 901 2882 crem
927 2847 1024 2885 sorore
1046 2818 1223 2905 aer-{testim
1250 2832 1280 2887 id
1303 2837 1346 2887 est
1373 2848 1467 2886 earum
1496 2847 1600 2898 rerum,
1628 2847 1700 2903 quae
1727 2835 1794 2885 sunt
1818 2832 1911 2887 malas
1934 2830 1969 2886 ob

270 2934 362 2971 mona.
402 2917 476 2971 Nam
501 2918 553 2969 iste
579 2934 661 2969 eastre
684 2916 714 2969 in
735 2916 955 2969 Deuteronomio
981 2910 1315 2989 aceeptuslextrinsccam
1334 2917 1457 2990 aliquam
1475 2917 1690 2987 turpitudinem,
1708 2932 1781 2987 quae
1798 2922 1894 2988 potest
1910 2916 1969 2972 tolli

270 3021 325 3055 non
342 3010 406 3056 crat
424 3003 524 3057 ultima
542 3002 707 3067 remissicae,
733 3004 786 3056 seat
803 3002 900 3072 pietas
918 3005 1058 3071 quaestam
1077 3004 1107 3055 in
1132 3023 1182 3077 per
1200 3004 1321 3074 aliquam
1345 3002 1589 3070 circumstantiam,
1608 3003 1645 3058 ob
1663 3002 1798 3073 pietatem
1815 3001 1924 3058 scilicet
1942 3002 1970 3055 in

268 3090 390 3154 fratrem
412 3096 558 3143 mortuum.
606 3089 686 3156 Erpa
703 3096 890 3159 praeceptum
911 3090 1030 3142 Leuitici
1051 3108 1107 3143 non
1132 3091 1254 3156 matrem,
1274 3091 1354 3160 cujus
1373 3089 1503 3144 honestas
1520 3088 1614 3143 vincat
1629 3087 1749 3159 priorem
1766 3088 1970 3159 turpitudinem

270 3182 312 3229 est
329 3175 413 3228 etiam
424 3174 556 3227 naturale
569 3175 686 3227 secundi
700 3174 819 3239 oiciinis,
836 3177 889 3229 sori
901 3183 1011 3229 tantum
1023 3175 1107 3245 tertii,
1133 3183 1161 3233 ot
1184 3194 1233 3247 per
1256 3192 1427 3248 consequens
1463 3175 1498 3230 ob
1523 3174 1640 3229 similem
1661 3172 1798 3228 rationem
1821 3174 1880 3229 tale
1907 3191 1971 3229 con·

270 3261 361 3314 idest
380 3277 602 3327 eorunrrernm,
628 3277 700 3329 qaae
724 3269 789 3314 sunt
809 3262 902 3315 niciae
919 3262 954 3314 ab
974 3261 1106 3314 extrinse-
1129 3263 1241 3335 jugium
1258 3261 1396 3333 hodieque
1414 3262 1466 3315 erit
1483 3261 1599 3315 licitum.
1634 3259 1706 3315 Nam
1725 3260 1891 3331 conjugium
1907 3276 1970 3315 cum

270 3364 331 3400 eam
351 3347 477 3414 aliquam
499 3346 717 3415 turpitudinem,
736 3364 808 3414 quac
827 3355 919 3400 tamen
935 3354 1025 3416 potest
1044 3326 1229 3411 toliiifratria
1249 3348 1277 3402 in
1297 3364 1328 3402 sc
1347 3364 1381 3401 ac
1408 3347 1557 3401 intrinsece
1585 3352 1662 3400 extra
1679 3361 1773 3399 casum
1792 3344 1889 3400 diuina
1908 3345 1970 3417 legs

266 3450 321 3503 per
340 3433 467 3501 aliquam
485 3432 737 3497 circumstantiam,
764 3434 847 3501 cajus
866 3434 996 3487 iorrestas
1013 3433 1107 3487 vincat
1118 3422 1121 3439 '
1133 3434 1249 3505 speciali
1274 3440 1419 3504 exceptum
1444 3440 1486 3489 est
1504 3439 1533 3487 et
1549 3437 1642 3487 manet
1659 3431 1778 3500 malurn,
1796 3430 1925 3486 illicitum
1943 3440 1971 3488 et

266 3518 395 3587 priorem
419 3518 637 3586 turpitudinem,
664 3525 729 3570 tunc
756 3520 828 3571 enim
856 3519 912 3571 tale
944 3518 1105 3587 eonjugium
1133 3520 1252 3574 naturali
1272 3521 1329 3591 legi
1351 3538 1526 3592 repugnans,
1546 3519 1614 3591 quia
1631 3518 1703 3573 enim
1721 3518 1837 3573 maritus
1855 3525 1885 3574 et
1902 3535 1971 3572 uxor

269 3604 377 3658 licitum
395 3604 526 3657 redditur
545 3594 697 3658 sementiam
713 3613 817 3658 rectam
830 3606 966 3659 rationem
984 3614 1106 3662 cessante
1133 3625 1183 3678 per
1210 3607 1372 3679 conjugium
1399 3607 1470 3662 fiunt
1500 3623 1557 3661 una
1587 3622 1668 3675 caro,
1696 3604 1759 3659 idco
1785 3604 1828 3659 lex
1854 3613 1971 3661 naturae

269 3690 328 3759 ispe
352 3691 484 3760 position.
526 3692 565 3743 Et
586 3691 659 3744 sient
684 3709 740 3743 non
766 3699 806 3744 est
834 3698 934 3745 eontra
961 3693 1107 3758 rationem,
1134 3694 1225 3762 docet,
1247 3692 1343 3760 fratri,
1367 3694 1415 3764 qui
1435 3699 1477 3748 cst
1494 3692 1586 3747 fratris
1608 3690 1732 3747 defuncti
1752 3708 1818 3747 caro
1837 3708 1890 3763 per
1908 3710 1970 3746 eon·

270 3777 325 3831 ima
344 3780 494 3831 seeundum
518 3777 657 3830 rationem
684 3777 846 3847 conjugium
874 3778 907 3830 ab
923 3780 1058 3848 pietatem
1077 3780 1107 3833 in
1132 3780 1363 3849 sanyrrinitatem,
1387 3779 1581 3834 abstinendum
1606 3794 1665 3833 esse
1683 3776 1720 3831 ab
1740 3794 1789 3843 ea,
1816 3794 1891 3849 quac
1909 3796 1970 3833 eum

269 3865 407 3927 fratrem,
424 3863 467 3916 ita
486 3864 512 3916 si
520 3864 576 3933 fiat
594 3864 656 3917 alia
676 3865 780 3917 sinaitis
797 3864 936 3934 suceptio,
960 3867 1004 3919 oet
1023 3867 1107 3919 etiam
1132 3865 1218 3921 fratre
1235 3865 1311 3921 facta
1335 3872 1377 3920 cst
1399 3882 1455 3920 una
1482 3882 1547 3919 caro
1581 3881 1632 3935 per
1656 3865 1785 3935 copulam
1810 3870 1841 3919 et
1876 3881 1970 3920 conse·

270 3948 390 4002 minoris
411 3949 534 4017 aiicujus
551 3950 631 4015 torri,
657 3958 687 4003 nt
712 3952 740 4004 si
758 3954 840 4005 moda
859 3954 900 4004 ad
914 3968 1015 4021 pacem
1034 3954 1249 4022 interquenter
1277 3951 1355 4006 facta
1380 3958 1422 4005 est
1452 3951 1525 4006 illius
1558 3950 1641 4005 ctiam
1665 3968 1729 4006 caro
1747 3967 1798 4021 per
1816 3951 1972 4021 proximam

266 4036 412 4105 principes
429 4038 652 4090 conservandam
672 4039 758 4091 demat
783 4038 845 4105 quis
869 4054 985 4091 oaorem
1000 4018 1310 4107 fratrr'slusrfnitatem.
1352 4038 1487 4107 Exceptio
1512 4037 1599 4107 ipsius
1625 4035 1679 4091 Dei
1702 4052 1769 4092 voce
1796 4036 1898 4092 addita
1916 4053 1971 4092 non

270 4122 411 4187 ciesrrneti,
435 4138 491 4174 non
511 4122 565 4176 erit
583 4130 682 4176 eontra
701 4122 840 4176 rationem
861 4123 919 4177 talc
936 4076 1205 4193 conjugr‘urn.ltollit
1231 4130 1348 4178 naturae
1373 4124 1478 4195 legem,
1508 4124 1556 4177 sed
1587 4123 1723 4177 duntaxat
1747 4122 1871 4193 explicat
1893 4129 1923 4179 et
1944 4129 1972 4177 in

269 4207 495 4277 Respondemus:
512 4207 582 4263 haec
601 4208 694 4262 omnia
711 4223 745 4262 eo
763 4212 897 4277 spectant,
918 4214 950 4263 ut
967 4208 1106 4279 pontificis
1117 4192 1120 4263 l
1133 4216 1209 4266 serto
1227 4226 1260 4264 ac
1280 4208 1394 4279 speciali
1409 4209 1529 4279 quodam
1541 4224 1607 4263 casu
1621 4208 1737 4264 eandem
1750 4208 1876 4279 ampliat,
1897 4208 1972 4281 quod

269 4293 388 4350 Romani
414 4292 584 4363 dispensatio
612 4293 640 4346 in
663 4293 717 4348 hoc
735 4294 825 4364 gradu
851 4295 914 4365 lege
933 4295 1027 4351 divina
1043 4268 1202 4381 pro-inulti
1219 4295 1361 4350 hominum
1381 4296 1409 4349 in
1428 4293 1461 4351 N.
1482 4294 1515 4351 T.
1533 4294 1650 4350 licitum.
1688 4294 1802 4365 Semper
1821 4295 1910 4367 igitur
1920 4296 1973 4352 hoc

271 4379 361 4435 hibito
377 4388 531 4445 asseratur,
550 4380 616 4451 quia
633 4379 757 4450 pontifex
776 4379 917 4435 Romanus
936 4381 1264 4457 dispensavitturgemus
1296 4385 1394 4435 eontra
1423 4380 1635 4437 Bellnrminum:
1696 4382 1794 4435 Potest
1825 4382 1909 4435 Dens
1942 4384 1971 4435 in

273 4484 336 4523 cum
368 4464 491 4521 chrico
510 4464 589 4521 vin.
617 4465 737 4537 Angliac
767 4483 847 4538 rege,
878 4474 909 4521 ut
927 4468 1260 4523 esthannamioantons
1279 4467 1415 4537 prodiisse
1432 4467 1463 4520 in
1481 4468 1607 4521 Levia-'co
1625 4465 1775 4537 protritiu's
1792 4466 1973 4538 ‹tispsmarq

273 4554 370 4610 Arturi
388 4552 482 4608 stabis
501 4552 543 4606 sui
559 4552 670 4606 viduam
689 4553 815 4623 accipere
831 4561 932 4623 posset,
952 4553 1001 4608 sed
1014 4572 1105 4611 mone·
1118 4516 1121 4619 l
1134 4562 1158 4609 et
1177 4561 1268 4611 tamen
1285 4553 1401 4621 quidam
1425 4567 1458 4605 ee
1477 4553 1539 4607 illes
1564 4554 1701 4623 proditus
1718 4561 1783 4606 sant
1801 4552 1869 4620 inre
1890 4562 1974 4607 nata·

270 4660 332 4696 mus
366 4648 388 4698 1.
418 4640 446 4694 in
478 4644 642 4710 argumento
673 4638 835 4694 Bellarmini
862 4655 922 4695 essc
952 4640 1194 4706 fallaciamrali
1213 4638 1363 4708 prohibiti,
1391 4654 1463 4708 qnae
1490 4644 1554 4693 sunt
1580 4639 1668 4709 ipsius
1694 4637 1857 4693 Bellarmini
1882 4638 1973 4711 hypo·

273 4744 384 4781 causae.
436 4726 534 4797 Neque
562 4725 635 4779 cuim
661 4742 746 4779 causa
770 4724 854 4795 hujus
878 4725 1047 4797 exceptionis
1072 4719 1232 4819 dalthescs.
1263 4723 1337 4794 Ergo
1351 4740 1383 4777 ex
1398 4724 1660 4794 dispensationevel
1675 4724 1837 4793 exceptione
1856 4725 1973 4795 speciali

272 4810 399 4866 ducenda
425 4812 518 4867 fratris
543 4810 650 4882 absque
675 4810 770 4865 liberis
798 4811 922 4866 defuncti
949 4829 1033 4866 uxore
1064 4816 1309 4881 esttnequaqnam
1330 4809 1515 4880 colligendum
1540 4816 1597 4877 est,
1623 4809 1710 4879 ipsam
1730 4808 1891 4881 generalem
1912 4828 1973 4881 pro

268 4896 362 4965 pictas
380 4898 408 4949 in
425 4900 565 4964 fratrem,
591 4896 640 4952 sed
661 4898 834 4952 conservatio
855 4903 882 4952 ct
901 4896 1042 4951 distinctio
1063 4894 1105 4950 fa·
1118 4884 1121 4993 q
1134 4896 1297 4951 bibitionem
1319 4911 1372 4949 non
1391 4898 1530 4967 pertinere
1544 4897 1580 4949 ad
1598 4896 1645 4965 jus
1658 4901 1781 4951 natiuae.
1816 4894 1876 4951 Sed
1893 4912 1973 4969 rego

271 4980 407 5035 uriliarum
425 4983 454 5036 in
478 4982 608 5038 tribubus
633 4981 802 5037 Isroiiliticis.
841 4982 911 5046 Quia
932 4983 1004 5037 enim
1023 4982 1168 5059 acco-prii
1195 4980 1379 5036 Bellarmirms
1408 4986 1435 5035 a.
1460 4981 1695 5051 dispensationem
1721 4998 1777 5034 nan
1795 4996 1857 5035 esse
1875 4982 1974 5050 fecem

270 5072 331 5121 rate
349 5073 428 5122 erant
448 5068 596 5125 distinctae
614 5068 703 5123 tribus
730 5067 758 5121 in
778 5068 881 5139 populo
899 5068 1053 5122 Israiilitieo
1073 5070 1184 5123 aclrrec
1209 5068 1306 5135 fatere
1330 5068 1446 5138 aliquid
1461 5067 1545 5136 fieri,
1571 5069 1624 5121 sed
1650 5074 1757 5120 tantam
1779 5067 1882 5121 toliere
1904 5068 1973 5122 otii·

270 5150 393 5206 familiae
431 5153 553 5225 dignitas
584 5154 725 5209 residebat
762 5169 845 5223 penes
883 5126 1273 5224 primogenitumlqatianem
1292 5154 1361 5222 lepis
1374 5154 1403 5209 in
1421 5154 1518 5222 atiquo
1534 5152 1713 5222 particulari
1727 5170 1796 5206 caso
1812 5160 1841 5207 et
1854 5156 1974 5223 permit-

270 5238 352 5308 eujus
370 5254 469 5293 nomen
487 5239 515 5292 in
536 5241 705 5313 genealogiis
725 5238 850 5309 inprimis
867 5239 1062 5305 annotabatur,
1076 5245 1107 5294 ut
1119 5224 1122 5325 ἰ
1133 5249 1190 5293 tere
1208 5257 1286 5294 secas
1304 5240 1376 5307 fieri,
1396 5256 1480 5309 qrrarn
1498 5238 1545 5293 lea
1560 5238 1745 5308 praecipiat,·
1783 5239 1814 5291 in
1833 5240 1974 5295 Deutero-

271 5330 397 5379 constare
417 5332 523 5391 posset,
547 5341 580 5379 ex
599 5343 654 5397 qua
673 5325 748 5381 tribu
766 5330 795 5380 ct
811 5323 918 5379 familia
937 5323 1051 5379 Messias
1071 5326 1108 5380 sit
1119 5332 1122 5371 Ι
1133 5326 1225 5380 nomia
1243 5334 1337 5379 autem
1347 5326 1437 5395 plane
1456 5324 1544 5379 statui
1562 5324 1650 5393 legun
1662 5324 1815 5393 jubentem,
1834 5330 1975 5396 atsi-ater

270 5408 442 5480 nasciturum
473 5410 591 5481 proinde
616 5412 702 5467 voluit
720 5410 799 5467 Deus
823 5410 875 5466 hac
898 5410 1013 5481 speciali
1037 5411 1108 5483 lege,
1134 5402 1247 5467 oaorem
1264 5411 1375 5481 pratris
1401 5410 1542 5463 demortui
1563 5413 1663 5475 ducat,
1688 5418 1713 5464 et
1733 5428 1860 5481 posnam
1883 5420 1975 5467 mane

270 5512 342 5567 quae
361 5504 404 5553 est
420 5502 449 5552 et
472 5498 543 5551 certi
559 5498 705 5567 temporis,
726 5504 751 5551 et
771 5498 843 5552 certi
855 5496 974 5567 populi,
995 5504 1021 5551 et
1039 5498 1110 5551 certi
1136 5498 1262 5568 pressari
1292 5497 1471 5564 irrogantem.
1516 5496 1742 5568 Respondemus:
1768 5497 1901 5569 quamvis
1931 5499 1975 5555 lex
