4020 6022
171 283 230 342 seo
684 359 687 365 Ι
758 270 880 330 nocue
896 269 1101 331 wensinus
1119 270 1288 340 cunnus

168 428 260 502 ipsius
279 429 333 485 Dei
361 431 534 486 institutione
562 438 627 484 eunt
653 447 710 485 nna
743 444 811 485 earo
842 424 943 482 Gener.
975 431 999 488 2,
1027 442 1159 482 reuocare
1172 436 1240 497 post
1258 427 1363 483 crimen
1381 428 1544 497 Metiscum,
1570 436 1636 485 tune
1655 447 1712 486 nen
1730 432 1807 485 deest
1824 448 1866 486 re·

168 531 194 568 v.
214 516 373 571 11111111.
395 524 433 585 tt,
453 521 521 574 no.
556 519 596 571 At
621 515 720 571 mulier
749 512 876 570 adultera
895 511 929 566 fit
946 528 1002 566 una
1027 514 1148 568 medium
1168 515 1199 569 in
1218 515 1313 568 divino
1333 515 1450 583 aamiio,
1469 518 1546 585 qnod
1569 517 1676 571 nemini
1688 517 1800 586 petenti
1818 519 1866 571 ds·

168 616 233 658 caro
267 621 330 659 cnm
357 603 483 660 adultero
513 611 535 663 1.
563 603 624 660 Cor.
655 609 680 669 6,
708 621 733 657 v.
754 608 793 660 16.
842 600 917 672 Ergo
945 616 1001 654 non
1026 607 1147 669 ncqatnr
1163 599 1263 658 Matth.
1283 608 1313 656 t:
1332 601 1424 655 Petite
1444 609 1470 656 11
1488 602 1641 671 accipietis.
1678 604 1719 657 Et
1736 621 1794 657 nan
1807 620 1868 657 esse

168 688 288 758 amplius
307 695 350 747 eet
367 707 499 745 unacaro
519 706 581 745 cum
594 689 701 758 marito,
721 695 749 746 et
766 702 1002 760 perconsequene
1027 705 1135 750 novum,
1165 695 1195 740 nt
1219 687 1283 757 qais
1302 695 1419 757 coqatnr
1437 687 1500 741 eine
1527 705 1580 742 sua
1601 688 1687 761 calpa
1706 692 1749 744 ad
1762 705 1867 760 perpe·

167 774 307 830 vinculum
329 776 484 848 conjugalis
502 777 617 832 unitatis
634 782 677 832 est
704 777 833 832 solutum.
883 771 1001 839 Quando
1028 782 1104 827 tnnm
1122 775 1296 838 coelibatum,
1315 775 1622 844 ostenditrtnqustr'nur
1643 778 1678 830 de
1698 777 1789 830 adscit.
1804 793 1868 831 cos·

167 859 254 932 igitur
279 862 395 916 maritus
419 880 533 918 uxorem
560 862 714 917 adulteram
738 861 853 917 dimittit
871 866 900 917 et
917 857 1001 912 aliam
1021 861 1086 929 jnq.
1105 877 1168 930 cap.
1187 863 1210 914 8.
1229 869 1259 915 nt
1278 862 1305 914 si
1321 862 1398 925 sorte
1410 879 1481 917 anor
1499 863 1536 915 ab
1553 863 1636 918 initio
1652 863 1829 917 matrimonii
1839 861 1868 916 in

168 945 252 1013 ducit,
270 953 326 1001 tam
344 966 400 1003 uon
417 955 522 1019 peccat,
542 965 624 1020 qnam
646 947 669 1002 si
688 953 883 1019 postmortem
902 943 1000 1017 prioris
1028 947 1149 999 morium
1169 948 1279 1001 incidat
1296 955 1322 1000 ct
1341 947 1370 999 in
1391 964 1422 1002 eo
1436 950 1576 1017 perduret
1593 966 1679 1018 usqne
1692 951 1733 1002 ad
1751 956 1867 1002 monem

167 1032 295 1103 conjugis
315 1033 399 1088 aliam
418 1035 501 1103 ducit,
520 1034 586 1106 quia
600 1040 656 1090 tam
668 1051 718 1104 per
730 1033 898 1089 adulterium
917 1045 1000 1103 petam
1027 1031 1092 1101 viri,
1111 1034 1138 1086 ei
1156 1034 1269 1102 captiua
1288 1035 1409 1087 duamur
1435 1040 1461 1087 et
1487 1034 1549 1087 niro
1574 1035 1677 1088 sciente
1703 1034 1733 1087 in
1752 1050 1867 1087 carcere

167 1133 217 1188 per
246 1124 361 1174 mortem
391 1120 532 1175 vinculum
560 1120 715 1192 conjugalis
744 1119 859 1173 unitatis
885 1118 1000 1178 tollitur:
1027 1119 1071 1171 nal
1088 1119 1160 1172 aiibi
1171 1120 1251 1187 apud
1266 1119 1359 1172 hostes
1369 1127 1506 1188 perpetuo
1519 1121 1601 1185 visat,
1618 1121 1661 1174 sei
1672 1119 1751 1188 jscsts'
1761 1119 1869 1188 nepotii

166 1219 222 1258 non
240 1204 284 1258 hic
303 1204 385 1260 solvit
404 1204 494 1275 homo,
512 1208 561 1262 sed
581 1207 643 1277 ipsa
660 1206 704 1261 lex
722 1204 897 1272 matrimonii,
915 1219 1000 1274 quam
1027 1222 1115 1257 cansa
1141 1204 1241 1258 multas
1268 1221 1358 1258 annos
1389 1205 1420 1257 in
1444 1205 1600 1274 lonqinquo
1624 1206 1738 1273 reqiane
1767 1205 1811 1257 cir
1832 1204 1868 1257 ab

166 1289 293 1346 adultera
315 1291 420 1347 nefarie
446 1299 489 1347 cst
506 1299 680 1365 hanegressa
702 1299 730 1347 11
749 1292 785 1346 ab
816 1292 877 1362 ejus
895 1289 1000 1360 obliga·
1026 1306 1113 1344 neme
1132 1291 1291 1359 disjunctus
1310 1298 1432 1345 manem.
1470 1290 1697 1361 Respondemus:
1717 1290 1756 1346 ad
1776 1291 1868 1360 prius:

167 1375 242 1432 tione
261 1394 321 1433 sese
341 1378 485 1433 cubuerit
513 1378 576 1434 Hoc
593 1385 795 1451 argumentum,
814 1375 888 1448 quod
907 1383 1000 1428 tamen
1027 1376 1145 1434 Suaderi
1163 1393 1197 1430 ac
1215 1376 1321 1431 consuli
1348 1382 1441 1447 potest
1466 1377 1533 1446 viro,
1560 1383 1593 1432 nt
1616 1378 1695 1432 uxori
1721 1376 1867 1432 adulterae

168 1461 328 1532 primarium
361 1470 412 1534 est,
431 1465 616 1521 Bellarminus
645 1482 701 1520 non
732 1464 861 1535 attingit,
891 1462 940 1517 sed
972 1460 1000 1513 in
1026 1463 1162 1534 ignoscat,
1181 1462 1229 1516 sed
1249 1469 1281 1517 ut
1295 1462 1415 1532 jurisuo
1435 1463 1584 1531 renuntiet,
1602 1462 1666 1534 cogi
1683 1462 1791 1535 nequit,
1808 1477 1865 1533 qua

168 1549 347 1619 responsione
367 1551 403 1605 ad
421 1550 604 1621 objectionem
624 1557 649 1606 3.
667 1551 750 1605 affert
774 1548 894 1620 aliquid,
925 1546 1000 1617 quod
1029 1550 1064 1603 de
1081 1566 1112 1604 re
1133 1566 1183 1603 suo
1203 1549 1264 1603 loco
1283 1548 1400 1616 plenius.
1436 1548 1482 1603 Ad
1500 1548 1638 1619 posterius
1658 1548 1787 1616 dicimus,
1804 1565 1866 1603 esse

167 1649 222 1688 non
252 1636 426 1693 mediocriter
451 1636 521 1692 illud
539 1637 693 1692 confirmat
743 1635 869 1688 Etiamsi
890 1632 1000 1704 (inquit)
1027 1635 1162 1689 rationem
1181 1634 1328 1704 disparem.
1367 1634 1401 1687 In
1421 1633 1533 1688 casibus
1553 1634 1615 1701 illis,
1641 1649 1710 1704 quos
1729 1632 1865 1704 Angusti-

166 1720 322 1783 fornic'atio
355 1722 530 1791 spirituale,
573 1723 705 1778 uidelicet
740 1720 921 1783 idolotatria,
960 1719 1001 1770 in·
1028 1739 1080 1775 nus
1100 1720 1224 1787 adducit,
1243 1720 1400 1776 necessaria
1417 1724 1460 1775 est
1476 1720 1650 1774 continentia
1666 1737 1700 1774 ex
1714 1725 1865 1790 praecepto

167 1807 292 1871 fidelitas
311 1815 363 1863 etc.
390 1809 428 1865 sit
456 1810 549 1879 nrnjns
563 1817 709 1880 peccatnm
739 1808 879 1869 eurotam,
910 1813 1001 1859 tamen
1027 1807 1129 1874 divino,
1148 1806 1223 1877 quod
1249 1805 1390 1861 vinculum
1412 1805 1577 1860 matrimonii
1604 1812 1720 1876 excepta
1744 1804 1865 1860 fornica·

168 1895 258 1960 maqis
291 1903 431 1965 rspnqnot
466 1892 598 1965 conjnqio
637 1895 793 1960 fornicatio
832 1892 1001 1960 corporalis,
1027 1892 1110 1947 tlonis
1129 1908 1215 1948 causa
1232 1892 1331 1951 statuit
1350 1907 1410 1946 esse
1429 1890 1586 1959 insolubile,
1604 1890 1667 1945 ideo
1686 1906 1784 1961 preces
1803 1906 1865 1960 pos·

167 1986 193 2032 et
211 1980 275 2034 ideo
297 1981 326 2032 si
347 1981 502 2042 fornicatio
521 1980 684 2050 spiritualis
708 1980 829 2034 solveret
851 1979 1001 2042 uinculum,
1028 1984 1093 2032 sunt
1110 1977 1160 2032 niti
1182 1978 1363 2048 promissione
1381 1976 1484 2034 divina.
1520 1974 1576 2032 Sed
1598 1977 1627 2030 in
1647 1993 1714 2031 cun
1733 1974 1864 2035 adulterii

166 2066 287 2120 solueret
316 2067 401 2120 diam
429 2067 597 2136 corporatis.
646 2065 688 2119 Ex
717 2080 750 2119 eo
775 2064 815 2118 sic
832 2064 1000 2134 colligimus:
1028 2063 1104 2119 Deus
1128 2064 1189 2134 ipse
1211 2064 1342 2127 ostendit,
1364 2063 1471 2118 licitum
1498 2080 1559 2118 esse
1587 2063 1734 2118 divortium
1751 2077 1786 2119 ac
1804 2061 1865 2118 fieri

39 2158 94 2204 xva
106 2159 151 2206 tta
166 2149 310 2222 Quidquid
325 2152 363 2207 ita
372 2159 572 2225 comparatum,
582 2161 614 2210 ut
623 2152 713 2225 magis
723 2158 860 2223 repugnet
871 2151 1001 2224 conjugio
1028 2156 1193 2221 potestatem
1212 2150 1356 2205 ducendae
1375 2149 1488 2204 alterius
1509 2150 1643 2221 conjugis.
1666 2150 1710 2204 Ac
1728 2164 1864 2221 perquam

166 2253 249 2309 quam
268 2238 420 2308 spiritualis
444 2239 590 2295 fornicatio
612 2240 656 2295 vel
681 2239 769 2292 ullum
794 2237 871 2291 aliud
889 2237 1001 2304 crimen,
1027 2237 1178 2291 absurdum
1191 2242 1234 2291 est
1252 2242 1383 2304 statuere,
1403 2236 1531 2290 maritum
1544 2235 1636 2290 vocari
1648 2235 1684 2290 ad
1698 2241 1864 2306 perpetuam

164 2331 278 2394 propter
309 2322 380 2377 illud
406 2341 462 2379 non
490 2331 600 2382 tantum
628 2323 767 2397 separatio
792 2322 884 2394 quoad
902 2330 1001 2386 torum,
1028 2323 1226 2379 continentiam
1254 2329 1367 2394 propter
1398 2322 1492 2376 uxoris
1524 2321 1699 2377 adulterium.
1739 2320 1863 2377 Alberic.

165 2408 239 2464 sicut
264 2408 300 2464 ob
317 2409 373 2465 alia
400 2410 531 2481 crimina,
562 2412 612 2468 sed
638 2413 722 2468 etiam
742 2409 880 2480 separatio
910 2409 1000 2482 quoad
1028 2408 1148 2465 Gentilis
1166 2409 1215 2466 lib.
1228 2414 1253 2464 6.
1266 2408 1301 2464 (11
1315 2415 1392 2479 nupt.
1405 2425 1466 2479 cap.
1485 2414 1523 2464 tu.
1542 2407 1644 2479 inquit:
1666 2407 1778 2462 Caresus
1792 2408 1864 2462 iiius

165 2494 307 2549 vinculum
324 2494 384 2551 fieri
404 2502 505 2568 potest.
544 2498 599 2556 Sed
624 2495 851 2554 adulterium-est
869 2495 909 2550 ita
927 2511 1000 2550 com·
1028 2504 1054 2550 et
1079 2496 1185 2550 nmiies
1209 2496 1282 2550 ninii
1306 2495 1409 2549 habent
1432 2511 1574 2550 commune
1593 2513 1654 2549 cnm
1674 2512 1764 2548 cansa
1780 2496 1862 2549 adsti-

164 2589 300 2652 paratum.
335 2582 419 2653 Ergo.
1027 2583 1099 2646 terii,
1124 2582 1250 2652 proinde
1279 2590 1311 2635 nt
1344 2582 1458 2637 uariare
1488 2598 1571 2634 casus
1603 2588 1630 2634 et
1661 2598 1718 2634 non
1747 2581 1864 2636 variare

36 2669 106 2715 Νι
200 2671 259 2724 sta.
296 2666 394 2722 Altera
420 2668 491 2723 ratio
519 2669 606 2741 petita
639 2675 681 2724 est
714 2685 749 2723 es:
780 2667 935 2735 multiplici
961 2668 1002 2720 ad
1026 2669 1172 2733 rationem,
1190 2667 1263 2721 aiiii
1276 2674 1318 2722 est
1333 2668 1376 2722 ita
1388 2667 1541 2721 identitare
1560 2684 1644 2720 cesus
1663 2674 1690 2721 et
1708 2684 1766 2720 non
1783 2667 1862 2722 iden·

35 2721 136 2825 {iiiiii
165 2753 320 2806 atsnrdrm
340 2755 515 2810 deductione.
554 2762 575 2812 1.
602 2756 630 2812 Si
659 2755 734 2827 parti
760 2751 901 2811 innocenti
926 2751 1002 2809 facto
1026 2756 1110 2810 titare
1132 2755 1279 2822 rationem,
1302 2753 1373 2808 nitri
1399 2762 1447 2810 est.
1488 2758 1511 2808 3.
1538 2752 1568 2810 si
1594 2770 1649 2808 non
1675 2752 1773 2809 liceret
1789 2754 1864 2826 parti

28 2826 151 2919 ‘''Ji'ffm
166 2844 280 2910 propter
292 2839 458 2896 adulterium
472 2841 590 2897 divortio
607 2859 662 2897 non
681 2847 754 2898 esset
770 2839 936 2912 permissum
952 2838 1001 2893 ali-
1027 2840 1166 2896 innocenti
1191 2840 1267 2895 facto
1285 2846 1399 2910 propter
1424 2839 1592 2895 adulterium
1618 2839 1736 2894 divortio
1759 2858 1863 2895 norum

37 2931 121 2970 enses.
165 2924 203 2979 ud
221 2921 390 2999 conjuginm,
410 2928 472 2998 ipsa
488 2928 644 2999 privaretur
662 2946 713 2984 suo
729 2932 796 3001 iure
815 2932 928 3000 praeter
947 2942 1002 2980 me·
1029 2927 1239 2995 matrimonium,
1253 2925 1379 2981 Christus
1393 2932 1504 2998 cogeret
1513 2926 1633 2996 aliquem
1649 2942 1708 2981 esse
1717 2927 1862 2983 coelibem.

163 3012 247 3067 ritum
272 3019 300 3067 et
325 3014 444 3086 culpam.
481 3015 659 3088 Consequens
682 3021 725 3070 est
744 3016 907 3081 absurdum,
933 3028 1001 3084 ergo
1028 3014 1083 3067 Sed
1102 3028 1273 3083 consequens
1291 3018 1334 3067 est
1351 3011 1510 3068 absurdum.
1546 3011 1622 3084 Ergo
1641 3017 1670 3067 11
1682 3013 1861 3069 antecedens.

163 3104 191 3152 et
208 3100 383 3155 antecedens.
411 3100 551 3156 Connexio
572 3102 714 3172 probatur,
733 3101 799 3174 quia
812 3101 841 3154 in
853 3099 1000 3156 commisso
1026 3098 1166 3154 Connerio
1186 3098 1328 3168 probatur,
1348 3098 1415 3169 quia
1438 3097 1567 3153 Christus
1590 3098 1620 3153 in
1639 3115 1723 3153 cansa
1742 3099 1860 3155 fornica·

162 3183 298 3240 adulterio
327 3190 436 3240 tantum
465 3203 522 3242 una
544 3204 609 3257 pars
627 3187 752 3259 deliquit,
776 3188 856 3258 cujus
885 3187 998 3258 culpam
1024 3185 1106 3240 tionis
1124 3185 1271 3239 divortium
1289 3185 1414 3255 permisit
1431 3183 1529 3239 Matth.
1550 3193 1573 3253 5,
1593 3203 1618 3241 r.
1637 3190 1678 3241 32.
1697 3201 1721 3239 c.
1737 3190 1778 3252 19,
1793 3203 1820 3242 r.
1835 3193 1859 3243 9.

161 3275 218 3324 tam
237 3286 292 3325 non
312 3276 404 3340 potest
415 3288 466 3326 nec
478 3272 562 3327 debet
578 3272 655 3328 luere
667 3290 732 3343 pars
751 3273 893 3341 innocens,
912 3288 997 3343 quam
1024 3278 1054 3326 at
1077 3271 1100 3326 si
1127 3270 1204 3325 sacto
1228 3270 1346 3325 divortio
1368 3287 1423 3324 non
1444 3270 1540 3325 liceret
1557 3270 1640 3325 sliam
1658 3271 1767 3329 ducere,
1794 3287 1860 3340 pars
1872 3263 1958 3306 ΠΗ*

163 3371 229 3425 pars
246 3356 351 3426 injuste
365 3356 475 3410 deserta
492 3355 601 3427 culpam
614 3358 761 3412 desertoris
774 3358 996 3426 veldesertricis,
1024 3359 1154 3412 innocens
1176 3361 1321 3428 cogeretur
1340 3355 1377 3409 ad
1401 3356 1575 3412 coelibatum.
1610 3356 1775 3411 Assumtum
1793 3373 1858 3426 pro·

162 3457 245 3513 quarn
263 3447 349 3513 negat
365 3441 506 3511 apostolus
518 3443 644 3497 servituti
659 3459 718 3497 esse
736 3443 890 3512 subjectam
907 3449 918 3498 1
933 3442 994 3500 Cor.
1021 3445 1106 3500 batur
1119 3460 1152 3498 ex
1169 3442 1267 3497 Matth.
1282 3447 1322 3510 19,
1335 3459 1360 3496 r.
1379 3448 1420 3496 12:
1443 3441 1500 3504 Qui
1514 3449 1604 3512 potest
1617 3459 1725 3512 capere,
1746 3445 1858 3514 capiat:

162 3534 232 3585 ’1.1.
252 3534 290 3583 15.
325 3528 487 3582 Assumtum
506 3528 689 3598 probatnr'ex
709 3530 808 3599 regula
822 3531 894 3600 juris
913 3544 995 3584 cano·
1022 3531 1143 3601 itemque
1167 3545 1200 3584 ex
1218 3528 1266 3583 illo
1290 3527 1442 3599 apostolico
1468 3534 1490 3583 1.
1514 3527 1576 3584 Cor.
1597 3535 1621 3593 t,
1639 3546 1662 3584 r.
1686 3535 1719 3585 9:
1752 3529 1787 3584 Si
1803 3548 1859 3584 non

59 3670 61 3675 ,
161 3613 216 3668 uici
234 3629 258 3669 c.
286 3612 353 3668 Sine
370 3612 454 3682 eulpa
474 3613 509 3668 de
537 3629 595 3684 reg.
623 3614 696 3684 juris
719 3614 748 3668 in
768 3621 792 3669 11.
811 3614 995 3670 Bellarminus
1023 3617 1171 3683 continent,
1190 3615 1304 3684 nubant,
1321 3615 1421 3668 melias
1438 3615 1679 3669 estenimnnbere
1699 3633 1784 3685 qnam
1804 3618 1859 3671 nri.

161 3699 273 3771 excipit,
292 3717 408 3753 cansam
421 3700 548 3768 aliquam
564 3701 611 3755 iiie
628 3701 748 3764 subesse,
768 3702 921 3770 etquidem
937 3719 996 3754 ma-
1023 3703 1138 3774 Excipit
1152 3701 1345 3770 Bellarminus,
1368 3701 1507 3756 Christum
1519 3702 1645 3756 01101110
1661 3704 1796 3758 neminem
1816 3720 1859 3757 eo·

161 3789 273 3854 cimam,
293 3786 361 3854 qnia
378 3786 518 3840 vinculum
530 3787 643 3856 prioris
662 3795 764 3852 manet,
782 3795 808 3840 et
826 3788 895 3856 qnia
916 3788 995 3842 Chri·
1022 3807 1095 3859 qere,
1114 3796 1145 3842 nt
1162 3789 1200 3842 sit
1217 3788 1332 3855 coelebs,
1356 3796 1448 3841 tannen
1471 3804 1569 3853 capere
1595 3787 1731 3842 hominem
1758 3799 1789 3844 nt
1806 3797 1859 3845 stet

160 3880 221 3927 11111
245 3872 383 3941 prohibet,
416 3879 442 3925 et
471 3872 539 3941 quia
558 3874 641 3941 fieret
663 3873 762 3942 priori
787 3873 905 3942 injuria.
941 3873 996 3928 Sed
1020 3874 1176 3946 promissis,
1201 3890 1234 3927 cr:
1255 3891 1310 3943 qno
1342 3881 1539 3943 consequenter
1569 3890 1654 3944 saepe
1678 3874 1801 3941 aceidm,
1829 3885 1859 3928 at

161 3973 261 4013 causas
275 3957 336 4013 illas
355 3974 416 4012 cese
430 3963 556 4013 renuet
573 3957 651 4013 fictas
668 3958 843 4013 ostendemus
858 3976 908 4014 suo
927 3958 996 4013 loco.
1023 3968 1141 4029 eaqatar
1161 3976 1220 4012 esee
1246 3959 1363 4012 coelebs.
1392 3959 1445 4023 Qut
1466 3959 1537 4012 enim
1557 3961 1631 4014 vonit
1651 3960 1857 4029 continentiam,

163 4049 188 4100 2.
206 4042 237 4101 si
255 4062 310 4098 non
332 4044 425 4098 liceret
443 4045 516 4114 parti
535 4045 675 4099 innocenti
694 4062 806 4099 uxorem
825 4044 934 4112 ducere,
954 4043 995 4097 di·
1023 4048 1132 4114 coqitnr
1147 4048 1267 4100 reddere
1286 4054 1351 4100 notu
1363 4063 1417 4100 ena
1433 4053 1460 4099 et
1477 4045 1518 4100 sic
1536 4047 1647 4116 copitar
1658 4062 1715 4100 esse
1733 4047 1857 4114 emisit,-

160 4130 279 4185 sortium
293 4147 311 4184 a
323 4130 396 4184 Filio
412 4128 465 4185 Dei
483 4147 644 4185 concessum
663 4132 691 4184 in
706 4146 791 4185 causa
807 4121 997 4185 fornicationis
1022 4140 1049 4186 et
1065 4134 1115 4201 qai
1132 4133 1211 4186 duait
1229 4149 1352 4196 acorem,
1366 4132 1509 4201 promisit,
1525 4149 1555 4185 se
1579 4132 1634 4186 iiia
1657 4133 1764 4186 0101111
1786 4132 1859 4186 nssiii

161 4216 230 4271 nihil
255 4216 333 4270 eliud
360 4223 433 4272 esset
461 4232 543 4287 quem
564 4217 679 4288 laqueus
703 4216 889 4271 conscientiae
909 4216 995 4285 conji·
1023 4222 1219 4287 astructorem,
1239 4219 1273 4271 id
1289 4218 1362 4271 enim
1379 4218 1498 4287 requirit
1514 4219 1655 4272 nincnlnm
1672 4220 1856 4286 matrimonii,

160 4302 236 4359 ciens
256 4301 380 4357 homines
399 4303 428 4356 in
448 4303 570 4357 ustiones
588 4309 616 4358 et
635 4303 839 4370 fornicationes,
869 4302 996 4372 adeoque
1022 4308 1098 4375 qnod
1126 4313 1167 4359 est
1192 4305 1304 4358 omnino
1329 4303 1486 4372 insolubile,
1513 4322 1547 4358 ac
1573 4306 1697 4374 proinde
1720 4306 1749 4358 si
1767 4324 1787 4360 a
1804 4323 1855 4359 sua

160 4387 277 4442 inirem
296 4388 475 4459 etjudicium
494 4387 556 4443 Dei.
582 4388 760 4461 Consequens
778 4386 994 4444 estabsnrdum.
1022 4393 1149 4451 eontinet,
1178 4391 1287 4458 sopitur
1317 4408 1374 4444 esse
1410 4392 1525 4445 coelebs.
1575 4391 1746 4460 Apostolum
1777 4392 1855 4447 addit

116 4492 120 4498 ·
160 4472 236 4546 Ergo
256 4479 284 4530 et
301 4473 477 4529 antecedens.
512 4472 651 4529 Connexio
675 4473 817 4545 probatur,
843 4490 908 4527 nans
924 4472 996 4527 sorte
1021 4478 1174 4531 rectissime
1193 4477 1297 4531 dirisse
1316 4477 1416 4530 melias
1433 4493 1491 4529 esse
1510 4476 1612 4530 nubere
1629 4493 1713 4546 quam
1730 4478 1787 4547 nri,
1806 4479 1856 4534 sed

162 4576 280 4630 persona
296 4559 347 4614 illa
364 4560 496 4614 innocens
519 4576 573 4613 non
600 4559 715 4613 habebit
734 4560 836 4614 donum
854 4559 995 4615 contiuen·
1020 4581 1077 4617 nen
1097 4563 1211 4625 (1111111.
1228 4561 1329 4616 melius
1349 4572 1414 4615 esse
1434 4562 1578 4615 moechari
1598 4580 1681 4631 qnam
1706 4563 1762 4631 nri,
1786 4579 1854 4618 moe

158 4645 224 4708 tiae,
242 4645 304 4701 ideo
322 4646 351 4700 in
377 4651 513 4716 perpetua
540 4645 649 4702 ustione
667 4646 830 4715 versabitur,
855 4662 927 4717 quae
945 4647 994 4701 im·
1021 4651 1103 4704 citari
1119 4657 1209 4703 autem
1236 4665 1305 4714 enm,
1330 4649 1381 4717 qni
1400 4648 1507 4702 sinente
1533 4649 1634 4717 priore
1656 4649 1747 4703 aliam
1771 4650 1855 4719 decit,

159 4732 238 4802 pedit
261 4731 464 4787 invocationem
491 4731 545 4787 Dei
572 4738 622 4786 eut
646 4733 729 4787 etiam
749 4733 778 4787 in
800 4733 995 4789 fornicationes
1022 4738 1103 4789 docet
1120 4736 1267 4804 apostolas
1287 4736 1368 4789 Rom.
1388 4736 1410 4788 7.
1439 4733 1661 4806 Respondemus:
1683 4734 1856 4790 haecomnia

159 4822 189 4872 et
214 4816 353 4871 adulteria
379 4816 617 4887 praecipitabitur.
652 4817 763 4888 Excipit
791 4817 992 4874 Bellarminus:
1021 4821 1090 4876 nihil
1118 4820 1195 4875 eliud
1222 4829 1287 4875 sunt
1312 4836 1395 4892 quam
1421 4836 1514 4874 merae
1543 4820 1691 4889 petitiones
1718 4821 1854 4892 principii.

158 4907 217 4955 Ant
232 4920 357 4971 persona
378 4904 510 4958 innocens
533 4910 629 4973 potest
647 4922 702 4957 non
727 4904 870 4958 dimittere
897 4909 992 4974 conju·
1022 4909 1081 4963 Nec
1100 4907 1235 4976 Christus,
1254 4922 1306 4961 nec
1322 4905 1464 4978 apostolus
1482 4904 1532 4959 ulli
1554 4905 1696 4960 hominum
1716 4909 1855 4962 continen-

157 5004 227 5058 qem,
246 4989 291 5042 vei
310 4997 382 5042 certe
396 4997 464 5058 post
483 4990 673 5043 dimissionem
688 4998 782 5059 potest
798 4991 994 5053 reconciliari;
1019 4994 1075 5049 tiae
1091 4994 1164 5047 dono
1178 4992 1312 5048 destituto
1325 4991 1471 5062 imponunt
1483 4991 1636 5046 coelibatus
1646 4992 1757 5062 jugum.
1783 4992 1856 5058 Quid

156 5081 209 5128 urst
237 5073 347 5143 sopitur
374 5075 512 5128 dimittere
539 5093 589 5129 nee
614 5083 706 5145 potest
732 5077 922 5130 reconciliari.
961 5077 996 5130 ss·
1020 5081 1055 5134 de
1085 5086 1148 5133 voto
1173 5079 1325 5133 coelibatus
1355 5077 1543 5141 statuendum,
1570 5077 1689 5131 diximus
1720 5080 1856 5150 superius.

158 5162 242 5215 rietur
258 5160 391 5230 primum,
414 5169 472 5215 tum
494 5163 592 5216 nrdlns
617 5164 804 5217 cometentiae
832 5165 994 5216 metuendas
1019 5164 1169 5219 Promiseio
1194 5163 1314 5219 foederis
1338 5171 1367 5219 et
1393 5163 1506 5218 unitatis
1539 5163 1696 5234 coniugalis
1722 5170 1765 5219 est
1789 5165 1855 5220 reci·

158 5254 198 5301 est
226 5246 361 5316 laquens,
392 5246 473 5301 iubet
501 5249 575 5302 enim
595 5266 723 5317 peream
747 5248 879 5303 innocens
907 5265 992 5303 reme·
1019 5266 1111 5321 proca.
1147 5248 1188 5305 Ut
1221 5249 1294 5304 enim
1324 5250 1438 5304 maritus
1469 5248 1602 5319 promisit,
1633 5265 1663 5304 sc
1696 5266 1783 5305 uxore
1819 5249 1857 5303 ri·

160 5334 237 5387 AEum
254 5342 400 5403 paratum,
418 5334 446 5385 si
462 5335 602 5390 continere
622 5353 677 5390 non
691 5342 794 5404 potest,
811 5335 945 5388 nimirum
963 5344 993 5390 nt
1005 5316 1008 5375 l
1020 5342 1102 5415 nepte
1119 5335 1189 5389 nulli
1208 5336 1400 5404 adhaesurum,
1421 5334 1460 5389 sic
1486 5334 1608 5389 vicissim
1633 5350 1703 5388 uxor
1724 5336 1858 5406 promisit,

157 5421 303 5490 eonjnqsm
328 5437 384 5474 non
410 5421 543 5489 dimittat,
568 5430 617 5475 ant
634 5423 769 5475 dimissae
787 5422 992 5478 reconcilietur.
1019 5437 1049 5475 ss
1064 5421 1174 5476 virente
1187 5421 1763 5493 maritonulliadhaesuramqquodsiergo
1776 5422 1857 5477 alter·

160 5504 195 5563 ss·
210 5523 266 5560 noe
284 5506 370 5561 liceat
386 5513 436 5560 aut
450 5522 506 5559 non
525 5509 658 5579 expediat
674 5524 789 5562 nemen:
806 5507 927 5560 retinere
943 5516 992 5562 ant
1019 5507 1092 5561 ultra
1108 5523 1174 5578 pars
1191 5524 1209 5562 a
1227 5507 1289 5578 lege
1306 5506 1440 5562 soederali
1465 5522 1517 5576 per
1544 5506 1711 5562 adulterium
1731 5507 1857 5581 discedit,
